4432 6336
627 498 687 557 DE
711 497 1014 570 ADQUIBENDO
1037 497 1194 559 RERUM
1217 496 1420 559 DOMINIO
1770 503 1819 579 87

229 648 319 747 quia
333 657 470 724 contra
483 649 612 748 ipsum
626 674 705 725 non
720 656 828 725 tenet
843 650 961 726 assisa
976 674 1085 725 novae
1101 648 1305 726 disseisinae
1320 672 1391 724 nec
1406 646 1541 725 mortis
1559 649 1818 737 antecessoris,

229 767 319 865 quia
336 766 396 843 si²¹
414 793 545 844 servus
563 767 634 843 sub
652 775 846 865 potestate
864 768 1096 844 constitutus
1116 767 1249 867 primae
1268 767 1367 844 facie
1385 767 1524 844 habeat
1544 766 1739 866 querelam
1758 766 1819 844 vel

229 885 429 975 actionem,
447 885 624 963 dominus
642 895 777 963 contra
794 887 924 985 ipsum
940 887 1056 963 habet
1074 895 1357 986 competentem
1375 887 1640 984 exceptionem
1658 887 1818 964 servitu·

228 1005 278 1082 tis
296 1014 336 1082 et
353 1030 485 1082 servus
504 1004 652 1081 nullam
671 1006 970 1105 replicationem.
993 1005 1072 1083 Sed
1091 1030 1211 1104 quare
1230 1005 1443 1083 nonhabet
1463 1005 1640 1082 dominus
1661 1005 1819 1083 assisam

227 1149 335 1200 novae
353 1124 557 1202 disseisinae
575 1123 707 1201 statim
725 1149 813 1201 cum
831 1150 962 1202 servus
982 1125 1053 1201 sub
1072 1132 1266 1222 potestate
1284 1149 1355 1201 sua
1373 1125 1605 1202 constitutus
1625 1134 1817 1202 tenemen-

228 1252 314 1321 tum
342 1243 567 1343 adquisierit
594 1271 642 1321 ex
671 1270 912 1344 quacumque
940 1269 1068 1334 causa,
1097 1271 1185 1321 cum
1215 1245 1367 1322 dicatur
1396 1246 1499 1345 quod
1530 1246 1717 1345 quidquid
1747 1272 1819 1346 per

228 1391 381 1442 servum
399 1364 616 1464 adquiritur
633 1365 674 1441 id
692 1366 847 1442 domino
866 1366 1104 1464 adquiritur?
1123 1367 1181 1445 Et
1200 1366 1304 1443 unde
1322 1366 1476 1445 videtur
1494 1368 1598 1466 quod
1618 1369 1750 1446 statim
1769 1395 1818 1446 ex

228 1512 305 1586 quo
325 1512 457 1565 servus
477 1497 536 1565 est
556 1489 597 1564 in
617 1487 866 1588 possessione,
887 1489 992 1586 quod
1013 1489 1190 1566 dominus
1211 1514 1282 1588 per
1304 1515 1391 1566 eum
1413 1490 1595 1589 possidet,
1617 1499 1656 1567 et
1679 1490 1763 1567 ideo
1787 1490 1818 1567 si

228 1634 359 1686 servus
377 1607 536 1686 eiciatur
552 1610 655 1707 quod
672 1609 848 1686 dominus
865 1635 936 1709 per
953 1610 1081 1709 ipsum
1097 1610 1147 1688 sit
1163 1611 1314 1687 eiectus.
1334 1610 1438 1687 Item
1456 1612 1559 1710 quod
1577 1637 1648 1711 per
1666 1636 1819 1688 servum

228 1730 456 1829 adquiritur,
479 1730 519 1806 id
543 1730 698 1806 domino
721 1729 949 1829 adquiritur,
973 1733 1090 1808 etiam
1113 1731 1295 1808 nescienti
1319 1739 1359 1807 et
1381 1733 1578 1830 ignoranti
1601 1732 1669 1810 et¹⁸
1694 1733 1818 1810 adhuc

227 1851 443 1928 dormienti.
469 1852 538 1927 Ad
565 1853 668 1950 quod
694 1852 881 1952 imprimis
908 1852 1117 1930 videndum
1143 1852 1216 1930 erit
1241 1863 1375 1931 utrum
1404 1879 1535 1932 servus
1563 1853 1818 1954 perquisitum

228 1973 365 2051 fecerit
391 1973 544 2050 nomine
572 2000 642 2050 suo
670 1973 830 2072 proprio
857 1974 919 2050 vel
948 1975 1101 2051 nomine
1129 1974 1273 2051 domini
1302 1973 1400 2051 sui.1⁴
1432 1976 1477 2052 si
1504 1985 1636 2053 autem
1663 1975 1817 2053 nomine

227 2094 370 2184 domini
387 2095 445 2170 sui
461 2093 527 2171 et²⁶
545 2095 595 2171 ad
611 2121 710 2194 opus
727 2094 899 2171 domini¹⁸
916 2097 1124 2195 stipulatus
1143 2096 1262 2173 fuerit
1279 2106 1317 2174 et
1334 2096 1609 2186 6011111611,ιτ
1627 2097 1667 2174 id
1686 2098 1818 2175 statim

226 2217 444 2315 adquiritur
465 2216 621 2293 domino
643 2243 713 2316 per
735 2244 888 2294 servum
910 2217 1008 2294 sicut
1030 2244 1101 2316 per
1123 2228 1413 2317 procuratorem
1436 2243 1560 2309 suum,
1584 2228 1623 2296 et
1645 2220 1816 2318 quando·

226 2361 388 2436 cumque
406 2336 565 2415 servus¹⁸
581 2339 722 2416 eiectus
740 2339 870 2429 fuerit,
887 2339 1019 2416 statim
1033 2340 1219 2439 competit
1237 2340 1356 2417 assisa
1372 2341 1527 2417 domino
1544 2352 1583 2419 et
1599 2366 1679 2417 non
1695 2367 1815 2418 servo.

228 2459 271 2536 Si
291 2468 422 2537 autem
440 2460 522 2536 vice
538 2486 650 2537 versa
669 2461 878 2560 stipulatus
898 2462 947 2539 sit
967 2487 1098 2538 servus
1119 2461 1190 2538 sibi
1210 2462 1311 2562 ipsi²⁹
1333 2471 1372 2540 et
1391 2488 1471 2539 non
1491 2463 1657 2553 domino,
1678 2463 1717 2540 id
1738 2489 1818 2540 non

226 2579 359 2656 statim
373 2579 590 2678 adquiritur
605 2580 759 2656 domino
775 2581 948 2679 quamvis
964 2580 1088 2658 illud²⁰
1104 2582 1154 2658 sit
1169 2582 1240 2658 sub
1255 2581 1455 2659 voluntate
1472 2590 1511 2658 et
1526 2592 1719 2682 potestate
1736 2609 1816 2672 sua,

226 2709 435 2799 antequam
450 2702 627 2777 dominus
645 2701 907 2800 apprehensus
925 2702 1044 2778 luerit
1061 2703 1349 2802 possessionem,
1367 2704 1470 2801 quod
1488 2703 1642 2802 quidem
1659 2705 1818 2802 impune

227 2819 354 2897 lacere
372 2820 543 2919 poterit²²
561 2822 592 2898 si
608 2820 773 2899 voluerit
790 2832 953 2921 propter
969 2823 1235 2921 exceptionem
1255 2849 1338 2921 quae
1356 2824 1390 2900 ei
1409 2824 1606 2922 competit,
1624 2834 1663 2902 et
1682 2834 1817 2901 contra

226 2968 344 3041 quam
358 2943 397 3018 in
410 2943 482 3018 hoc
496 2967 587 3020 casu
602 2943 710 3019 nulla
724 2945 908 3043 competit
922 2944 1133 3043 replicatio,
1150 2946 1243 3021 dum
1257 2953 1390 3022 tamen
1405 2946 1488 3044 ipse
1504 2947 1679 3023 dominus
1698 2947 1817 3040 faciat

227 3064 427 3141 feoffatori
440 3064 540 3141 servi
554 3066 613 3142 sui
625 3066 666 3141 in
678 3065 865 3164 homagiis
880 3076 918 3144 et
932 3066 1094 3144 servitiis
1110 3076 1148 3144 et
1163 3067 1246 3144 aliis
1261 3068 1365 3166 quod
1381 3093 1511 3145 servus
1527 3068 1654 3145 facere
1669 3077 1816 3146 tenere·

227 3196 304 3265 tur.
328 3187 496 3264 Etcum
519 3187 696 3265 dominus
717 3189 773 3264 ita
794 3189 972 3265 seisinam
993 3189 1169 3265 habuerit
1192 3191 1239 3267 de
1262 3215 1381 3266 manu
1404 3216 1474 3267 sua
1497 3192 1641 3288 poterit
1664 3191 1817 3267 restitu-

226 3309 371 3386 tionem
388 3310 516 3386 facere
531 3336 640 3386 servo
655 3310 716 3386 vel
733 3309 809 3399 alii,
825 3311 982 3388 tenendi
997 3310 1115 3387 libere
1131 3310 1192 3388 vel
1209 3311 1250 3387 in
1265 3311 1481 3409 villenagiO,
1500 3323 1540 3389 et
1557 3321 1699 3389 extunc
1716 3337 1816 3388 com-

228 3431 327 3528 petit
348 3429 503 3507 domino
523 3431 642 3508 assisa
660 3457 767 3507 1011
787 3431 991 3509 disseisinae
1010 3432 1072 3509 vel
1092 3458 1171 3509 non
1191 3433 1387 3533 competit,
1409 3435 1619 3534 secundum
1640 3435 1744 3533 quod
1766 3435 1818 3512 sic

226 3552 289 3628 vel
307 3552 369 3628 616.
390 3554 492 3630 Cum
510 3561 640 3629 autem
655 3554 820 3630 villanus
839 3555 910 3631 sub
928 3563 1121 3654 potestate
1140 3555 1371 3632 constitutus
1391 3555 1443 3632 sic
1462 3556 1611 3633 seisitus
1631 3557 1820 3634 moriatur

228 3683 436 3773 antequam
456 3675 632 3752 dominus
651 3700 789 3773 manus
810 3675 1047 3775 apposuerit,
1068 3676 1212 3776 poterit
1232 3702 1313 3753 esse
1333 3679 1528 3754 contentio
1549 3677 1678 3754 inter²²
1698 3678 1817 3756 domi·

228 3819 322 3870 num
343 3795 442 3871 servi
463 3805 503 3873 et
523 3797 782 3887 feoffatorem,
805 3796 912 3874 cuius
934 3797 1089 3875 illorum
1111 3797 1247 3875 debeat
1269 3824 1350 3875 esse
1372 3797 1533 3875 eschaeta
1553 3806 1818 3875 tenementum

227 3918 280 3996 616
292 3944 363 4018 per
374 3944 527 3997 servum
541 3918 785 4018 adquisitum.
800 3918 858 3997 Et
872 3920 1025 3996 videtur
1037 3921 1141 4018 quod
1156 3945 1234 3996 non
1247 3920 1391 4020 poterit
1404 3945 1486 3996 esse
1500 3920 1660 3998 eschaeta
1673 3921 1817 3997 domini

227 4041 257 4116 f.
272 4040 368 4134 2511]
424 4041 514 4139 quia
533 4067 664 4118 servus
682 4042 731 4116 de
749 4067 793 4117 eo
811 4066 891 4117 non
908 4040 1045 4130 tenuit,
1065 4042 1131 4118 sed
1150 4043 1199 4117 de
1218 4068 1287 4118 suo
1308 4042 1526 4118 feoffatore.
1549 4042 1652 4119 Item
1672 4068 1741 4119 nec
1759 4068 1816 4118 es·

227 4161 347 4237 chaeta
363 4161 592 4252 feoffatoris,
609 4187 696 4238 cum
712 4187 844 4239 servus
861 4163 1048 4239 feoffatus
1065 4161 1160 4239 liber
1177 4163 1227 4240 sit
1244 4172 1282 4240 et
1297 4163 1455 4239 heredes
1470 4163 1610 4241 habeat
1628 4173 1818 4262 quantum

227 4281 278 4357 ad
298 4309 412 4359 suum
433 4282 680 4359 feoffatorem
700 4292 864 4383 propter
883 4310 996 4361 suum
1017 4283 1193 4361 factum²⁸
1214 4283 1282 4360 et²⁴
1303 4284 1610 4360 feoffamentum.
1634 4285 1693 4361 Et
1713 4284 1817 4361 unde

227 4405 259 4479 si
282 4402 408 4502 primo
431 4404 617 4480 leoffator
639 4431 679 4482 se
701 4406 874 4505 posuerit
896 4406 937 4482 in
959 4406 1147 4508 seisinam,
1170 4407 1347 4484 dominus
1370 4407 1469 4483 servi
1492 4407 1640 4484 nullam
1663 4407 1817 4486 habebit

227 4553 360 4604 versus
389 4553 478 4604 eum
506 4528 712 4604 actionem:
742 4527 898 4605 heredes
925 4535 1058 4604 tamen
1087 4527 1242 4606 feoffati
1269 4528 1465 4605 habebunt
1494 4528 1653 4606 assisam
1681 4531 1816 4607 mortis

227 4651 487 4740 antecessoris,
502 4661 641 4728 etcum
655 4675 726 4749 per
740 4650 897 4726 assisam
911 4651 1234 4748 recuperaverint,
1248 4658 1342 4726 tunc
1357 4651 1429 4727 erit
1443 4651 1540 4726 illud
1554 4660 1817 4729 tenementum

226 4773 267 4849 in
287 4772 488 4850 voluntate
511 4772 655 4850 domini
678 4772 775 4849 sicut
798 4771 906 4871 prius
930 4769 1034 4847 11111π
1057 4780 1232 4870 tempore
1255 4771 1513 4849 antecessoris.
1538 4772 1597 4849 Et
1621 4773 1817 4850 sciendum

226 4894 330 4994 quod
348 4895 389 4970 in
405 4894 476 4970 hoc
493 4919 585 4971 casu
603 4903 739 4971 contra
756 4917 888 4969 omnes
906 4893 1090 4992 competit
1109 4893 1228 4970 assisa
1246 4891 1381 4970 mortis
1400 4893 1648 4971 antecessoris
1668 4894 1709 4969 in
1728 4919 1814 4993 per·

226 5112 1388 5191 ι1611101100,1111111111,611;111.,01,111,11111611.
1425 5109 1814 5188 1ὀιιι.,01,11111,1111.

225 5212 528 5290 1401.,01,11111,
549 5215 684 5290 11111,
703 5215 770 5275 01.
811 5212 837 5248 ²⁵
849 5212 930 5288 om,
949 5214 1019 5288 01,
1038 5214 1113 5275 111.
1155 5211 1222 5248 ²²²²²
1234 5199 1315 5288 om,
1335 5214 1410 5274 Ma
1452 5211 1479 5246 ²⁷
1491 5216 1656 5290 contraxit,
1677 5214 1716 5290 v,
1738 5213 1816 5292 Mo,

225 5314 526 5391 CM;oontraxerat,
540 5317 579 5376 Y.
612 5313 894 5392 ι’(101111111111,Μ(1,
909 5316 982 5376 CM.
1017 5313 1137 5390 ιο0111,
1151 5316 1229 5391 Mo,
1243 5315 1316 5376 cM.
1353 5313 1379 5350 ²⁰
1390 5314 1434 5389 id,
1449 5316 1527 5390 MG,
1542 5316 1616 5392 cM,
1630 5317 1669 5377 Y.
1706 5314 1815 5396 211)οε-

225 5415 458 5492 61111101.
495 5414 670 5493 ²'etinten
683 5415 753 5493 ΟΛ,
768 5417 835 5492 LA,
850 5417 922 5477 MC.
960 5415 1026 5450 ²²²²²
1037 5418 1119 5492 Om,
1133 5418 1202 5492 OB,
1217 5418 1294 5494 MA,
1309 5417 1384 5478 ΜΒ.
1422 5416 1715 5495 π1116111,1Ι,Μ(1.
