4432 6336
407 481 478 549 152
936 473 1158 534 BRACTON:
1182 472 1242 534 DE
1266 472 1457 534 LEGIBUS

403 623 577 700 custodia
592 649 662 700 sua
675 633 760 702 tota
772 623 854 700 vita
868 649 949 712 sua,
966 626 1033 701 sed
1047 649 1179 702 omnes
1195 624 1346 700 fructus
1361 624 1402 700 in
1417 622 1595 723 proprios
1611 649 1704 700 usus
1718 623 1918 700 convertit.
1936 624 1995 700 Et

404 742 560 841 quando
573 753 687 842 pater
699 743 805 831 obiit,
821 743 950 842 posuit
965 767 1005 820 se
1019 769 1118 844 puer
1131 743 1194 819 ille
1209 743 1409 820 interram
1423 741 1540 831 illam,
1556 752 1596 819 et
1611 769 1723 819 verus
1739 743 1848 820 heres
1863 743 1995 820 statim

403 860 511 938 eiecit
533 860 668 937 eumz¹⁰
689 869 729 937 et
750 887 848 960 puer
869 887 947 938 non
968 861 1222 961 recuperavit,
1246 861 1336 960 quia
1357 871 1471 960 pater
1492 861 1594 961 cepit
1617 861 1786 960 expletia
1808 871 1893 938 tota
1914 862 1996 938 vita

403 1004 484 1067 sua,
505 979 678 1078 quamvis
699 978 886 1057 iuratores
906 980 1076 1058 dicerent
1096 980 1199 1078 quod
1219 980 1289 1056 hoc
1309 981 1403 1057 fecit
1422 979 1570 1056 ratione
1590 979 1770 1056 custodia
1791 980 1902 1079 pueri
1923 979 1993 1055 sui.

404 1097 462 1173 Et
482 1098 512 1174 si
532 1098 640 1174 heres
660 1124 748 1174 eum
766 1097 898 1175 statim
917 1099 1037 1176 eicere
1057 1123 1135 1175 non
1156 1099 1325 1198 posset,²²
1348 1124 1574 1197 recuperare
1594 1107 1725 1198 posset
1745 1124 1816 1197 per
1837 1099 1995 1175 assisam

403 1217 538 1294 mortis
564 1215 824 1306 antecessoris,
851 1226 896 1293 ut
922 1218 970 1294 de
996 1217 1162 1293 termino
1192 1216 1326 1294 Sancti
1353 1216 1540 1294 Miehaelis
1568 1242 1670 1293 anno
1698 1216 1799 1316 regis
1828 1217 1994 1293 Henrici

402 1337 519 1412 tertio
535 1334 741 1435 incipiente
759 1345 909 1434 quarto.
930 1337 1034 1412 Item
1051 1361 1140 1412 cum
1159 1335 1271 1411 simul
1290 1335 1437 1412 fuerint
1456 1334 1496 1411 in
1514 1337 1751 1435 possessione
1771 1336 1935 1413 donator
1954 1344 1994 1413 et

403 1454 639 1543 donatarius,
662 1464 702 1531 et
724 1456 890 1530 donator
912 1454 1030 1531 alium
1053 1454 1275 1531 feoffaverit
1298 1464 1338 1531 et
1361 1455 1402 1530 in
1425 1455 1603 1532 seisinam
1626 1455 1799 1554 posuerit
1822 1465 1861 1532 et
1886 1454 1993 1554 prius

404 1571 613 1649 feoffatum
641 1572 803 1660 eiecerit,
831 1598 901 1671 per
930 1573 1087 1649 assisam
1115 1598 1222 1649 novae
1250 1572 1454 1650 disseisinae
1482 1599 1561 1650 non
1589 1571 1843 1671 recuperabit,
1871 1583 1917 1650 ut
1946 1573 1993 1649 de

401 1691 566 1769 termino
599 1691 732 1768 Sancti
762 1689 948 1768 Michaelis
979 1714 1082 1766 anno
1112 1689 1242 1789 regis²¹
1273 1690 1438 1767 Henrici
1469 1699 1579 1769 sexto
1611 1692 1757 1768 decimo
1789 1690 1994 1790 incipiente

402 1810 567 1908 septimo
588 1809 746 1899 decimo,
768 1811 955 1886 comitatu
979 1809 1187 1898 Suffolciae,
1210 1809 1259 1888 de
1280 1809 1480 1886 Willelmo
1502 1811 1550 1887 de
1573 1810 1759 1886 Fraxino.
1784 1811 1888 1887 Item
1910 1819 1993 1888 esto

402 1929 506 2028 quod
530 1926 614 2026 quis
639 1927 787 2006 dederit
813 1928 925 2004 alicui
950 1928 1195 2007 medietatem
1220 1937 1333 2005 terrae
1359 1953 1436 2004 suae
1461 1930 1501 2005 in
1526 1929 1774 2025 maritagium
1800 1953 1888 2004 cum
1914 1929 1995 2004 filia

401 2073 483 2136 sua,
502 2047 582 2124 sive
599 2055 705 2123 certa
723 2047 772 2124 sit
791 2073 883 2146 pars
903 2047 981 2124 sive
999 2047 1157 2135 incerta,
1175 2057 1215 2124 et
1234 2073 1365 2124 omnes
1385 2047 1426 2123 in
1443 2073 1522 2124 una
1542 2048 1656 2124 domo
1675 2055 1715 2124 et
1733 2049 1869 2124 eadem
1889 2058 1994 2125 terra

401 2165 556 2242 insimul
581 2175 868 2243 commorentur
892 2174 932 2242 et
957 2165 1074 2241 blada
1098 2165 1354 2264 expenderint
1380 2165 1421 2240 in
1447 2165 1651 2254 communi,
1679 2175 1718 2243 et
1744 2166 1911 2242 donator
1937 2167 1993 2242 ita

402 2285 592 2361 moriatur
617 2284 779 2373 scisitus,
806 2309 885 2360 non
910 2283 1052 2360 valebit
1080 2284 1249 2373 donatio,
1277 2293 1322 2360 ut
1349 2284 1397 2360 de
1424 2284 1560 2360 ultimo
1588 2284 1723 2362 itinere
1751 2284 1916 2361 Martini
1944 2285 1993 2361 de

401 2403 615 2481 Pateshilla
629 2404 670 2479 in
684 2402 870 2479 comitatu
887 2401 1095 2491 Suffolciae,
1111 2401 1229 2480 assisa
1244 2427 1352 2479 novar
1368 2401 1583 2493 disseisinae,
1600 2404 1632 2481 si
1648 2402 1870 2480 Anselmus.
1889 2404 1993 2480 Item

401 2525 498 2602 facit
518 2525 569 2601 ad
588 2522 790 2601 materiam
809 2522 923 2599 istam
944 2522 1047 2620 quod
1068 2521 1214 2598 habetis
1235 2521 1283 2597 de
1304 2521 1439 2599 itinere
1462 2521 1629 2599 Simonis
1650 2523 1699 2599 de
1719 2521 1934 2599 Pateshilla
1952 2522 1993 2600 in

399 2642 644 2720 comitatibus
660 2640 892 2742 Leyoestriae
907 2648 947 2717 et
965 2638 1173 2728 Suffolciae,
1188 2639 1254 2715 ubi
1271 2639 1410 2717 dicitur
1426 2640 1530 2739 quod
1547 2640 1578 2717 si
1595 2641 1760 2717 donator
1775 2651 1815 2718 et
1832 2642 1991 2719 donata·

372 2803 375 2810 ·
400 2761 480 2840 rius
501 2760 615 2839 simul
636 2759 784 2837 fuerint
805 2760 845 2835 in
867 2759 1005 2836 seisina
1025 2783 1146 2857 usque
1167 2758 1218 2834 ad
1239 2767 1404 2834 mortem
1426 2759 1635 2848 donatoris,
1657 2760 1746 2837 licet
1768 2759 1991 2837 donatarius

400 2880 530 2957 omnia
555 2880 701 2979 ceperit
726 2878 898 2978 expletio
923 2903 1011 2954 cum
1038 2877 1224 2976 homagiis
1252 2887 1291 2954 et
1320 2877 1570 2954 fidelitatibus
1597 2877 1806 2967 hominum,
1835 2887 1875 2955 et
1902 2879 1991 2954 licet

399 3000 565 3076 donator
584 2997 736 3098 publice
756 3005 993 3096 protestetur
1012 2996 1117 3094 quod
1135 3006 1240 3072 terra
1259 3021 1338 3071 non
1358 2996 1408 3073 sit
1427 3022 1498 3074 sua
1517 2995 1583 3073 sed
1604 2997 1807 3086 donatarii,
1828 3007 1867 3074 et
1888 2998 1992 3096 quod

399 3118 482 3216 ipse
501 3117 551 3194 sit
569 3117 708 3215 hospes
728 3125 767 3192 et
786 3115 986 3191 caritative
1007 3122 1207 3214 susceptus
1227 3125 1272 3192 ut
1292 3114 1442 3214 hospes,
1464 3115 1588 3191 adhuc
1610 3141 1688 3191 non
1708 3115 1851 3193 valebit
1873 3116 1990 3192 dona·

398 3235 466 3324 tio,
489 3234 580 3333 quia
602 3235 767 3311 donator
789 3232 1034 3309 nihilominus
1057 3233 1235 3310 seisinam
1257 3259 1367 3310 suam
1389 3232 1668 3310 continuavit.¹³
1694 3234 1798 3311 Item
1821 3234 1916 3311 facit
1941 3234 1991 3310 ad

399 3353 601 3430 materiam
623 3351 737 3428 istam
758 3352 862 3450 quod
882 3351 1029 3428 hahetis
1050 3349 1119 3428 in¹‘
1140 3351 1277 3428 ultimo
1298 3352 1435 3428 itinere
1457 3353 1623 3428 Martini
1646 3354 1693 3428 de
1716 3353 1929 3430 Pateshilla
1950 3351 1991 3428 in

399 3471 585 3547 comitatu
604 3471 812 3558 Suffoloiae,
829 3471 877 3547 de
894 3470 1062 3568 quodam
1080 3469 1254 3546 Iohanne
1271 3469 1352 3546 filio
1368 3470 1555 3569 Hugonis
1572 3480 1611 3547 et
1628 3471 1760 3546 Alano
1779 3472 1902 3548 fratre
1921 3496 1990 3548 suo

399 3599 595 3668 antenato.
618 3591 742 3666 Casus
764 3588 870 3666 talis:
894 3589 1006 3665 Idem
1027 3589 1182 3665 Alanus
1204 3588 1245 3664 iu
1266 3587 1347 3665 vita
1369 3588 1556 3687 Hugonis
1579 3589 1701 3688 patris
1725 3589 1784 3666 sui
1806 3590 1990 3666 concessit

401 3709 566 3786 Iohanni
585 3708 701 3784 fratri
719 3733 787 3784 suo
805 3714 1000 3805 postnato,
1018 3732 1091 3806 per
1108 3707 1303 3804 quandam
1320 3707 1611 3784 conventionem
1629 3709 1812 3786 intereos
1832 3709 1989 3796 factam,

399 3835 523 3904 totam
546 3826 798 3903 hereditatem
822 3851 906 3923 quae
928 3824 963 3901 ei
986 3824 1216 3901 descendere
1239 3824 1371 3903 debuit
1395 3827 1443 3903 de
1467 3825 1651 3925 praedicto
1676 3825 1852 3924 Hugone
1877 3835 1990 3925 patre

399 3970 533 4022 eorum
551 3945 755 4032 communi,
775 3953 813 4020 et
833 3943 960 4042 Hugo
979 3969 1018 4020 se
1038 3943 1181 4020 dimisit
1199 3943 1241 4020 in
1259 3943 1366 4019 curia
1384 3945 1529 4021 domini
1547 3945 1735 4044 capitalis,
1755 3954 1795 4022 et
1815 3945 1989 4044 capitalis

400 4064 577 4140 dominus
603 4063 706 4162 cepit
731 4062 953 4161 homagium
980 4061 1099 4161 ipsius
1128 4062 1329 4139 Iohannis:
1359 4063 1425 4139 sed
1452 4063 1606 4140 Alanus
1634 4073 1728 4139 tunc
1754 4063 1988 4139 reclamavit.

401 4183 535 4260 Sedet
551 4181 678 4280 Hugo
695 4190 901 4280 postquam
919 4181 1047 4279 posuit
1066 4181 1280 4258 Iohannem
1296 4182 1336 4257 in
1353 4181 1541 4270 saisinam,
1558 4181 1716 4279 vagavit
1733 4208 1804 4281 per
1821 4181 1989 4282 patriam

399 4325 470 4400 per
490 4301 586 4376 duos
607 4325 767 4387 menses,
787 4307 827 4375 et
847 4307 983 4398 postea
1002 4324 1176 4376 reversus
1198 4299 1327 4397 posuit
1349 4325 1389 4375 se
1410 4301 1450 4374 in
1471 4309 1615 4376 terram
1637 4300 1754 4389 illam,
1776 4309 1815 4377 et
1838 4301 1890 4375 sic
1912 4300 1989 4376 fuit

399 4419 440 4494 in
454 4418 592 4494 seisina
606 4443 694 4494 cum
709 4417 893 4517 praedicto
910 4417 1083 4493 Iohanne
1099 4443 1170 4516 per
1185 4442 1307 4494 unum
1323 4443 1468 4494 annum
1485 4428 1524 4495 et
1541 4418 1752 4507 dimidium,
1771 4427 1809 4495 et
1827 4418 1879 4494 sic
1895 4417 1989 4495 obiit

399 4535 429 4610 f.
444 4534 539 4628 50b]
595 4535 756 4612 saisitus.
778 4536 835 4612 Et
856 4535 947 4633 quia
967 4535 1019 4611 sic
1040 4536 1134 4612 obiit
1154 4535 1315 4626 seisitus,
1336 4547 1375 4614 et
1396 4536 1486 4635 quia
1508 4537 1559 4613 sic
1580 4537 1802 4614 reclamavit
1821 4537 1988 4624 Alanus,

398 4663 438 4731 et
455 4652 545 4751 quia
561 4652 667 4728 facta
683 4652 760 4730 fuit
776 4653 966 4730 concessio
982 4655 1030 4729 de
1046 4681 1087 4730 re
1104 4679 1183 4729 non
1199 4665 1371 4744 vacante,
1388 4664 1428 4732 et
1444 4655 1560 4752 longe
1577 4665 1785 4753 antequam
1803 4656 1930 4753 Hugo
1948 4680 1989 4732 se

399 4770 613 4861 dimisisset,
637 4771 740 4848 idem
765 4771 957 4848 Iohannes
982 4771 1122 4849 eiectus
1147 4799 1219 4872 per
1242 4774 1417 4850 Alanum
1443 4774 1619 4850 seisinam
1645 4800 1753 4850 suam
1778 4798 1857 4849 non
1882 4798 1988 4849 recu·

398 4891 548 4989 paravit
566 4915 637 4989 per
654 4889 822 4967 assisam.
843 4891 946 4967 Item
964 4891 1060 4966 facit
1078 4893 1127 4967 ad
1145 4893 1347 4967 materiam
1365 4893 1479 4969 istam
1497 4892 1601 4991 quod
1619 4891 1765 4970 habetis
1785 4892 1833 4968 de
1850 4891 1988 4969 ultimo

396 5009 532 5086 itinere
551 5009 716 5086 Martini
734 5009 782 5085 de
801 5009 1014 5086 Pateshilla
1031 5009 1072 5085 in
1089 5009 1275 5086 comitatu
1294 5009 1532 5086 Lancastriae
1552 5035 1653 5087 anno
1673 5009 1802 5107 regis¹⁸
1822 5009 1988 5087 Henrici

397 5125 639 5216 undecim0‚¹·
654 5126 720 5202 uhi
736 5135 852 5229 capta
868 5128 945 5205 fuit
962 5127 1137 5227 quadam
1153 5130 1282 5205 iurata
1298 5131 1404 5227 apud
1421 5128 1676 5218 Lincolniam,
1694 5128 1726 5205 si
1743 5130 1922 5226 Rogerus
1938 5128 1988 5204 de

397 5295 541 5357 ²⁰statim
558 5299 648 5357 eiecit
663 5301 775 5376 Ipsum,
791 5298 859 5372 OC,
876 5299 952 5359 MG.
991 5297 1017 5331 ¹²
1029 5303 1139 5377 possit,
1156 5299 1195 5374 V,
1213 5299 1288 5360 MA.
1327 5297 1565 5380 ²²regni1egis,
1583 5300 1651 5374 OC,
1670 5301 1746 5374 MG,
1765 5299 1838 5360 cM.
1878 5297 1988 5358 1'eron-

398 5399 510 5471 tinuat,
526 5396 565 5471 V,
583 5397 659 5458 MG.
699 5397 786 5474 ¹⁴de,
803 5398 844 5472 V,
860 5398 929 5473 OA,
946 5399 1014 5475 LA,
1031 5398 1104 5460 MC.
1144 5397 1271 5478 ²⁵regni
1289 5405 1383 5480 regis,
1400 5403 1440 5477 V,
1457 5402 1524 5464 OC.
1564 5401 1689 5463 ²⁸sento
1706 5401 1835 5477 decimo,
1853 5401 1892 5477 V,
1912 5402 1987 5462 ΜΒ.
