4374 6366
731 516 792 576 DE
816 516 1020 579 PLACITIS
1044 518 1233 581 CORONAE
1517 467 1520 472 Ι
1706 532 1779 600 425

290 663 356 741 De
373 663 520 742 actione
536 663 646 758 forti.

192 788 325 863 Imm
343 788 418 863 alia
437 788 579 886 placita
597 814 745 865 coronae
764 815 843 867 non
862 801 919 868 est
938 791 1195 869 omittendum
1214 794 1261 869 de
1280 793 1429 872 actione
1449 797 1558 885 furti,
1578 807 1617 874 et
1636 798 1685 875 de
1704 825 1783 898 qua

190 907 315 982 oritur
334 906 544 1006 appellum,
566 908 739 1005 quamvis
759 909 801 983 in
819 909 977 986 diversis
997 910 1111 986 curiis
1132 911 1338 1010 aliquando
1358 915 1599 1004 terminetur,
1621 917 1720 993 sicut
1741 917 1782 993 in

191 1025 376 1102 comitatu
392 1034 431 1102 et
447 1025 488 1100 in
503 1026 617 1103 curiis
633 1027 832 1116 baronum,
850 1035 889 1104 et
906 1028 1112 1127 aliquando
1130 1030 1170 1105 in
1186 1030 1321 1106 maiori
1338 1033 1445 1107 curia
1462 1033 1582 1132 ipsius
1599 1033 1712 1132 regis.

291 1149 400 1242 Quid
412 1148 462 1227 rit
477 1149 642 1244 fartam.

191 1274 341 1350 Iolrun
353 1273 539 1373 imprimis
551 1273 759 1350 videndum
772 1275 864 1373 quid
876 1275 925 1353 sit
938 1275 1102 1366 furtum,
1116 1277 1237 1377 quot‘¹
1251 1277 1331 1355 eius
1345 1278 1499 1377 species,
1513 1280 1571 1359 Et
1585 1281 1781 1358 sciendum

191 1393 295 1490 quod
312 1393 463 1468 furtum
480 1401 538 1470 ast
556 1393 766 1469 secundum
782 1393 886 1491 leges
904 1395 1156 1472 contrectatio
1172 1396 1227 1472 rei
1246 1396 1377 1473 alienae
1397 1398 1648 1475 fraudulenta
1665 1398 1780 1476 cum⁴¹

191 1509 318 1586 animo
334 1511 504 1600 furandi,
519 1510 639 1587 invito
654 1511 720 1586 illo
735 1510 843 1589 cuius
858 1539 919 1589 res
935 1511 1001 1589 illo
1018 1513 1149 1590 fuerit.
1167 1515 1464 1591 Fraudulenta⁴³
1480 1515 1576 1605 dico,
1593 1515 1683 1617 quia
1700 1518 1780 1594 sine

190 1628 319 1705 ammo
340 1629 498 1705 furandi
520 1655 599 1706 non
619 1630 884 1707 committitur.
908 1630 1015 1706 Est⁴⁴
1037 1631 1180 1708 etiam⁴⁸
1205 1634 1312 1730 quasi
1336 1633 1500 1722 furtum,
1523 1634 1673 1734 rapina,
1696 1660 1781 1735 quoe

189 1748 290 1824 idem
302 1757 361 1824 est
374 1755 563 1846 quantum
576 1749 627 1824 ad
639 1773 709 1824 nos
722 1750 826 1846 quod
838 1747 998 1838 roberia,
1013 1758 1052 1826 et
1065 1749 1171 1827 aliud
1184 1775 1306 1848 genus
1320 1751 1630 1829 contrectationis
1644 1762 1780 1829 contra

190 1864 429 1942 voluntatem
450 1865 606 1954 domini,
627 1875 666 1943 et
687 1865 818 1943 similis
839 1890 956 1965 poena
977 1867 1150 1965 sequitur
1170 1878 1378 1968 utrumque
1400 1870 1593 1960 delictum,
1615 1879 1655 1947 et
1677 1871 1781 1948 unde

189 1984 321 2081 praedo
335 1983 475 2059 dicitur
488 1984 555 2059 fur
566 1984 775 2083 improbus.
790 1985 889 2075 Quis
902 1985 1004 2062 enim
1017 1987 1141 2084 magis
1155 1995 1368 2065 contrectat
1383 2013 1463 2064 rem
1477 1987 1646 2087 aliquam
1658 1989 1780 2065 invito

191 2100 346 2177 domino
360 2128 476 2201 quam
490 2101 554 2178 ille
570 2102 635 2200 qui
650 2101 715 2178 vi⁴⁸
731 2102 855 2202 rapit?

291 2225 401 2318 Quot
414 2225 560 2323 species
574 2224 684 2319 forti.

192 2349 357 2424 Srucms
377 2356 507 2425 autem
526 2349 624 2424 furti
644 2358 735 2426 sunt
754 2349 849 2438 duae,
870 2349 961 2448 quia
980 2349 1085 2427 uliud
1106 2351 1303 2450 publicum
1323 2351 1427 2428 aliud
1449 2353 1656 2451 privatmn,
1677 2352 1780 2428 vide·

189 2467 278 2543 licet
292 2467 543 2544 manifestum
558 2477 597 2544 et
612 2492 691 2544 non
705 2467 966 2544 manifestum.
986 2469 1080 2545 Non
1095 2468 1371 2546 manifestum⁴'
1389 2480 1447 2546 est
1464 2470 1530 2545 ubi
1546 2469 1682 2568 aliquis
1700 2496 1780 2546 sus·

189 2594 325 2685 pectus
344 2594 403 2661 est
422 2586 470 2662 de
489 2586 689 2662 latrocinio
708 2612 779 2685 per
798 2587 944 2663 lamam
965 2588 1111 2686 patriae,
1133 2614 1204 2687 per
1222 2587 1541 2665 indictamentum
1561 2597 1601 2666 et
1620 2597 1779 2676 rectum,

190 2712 230 2780 et
245 2704 312 2779 ubi
328 2730 466 2802 graves
485 2704 802 2803 praesumptiones
821 2705 970 2781 faciunt
989 2713 1125 2781 contra
1142 2704 1311 2804 ipsum.⁴⁸
1332 2704 1437 2781 Sed⁴⁰
1455 2705 1515 2782 si⁶⁰
1533 2705 1683 2782 scisitus
1702 2730 1781 2781 non

189 2823 408 2899 inveniatur
428 2824 476 2899 de
496 2822 626 2921 aliquo
645 2823 856 2912 latrocinio,
877 2823 1092 2900 nonhabet
1113 2823 1197 2923 quis
1220 2832 1452 2922 potestatem
1473 2824 1689 2923 inquirendi
1711 2849 1781 2902 nec

190 2942 422 3041 procedendi
443 2951 580 3018 contra
600 2941 728 3040 ipsum
751 2942 800 3017 ad
823 2941 1097 3041 inquisitiones,
1120 2941 1192 3018 nisi
1215 2943 1298 3040 ipse
1319 2942 1496 3018 dominus
1519 2968 1588 3018 rex
1610 2943 1651 3017 in
1675 2943 1780 3019 curia

191 3085 272 3137 sua.
293 3058 373 3136 Sed
390 3060 525 3136 dehac
544 3060 668 3158 specie
684 3059 778 3136 nihil
796 3058 962 3158 amplius
981 3061 1031 3135 ad
1050 3085 1228 3158 praesens,
1248 3060 1337 3158 quia
1357 3058 1531 3159 superius
1552 3086 1623 3159 per
1641 3085 1780 3159 praece·

191 3178 323 3256 dentis
335 3179 524 3277 perpendi
540 3179 683 3278 poterit
700 3178 792 3276 quid
807 3179 847 3253 in
862 3178 934 3253 hac
949 3186 1062 3278 parte
1077 3179 1127 3255 sit
1142 3178 1347 3276 agendum.
1364 3178 1423 3255 Et
1440 3179 1471 3254 si
1487 3203 1616 3255 coram
1631 3177 1780 3254 ballivis

191 3298 253 3372 vel
276 3297 564 3374 coronatoribus
590 3297 742 3372 furtum
765 3297 1000 3394 cognoverit,
1026 3306 1157 3373 tamen
1181 3321 1260 3372 non
1284 3306 1439 3374 tenetur
1463 3322 1512 3372 ex
1536 3296 1607 3372 tali
1632 3296 1780 3373 confes·

192 3416 297 3491 sione
309 3416 390 3492 sine
402 3415 550 3504 seisina,
564 3415 652 3491 licet
665 3438 754 3491 cum
766 3413 904 3491 seisina
915 3412 1144 3491 recordum⁵¹
1158 3413 1354 3491 haberent.
1370 3416 1541 3490 Furtum
1555 3440 1645 3490 vero
1660 3414 1780 3490 moni·

192 3534 337 3610 festum
354 3541 413 3609 est
432 3532 497 3608 ubi
516 3533 617 3609 latro
637 3532 895 3631 deprehensus
915 3540 974 3608 est
993 3533 1142 3608 scisitus
1163 3532 1211 3608 de
1231 3531 1387 3630 aliquo⁶²
1407 3533 1619 3622 latrocinio,
1641 3533 1781 3611 scilicet

189 3650 492 3727 hondhabbende
508 3658 549 3726 et
566 3650 813 3739 bacberende,
832 3659 870 3727 et
888 3652 1081 3726 insecutus
1100 3650 1219 3727 fuerit
1237 3675 1309 3749 per
1326 3649 1491 3748 aliquem
1509 3651 1617 3726 cuius
1636 3677 1696 3727 res
1714 3651 1780 3726 illa

192 3766 312 3844 fuerit
325 3766 419 3867 qui⁵⁸
434 3767 574 3844 dicitur
589 3766 794 3844 saleborc*
807 3768 866 3846 Et
881 3766 940 3844 si⁵⁶
955 3767 1035 3844 sine
1050 3776 1154 3843 secta
1168 3768 1391 3864 cognoverit
1407 3794 1447 3844 se
1461 3768 1550 3844 inde
1566 3795 1647 3845 esse
1663 3769 1781 3845 latro·

191 3911 280 3963 nem
295 3911 425 3963 coram
441 3886 660 3963 vicecomite
675 3887 736 3962 vel
752 3885 1040 3962 coronatoribus
1057 3884 1117 3960 vel
1134 3885 1322 3961 serviente
1339 3885 1441 3981 regis
1458 3910 1546 3962 cum
1562 3886 1782 3963 testimonio

190 4006 401 4104 proborum
416 4005 624 4093 hominum,
642 4013 785 4081 extunc
802 4005 953 4080 furtum
970 4003 1143 4079 dedicere
1160 4028 1239 4078 non
1255 4001 1410 4101 poterit,
1429 4001 1518 4101 quia
1536 4003 1632 4079 tales
1651 4004 1691 4078 in
1709 4003 1779 4078 hoc

190 4124 332 4202 habent
346 4123 558 4200 recordum.
573 4125 631 4200 Et
643 4123 855 4200 secundum
868 4123 1054 4221 quosdam
1067 4122 1164 4197 illud
1177 4122 1278 4198 idem
1291 4122 1363 4199 erit
1377 4121 1522 4199 etiam⁸⁸
1536 4123 1616 4200 sine
1630 4123 1779 4200 seisina.

290 4247 444 4325 Poterit
460 4247 546 4346 quir
561 4247 609 4323 ab
625 4247 735 4324 initio
751 4271 867 4345 apere
884 4245 1043 4322 civiliter
1059 4245 1120 4322 vel
1136 4243 1394 4322 criminaliter.

193 4371 298 4446 Cum
312 4370 362 4447 sit
375 4378 505 4446 autem
517 4369 584 4468 qui
598 4378 793 4469 sequatur,
807 4368 951 4467 poterit
967 4368 1015 4443 ab
1028 4367 1138 4443 initio
1152 4392 1266 4464 agere
1281 4367 1442 4443 civiliter
1456 4366 1518 4443 vel
1532 4367 1781 4446 criminaliter

190 4499 324 4568 utrum
335 4490 511 4566 voluerit.
526 4490 679 4567 Poterit
691 4489 793 4566 enim
806 4514 888 4566 rem
901 4513 1010 4565 suam
1025 4496 1214 4587 peterent
1228 4487 1445 4564 addiratam
1459 4511 1548 4564 cum
1561 4488 1781 4566 testimonio

191 4612 402 4712 proborum
418 4611 627 4699 hominum,
645 4620 684 4687 et
701 4610 754 4686 sic
770 4609 949 4708 consequi
967 4633 1049 4684 rem
1067 4632 1176 4684 suam
1194 4605 1367 4706 quamvis
1385 4607 1569 4684 furatam.
1588 4609 1647 4685 Et
1666 4609 1698 4685 si
1715 4609 1780 4685 ille

191 4826 218 4863 ⁴¹
230 4835 261 4889 et
278 4832 373 4904 cuius,
391 4829 465 4890 MA.
504 4825 569 4860 ‘¹¹⁴⁸
581 4825 662 4903 Om,
678 4824 744 4887 OC.
782 4824 809 4860 ⁴⁸
822 4822 1033 4898 fraudulenta,
1049 4823 1118 4897 OA,
1136 4823 1202 4896 LA,
1220 4821 1294 4896 MC,
1312 4823 1390 4897 MG,
1409 4822 1476 4897 ΟΕ,
1493 4824 1522 4883 Υ
1545 4821 1601 4900 (†
1614 4822 1692 4886 alias
1710 4844 1779 4886 cum

191 4933 293 4991 animo
304 4929 390 5009 dico)
402 4951 411 5002 ;
425 4949 494 4991 cum
507 4931 618 5003 animo,
632 4928 672 5002 V,
685 4927 755 5000 OB,
770 4927 846 5001 MA,
859 4927 935 4999 ΜΒ,
950 4926 1014 4986 CM
1022 4947 1031 4998 ;
1046 4923 1238 4997 iraudulosa,
1251 4925 1328 4984 Aro.
1365 4921 1430 4956 ‘⁴¹⁴⁵
1441 4931 1490 4986 est
1504 4929 1596 5001 enim,
1611 4926 1680 5002 OB,
1696 4927 1778 5000 MA;

191 5038 223 5091 et
238 5037 295 5105 est,
312 5030 387 5091 ΜΒ.
425 5027 544 5102 ⁴⁸Om,
560 5027 629 5101 OB,
646 5028 722 5101 MA,
739 5028 814 5089 ΜΒ.
853 5024 879 5059 ⁴¹
891 5023 1086 5100 mamfestus,
1102 5025 1169 5097 LA,
1186 5024 1259 5085 Mc,
1299 5021 1417 5099 ‘'Om„
1435 5025 1505 5101 OB,
1522 5027 1599 5101 MA,
1617 5028 1694 5104 ΜΒ,
1712 5029 1780 5104 ΟΕ,

191 5130 264 5191 CM.
301 5126 327 5162 ⁴⁹
339 5128 419 5205 Oua,
434 5130 509 5191 MA.
546 5126 1097 5203 βοΟῐιι.,ΟΑ,Ο(ἶ,Μ(ὶ,ΟΒ,ΜΒ,
1114 5124 1268 5200 CE,CM.
1306 5122 1622 5202 ⁶¹concordum,0A
1659 5126 1779 5205 ⁸¹Om.,

192 5230 274 5302 MA;
296 5229 368 5304 alio,
389 5230 466 5292 ΜΒ.
508 5226 622 5306 ⁸⁸quae,
643 5228 683 5302 V,
704 5229 742 5289 Y.
786 5226 1005 5300 '‘rakaburth,
1028 5227 1072 5299 V;
1094 5224 1237 5300 salvabor,
1259 5223 1418 5302 sachnbor,
1441 5225 1599 5304 sachaber,
1622 5228 1779 5308 sacobrre,

191 5337 337 5405 sectator,
366 5328 459 5391 MSS.
510 5327 629 5403 ⁶⁸Om.,
657 5329 726 5404 OB,
754 5327 830 5403 MA,
859 5328 934 5390 MB.
984 5325 1064 5402 ⁸⁸et,
1093 5327 1160 5402 ΟΕ,
1190 5327 1267 5402 MG,
1296 5327 1369 5400 003
1398 5346 1468 5402 om,
1497 5329 1567 5404 OB,
1596 5331 1673 5406 MA,
1703 5335 1780 5410 ΜΒ,

192 5431 267 5504 ΟΜ,
283 5429 323 5491 Y.
