4392 6352
390 441 464 510 286
922 436 1145 499 BBACTON=
1167 437 1228 499 DE
1252 438 1444 501 LEGIBUS

390 610 460 662 nec
474 587 684 662 seeundum
699 586 802 684 quod
817 587 1077 686 interrogatus
1093 589 1225 679 fuerit,
1240 598 1285 666 ut
1301 589 1332 666 si
1346 589 1431 688 quis
1447 591 1579 667 decem
1593 617 1729 669 aureos
1744 591 1843 668 dari⁸
1859 593 1980 691 stipu-

390 703 493 780 letur
510 714 550 781 et
568 704 666 782 alius
686 706 854 804 quinque
873 706 1090 806 promittat,
1109 707 1171 784 vel
1190 709 1222 784 si
1241 733 1342 785 unus
1362 734 1461 808 pure
1480 717 1520 786 et
1539 710 1637 786 alius
1658 709 1729 787 sub
1749 711 1980 802 condicione,

390 820 590 922 stipulatio
610 849 689 898 non
708 822 862 900 valebit.
885 825 1038 916 <Item
1058 825 1131 904 erit
1151 825 1296 904 inutilis
1318 827 1349 904 si
1370 827 1455 926 quis
1476 827 1531 904 ita
1552 827 1760 926 stipulatus
1782 831 1913 919 fuerit,
1934 830 1981 907 Si

390 942 499 1019 aaut
519 942 665 1020 uenerit
687 943 735 1020 de
755 944 855 1020 Asia
876 943 986 1022 bodie
1007 945 1101 1021 aare
1122 945 1311 1046 spondes?
1333 945 1424 1046 quia
1445 955 1679 1045 praepostere
1702 957 1888 1047 concepta
1909 957 1979 1025 est.

392 1060 471 1137 Sed
486 1070 630 1150 tamen,
648 1060 736 1138 lieet
754 1070 992 1162 praepostera
1009 1063 1140 1152 fuerit,
1159 1089 1238 1139 non
1256 1065 1329 1142 erit
1347 1064 1597 1156 reicienda>
1620 1067 1724 1143 Item
1742 1090 1821 1143 non
1838 1066 1981 1144 valebit

390 1179 421 1256 si
440 1178 682 1279 impossibilis
701 1181 851 1257 adiecta
870 1181 990 1258 fuerit
1009 1182 1180 1258 condicio
1199 1183 1260 1258 cui
1279 1191 1422 1260 natura
1441 1184 1716 1282 impedimento
1736 1186 1856 1262 fuerit
1876 1187 1981 1284 quod

389 1299 542 1388 existat,
565 1299 685 1375 veluti
707 1299 738 1376 si
760 1299 874 1389 dicat,
897 1300 944 1378 Si
964 1300 1088 1398 digito
1111 1301 1246 1378 eaelum
1269 1302 1433 1400 tetigero
1455 1303 1549 1380 dare
1571 1303 1759 1404 spondes?
1784 1304 1827 1380 Si
1850 1313 1981 1380 autem

390 1417 454 1505 sio,
470 1418 516 1495 Si
532 1417 667 1494 calum
683 1416 820 1516 dipitd
836 1443 915 1496 aaa
932 1419 1108 1517 tetigero,
1125 1427 1220 1495 timo
1236 1419 1350 1511 valet,
1368 1420 1459 1519 quia
1476 1447 1574 1520 pure
1592 1422 1699 1498 facta
1716 1431 1774 1499 est
1792 1431 1831 1500 et
1849 1422 1981 1500 statim

389 1535 471 1634 peti
486 1535 641 1634 poterit.

489 1654 688 1732 iudicialis
704 1653 915 1754 stipulatio,

390 1772 778 1850 Iun1euusetiam²⁰
793 1798 874 1850 esse
890 1773 1034 1873 poterit
1050 1774 1250 1873 stipulatio
1264 1776 1325 1852 vel
1341 1775 1652 1854 conventionalia.
1671 1777 1879 1868 Iudicialis,
1897 1804 1980 1879 quae

389 1892 495 1968 iussu
510 1892 643 1968 iudicis
659 1893 705 1969 fit
721 1893 782 1968 vel
797 1892 984 1992 pratoris.
1003 1893 1329 1984 conventionalia,
1347 1919 1431 1992 quae
1446 1920 1495 1971 ex
1512 1896 1762 1974 conventione
1780 1897 1981 1996 utriusque

389 2012 512 2112 partis
534 2011 761 2112 concipitur,
784 2036 854 2087 nec
875 2011 980 2087 iussu
1003 2011 1136 2089 iudicis
1159 2013 1220 2088 vel
1244 2013 1430 2112 proetoris,
1454 2022 1493 2090 et
1516 2039 1681 2114 quarum
1704 2016 1866 2092 totidem
1889 2024 1980 2093 sunt

388 2156 533 2229 genera
549 2139 644 2230 quot
662 2154 770 2230 paene
789 2156 918 2206 rerum
937 2129 1296 2208 contrahendarum.
1316 2132 1382 2208 De
1400 2130 1538 2231 quibus
1556 2130 1733 2210 omnibus
1752 2134 1859 2210 cirria
1878 2133 1979 2232 regis

389 2275 526 2326 senon
542 2247 805 2337 intromittit,²¹
824 2249 897 2325 nisi
916 2249 1122 2347 aliquando
1139 2251 1187 2326 de
1205 2249 1344 2348 gratia.

488 2369 536 2447 Si
553 2393 615 2446 res
630 2370 764 2468 plures
780 2370 822 2446 ia
838 2369 1128 2468 stipulationem
1147 2371 1398 2448 deducantur.

391 2489 437 2564 Sr
457 2511 545 2564 oum
565 2515 625 2566 res
648 2488 778 2588 plures
800 2489 841 2563 in
862 2489 1150 2588 stipulationem
1171 2490 1423 2579 deducantur,
1445 2491 1655 2589 promissor
1677 2490 1900 2590 simpliciter
1921 2517 1978 2567 re-

389 2607 579 2705 spondeat
607 2607 671 2696 sic,
699 2607 792 2686 dare
819 2608 1003 2706 spondeo,
1031 2617 1194 2708 propter
1222 2633 1352 2684 omnes
1381 2607 1576 2685 tenetur.²²
1605 2609 1664 2684 Et
1693 2609 1724 2686 si
1752 2635 1870 2687 unam
1898 2635 1980 2686 rem

389 2737 543 2805 tantum
564 2753 612 2804 ex
634 2727 809 2827 pluribus
831 2753 870 2804 se
891 2728 1075 2803 daturum
1096 2727 1326 2826 promiserit,
1348 2727 1409 2803 vel
1432 2727 1630 2826 quasdam,
1653 2727 1837 2826 obligatio
1859 2728 1901 2803 in
1922 2727 1980 2804 his

388 2847 629 2923 contrabitur
649 2871 721 2945 pro
741 2845 879 2945 quibus
899 2845 1139 2945 respondit.²⁸
1160 2846 1228 2921 Ex
1247 2845 1423 2944 pluribus
1444 2846 1546 2923 enim
1567 2844 1879 2945 stipulationibus
1901 2871 1980 2922 una

388 2965 450 3040 vel
473 2964 648 3063 quadam
671 2965 853 3040 videntur
875 2989 956 3040 esse
980 2965 1175 3063 perfecta,
1199 2973 1239 3041 et
1264 2989 1352 3040 cum
1376 2964 1507 3064 plures
1532 2964 1706 3053 sineres,
1732 2966 1782 3040 ad
1808 2964 1978 3064 singulas

389 3081 641 3182 responderi*
657 3081 835 3159 debere.²¹⁵

490 3202 590 3295 Quis
607 3226 686 3278 aaa
703 3201 825 3300 possit
843 3200 1033 3299 stipulari.

390 3323 446 3398 In
460 3322 537 3397 fine
552 3330 681 3397 autem
696 3320 904 3396 videndum
919 3319 1003 3418 quis
1018 3343 1097 3394 non
1111 3319 1232 3418 possit
1247 3319 1426 3419 stipulari
1440 3345 1563 3418 neque
1578 3320 1816 3419 promittere,
1833 3329 1877 3396 ut
1894 3320 1979 3398 sciri

389 3440 510 3538 possit
525 3439 609 3538 quis
624 3439 745 3539 possit
760 3438 949 3538 stipulari.
967 3439 1024 3516 Et
1041 3437 1236 3514 sciendum
1252 3439 1356 3536 quod
1370 3447 1501 3514 mutus
1517 3465 1641 3536 neque
1657 3439 1835 3538 stipulari
1851 3448 1979 3537 potest

388 3585 511 3657 neque
525 3558 762 3657 promittere,
776 3579 864 3632 cum
875 3556 980 3655 loqui
993 3581 1071 3632 non
1084 3557 1217 3656 possit,
1231 3582 1300 3632 neo
1313 3558 1430 3632 verba
1445 3557 1685 3655 stipulationi
1699 3556 1978 3656 congruentia¹⁶

388 3676 576 3776 proferre.
593 3676 711 3765 Quod
725 3676 879 3775 quidem
894 3676 935 3751 in
948 3674 1065 3752 surdo
1080 3674 1305 3774 receptum¹⁷
1321 3683 1391 3764 est,
1407 3675 1497 3774 quia
1511 3676 1543 3752 is
1558 3675 1623 3774 qui
1638 3676 1848 3775 stipulatur
1862 3676 1979 3752 verba

389 3797 650 3898 promittentis
674 3805 712 3872 et
736 3796 767 3872 is
791 3796 856 3894 qui
880 3793 1073 3894 promittit
1096 3794 1214 3870 verba
1238 3794 1459 3893 stipulantis
1484 3794 1617 3870 audire
1641 3803 1808 3893 oportet,
1833 3794 1906 3871 nisi
1930 3794 1980 3870 sit

389 3916 455 4015 qui
475 3916 579 3992 dieat
598 3915 701 4013 quod
720 3913 791 3989 hoe
811 3914 938 3990 faeere
959 3911 1136 4012 possint²⁸
1156 3938 1227 4011 per
1246 3921 1364 3988 nutus
1385 3912 1446 3987 vel
1467 3912 1710 4011 scripturam.
1733 3912 1818 3988 Nec
1839 3913 1979 3989 dieitur

388 4034 459 4110 hoo
474 4035 521 4111 de
535 4059 580 4109 eo
596 4033 661 4131 qui
675 4033 824 4109 tardius
840 4030 960 4121 audit,
975 4030 1042 4108 sed
1056 4030 1105 4107 de
1121 4056 1166 4106 eo
1181 4031 1246 4128 qui
1262 4031 1417 4106 omnino
1432 4055 1511 4106 non
1526 4030 1695 4107 exaudit.
1714 4031 1772 4108 Et
1788 4032 1892 4130 quod
1909 4056 1979 4131 per

389 4153 621 4251 seriptruam
633 4151 717 4227 fieri
730 4150 852 4250 possit
866 4150 1065 4248 stipulatio
1079 4157 1118 4225 et
1131 4148 1315 4246 obligatio
1328 4149 1492 4238 videtur,
1508 4149 1597 4247 quia
1612 4149 1643 4226 si
1658 4151 1844 4248 seriptum
1860 4148 1979 4226 fuerit

388 4273 429 4347 in
451 4272 708 4347 instrumento
732 4269 897 4367 aliquem
922 4268 1152 4367 promisisse,
1177 4267 1337 4365 perinde
1361 4265 1525 4343 habetur
1551 4292 1594 4341 ac
1620 4267 1652 4344 si
1677 4267 1979 4366 interrogatione

389 4389 628 4489 praeoedente
651 4411 879 4485 responsum
903 4386 964 4462 sit.
989 4384 1177 4462 Furiosus
1203 4393 1332 4461 autem
1357 4385 1535 4484 stipulari
1560 4410 1638 4460 non
1663 4394 1792 4484 potest
1816 4411 1886 4462 nec
1911 4386 1978 4462 ali·

390 4508 494 4606 quod
518 4506 718 4605 negotium
743 4530 888 4603 gerere,
916 4504 1005 4603 quia
1030 4529 1109 4579 non
1134 4503 1323 4602 intellegit
1350 4503 1442 4601 quid
1468 4503 1562 4601 agit.
1590 4504 1743 4581 Eodem
1768 4506 1883 4580 modo
1910 4529 1979 4580 neo

389 4625 519 4702 infans
534 4624 595 4701 vel
608 4624 674 4722 qui
689 4623 831 4699 infanti
847 4623 1046 4721 proximus
1062 4629 1131 4711 est,
1147 4630 1186 4698 et
1202 4622 1267 4720 qui
1282 4622 1449 4698 multum
1465 4647 1489 4697 a
1503 4621 1650 4698 furioso
1665 4647 1745 4697 non
1759 4622 1889 4711 distat,
1905 4622 1977 4699 nisi

387 4745 459 4821 hoe
476 4745 546 4820 fiat
564 4744 613 4819 ad
630 4743 873 4818 commodum
891 4766 1003 4817 suum
1020 4750 1164 4817 etcum
1181 4740 1321 4817 tutoris
1340 4740 1580 4817 auctoritate.

389 4962 498 5038 ⁸dare,
513 4963 582 5038 OB,
598 4961 675 5037 MA,
691 4960 767 5037 MB,
783 4959 846 5021 ΟΜ
854 4980 862 5032 ;
879 4962 967 5034 stari,
983 4958 1049 5019 LA.
1087 4953 1192 5030 ⁰0m,
1208 4956 1277 5030 OB,
1295 4956 1371 5018 MG.
1409 4953 1561 5031 manum,
1577 4957 1616 5030 V,
1633 4957 1706 5017 CM.
1746 4957 1772 4990 ¹²
1783 4961 1978 5031 intromittet,

387 5066 456 5139 OB,
469 5065 546 5138 ΜΒ,
558 5064 632 5124 ΟΜ.
654 5059 682 5094 ²²
692 5067 847 5134 tenentur,
859 5059 938 5135 MG,
950 5057 1015 5118 LA.
1041 5056 1067 5091 ²⁸
1079 5055 1284 5135 responderit,
1297 5058 1371 5132 MC,
1384 5058 1462 5132 MG,
1476 5058 1539 5119 CM
1547 5080 1556 5130 ;
1570 5057 1807 5135 respondiderit,
1820 5061 1889 5135 OB,
1904 5059 1980 5134 MA,

389 5166 471 5239 MB;
486 5162 651 5242 reponderi
667 5161 803 5234 deberet,
819 5159 884 5221 OC.
922 5157 950 5192 ²⁴
960 5155 1159 5235 respondere,
1174 5158 1213 5232 V,
1228 5158 1298 5231 OB,
1314 5156 1381 5232 OC,
1396 5160 1472 5234 MA,
1488 5159 1564 5234 ΜΒ,
1582 5159 1648 5234 ΟΕ,
1665 5160 1739 5221 ΟΜ.
1777 5159 1803 5194 ²⁸
1815 5159 1916 5237 debet,
1933 5162 1977 5233 V;

389 5263 526 5340 deberet,
545 5263 611 5324 OC.
652 5259 679 5296 ²⁸
691 5262 914 5340 contingentis,
934 5257 1004 5333 OB,
1024 5257 1101 5334 MA,
1121 5257 1196 5320 ΜΒ.
1239 5255 1265 5293 ¹¹
1277 5265 1449 5336 exoeptum,
1468 5260 1508 5335 V,
1530 5258 1599 5336 OB,
1621 5261 1697 5336 MA,
1718 5261 1794 5336 MB,
1816 5263 1882 5340 ΟΟ,
1904 5262 1979 5339 ΟΜ,

390 5368 467 5444 MG,
483 5366 551 5440 CB,
566 5364 640 5426 ΜΟ.
677 5359 704 5397 ²⁸
715 5368 853 5442 possent,
868 5361 937 5435 OB,
955 5361 1036 5434 MB;
1054 5366 1194 5437 possunt,
1211 5361 1289 5437 MG,
1305 5361 1350 5434 V;
1367 5365 1477 5440 possit,
1495 5363 1562 5438 ΟΟ,
1579 5363 1653 5436 ΜΟ,
1671 5364 1751 5436 ΟΜ;
1770 5373 1884 5442 posset,
1902 5365 1977 5426 MA.
