4432 6336
637 496 699 557 DE
722 495 1025 569 ADQUIRENDO
1048 495 1206 558 RERUM
1229 495 1431 557 DOMINIO
1760 501 1832 575 157

242 649 313 725 bus
329 647 575 747 quaestionem
588 657 742 725 moveat
756 647 818 723 vel
832 645 1141 724 contentionem.T
1157 647 1216 724 Et
1230 646 1334 723 unde
1349 647 1380 723 si
1396 647 1480 745 quis
1497 672 1567 746 per
1582 647 1834 722 intrusionem

242 778 332 869 post
346 777 511 845 mortem
526 767 696 857 alicuius,
713 776 803 844 ante
819 767 978 844 aditam⁸
993 767 1245 845 hereditatem
1262 769 1310 843 ab
1326 768 1475 857 herede,
1493 767 1653 867 propria
1670 768 1832 844 auctori-

242 899 324 969 tate
345 916 385 966 se
405 889 577 989 posuerit
596 889 637 965 in
656 889 833 966 seisinam
853 915 1026 978 vacuam,
1048 888 1109 965 vel
1128 915 1216 966 cum
1237 889 1466 966 auctoritate
1487 890 1567 966 eius
1589 889 1655 988 qui
1674 889 1734 966 ius
1755 915 1834 966 non

242 1011 357 1089 habet
375 1011 544 1087 donandi
562 1035 649 1087 cum
666 1034 745 1086 non
763 1010 812 1088 sit
829 1036 942 1087 verus
961 1011 1149 1086 dominus.
1170 1012 1274 1086 Item
1291 1011 1321 1088 si
1341 1010 1548 1088 dissaisitor
1566 1035 1654 1086 cum
1673 1010 1833 1087 dissaisi-

243 1157 334 1209 nam
350 1132 496 1209 iecerit.
514 1133 618 1208 Item
633 1129 678 1208 si’
693 1130 885 1208 firmarius
902 1157 972 1231 per
987 1133 1148 1230 longum
1162 1141 1317 1230 tempus
1334 1142 1422 1231 post
1438 1132 1646 1209 terminum
1663 1131 1833 1231 prateri-

243 1262 339 1330 tum.
366 1254 470 1329 Item
494 1254 524 1329 si
548 1253 632 1351 quis
658 1260 793 1328 contra
816 1254 1119 1341 conventionem,
1144 1253 1317 1352 quamvis
1342 1254 1443 1330 inter
1469 1252 1563 1329 alios
1589 1254 1746 1343 factam,
1773 1253 1834 1330 vel

243 1384 378 1452 contra
394 1373 552 1450 modum
569 1373 785 1450 donationis
802 1398 851 1449 ne
868 1373 960 1472 quid
978 1373 1133 1449 omnino
1152 1374 1244 1450 dare
1261 1374 1382 1472 possit
1400 1374 1461 1450 vel
1480 1374 1657 1463 alienare,
1676 1374 1737 1451 vel
1755 1401 1835 1450 non

244 1496 357 1572 certis
380 1494 564 1594 personis.
590 1496 693 1571 Item
717 1495 749 1570 si
772 1494 856 1593 quis
880 1520 920 1571 se
943 1494 1116 1593 posuerit
1139 1495 1179 1569 in
1203 1493 1380 1571 seisinam
1404 1521 1453 1571 ex
1476 1519 1593 1572 causa
1615 1495 1833 1573 donationis

243 1615 324 1693 eius
340 1616 405 1715 qui
418 1616 477 1692 ius
491 1615 709 1704 nonhabet,
726 1615 786 1691 vel
800 1640 879 1691 non
892 1616 964 1692 nisi
980 1616 1029 1692 ad
1045 1615 1177 1705 vitam,
1194 1641 1434 1715 quacumque
1449 1615 1597 1694 ratione
1614 1617 1664 1693 ad
1679 1617 1833 1694 exhere-

243 1736 439 1813 dationem
452 1736 532 1812 veri
547 1735 701 1812 domini.
718 1737 821 1813 Item
833 1737 865 1812 si
880 1737 1004 1813 irater
1018 1745 1222 1835 postnatus
1237 1737 1398 1836 propria
1412 1738 1641 1815 auctoritate
1657 1762 1696 1814 se
1711 1737 1833 1814 intru-

244 1858 336 1934 serit
356 1857 397 1933 in
416 1855 605 1947 seisinam,
626 1856 686 1934 vel
707 1856 838 1933 forte²⁰
859 1883 947 1933 cum
968 1858 1237 1935 auctoritatem
1257 1857 1434 1933 habuerit
1456 1884 1480 1933 a
1501 1859 1657 1958 capitali
1679 1860 1833 1936 domino

244 1980 305 2058 vel
325 1981 373 2057 ab
393 1981 521 2078 aliquo
540 1979 590 2055 ad
609 2004 723 2078 quem
741 2005 819 2055 non
839 1979 1025 2078 pertinet:
1046 1987 1085 2055 et
1105 2004 1269 2077 quorum
1288 2004 1397 2057 casus
1418 1989 1509 2057 sunt
1529 1980 1681 2058 infiniti.
1705 1983 1833 2069 Tales,

244 2102 322 2178 sive
336 2100 496 2176 titulum
509 2099 713 2176 habuerint
728 2099 806 2176 sive
821 2122 911 2187 non,
927 2108 1116 2198 quantum
1132 2099 1332 2176 adrerum
1348 2100 1546 2177 dominum
1562 2101 1627 2200 qui
1643 2102 1702 2178 ius
1718 2101 1834 2180 habet

244 2232 283 2299 et
296 2221 587 2321 proprietatem,
601 2246 812 2318 numquam
827 2219 990 2296 liberum
1003 2229 1266 2297 tenementum
1280 2220 1476 2297 habebunt
1491 2222 1563 2298 nisi
1579 2248 1649 2321 per
1663 2222 1834 2320 longam,

244 2343 477 2432 continuam,
494 2351 534 2419 et
550 2341 751 2441 pacificam
766 2341 1054 2440 possessionem,
1070 2352 1114 2419 ut
1132 2341 1359 2441 pradictum
1375 2351 1451 2419 est:
1470 2352 1659 2442 quantum
1675 2370 1766 2420 vero
1784 2344 1834 2420 ad

244 2487 323 2539 non
339 2463 511 2540 dominos
527 2462 593 2562 qui
607 2463 809 2551 dederunt,
824 2462 885 2538 vel
900 2472 1090 2562 quantum
1106 2463 1156 2539 ad
1173 2463 1267 2539 ahos
1283 2463 1347 2562 qui
1363 2465 1422 2540 ius
1438 2490 1516 2540 non
1531 2464 1685 2554 habent,
1703 2466 1834 2543 statim

243 2594 284 2662 et
306 2583 557 2661 incontinenti
580 2583 769 2683 incipiunt
791 2584 931 2660 habere
953 2583 1116 2660 liberum
1138 2592 1401 2661 tenementum
1424 2594 1464 2662 et
1487 2586 1558 2675 ius,
1583 2596 1622 2663 et
1645 2586 1834 2686 incipiunt

244 2707 449 2806 possidere.
475 2705 560 2783 ΕΟ*
585 2730 674 2782 cum
697 2705 816 2802 longa
839 2715 878 2783 et
903 2704 1085 2781 continua
1110 2714 1149 2782 et
1174 2705 1336 2804 pacifica
1361 2706 1548 2804 possessio
1572 2706 1833 2796 intervenerit,

243 2827 432 2928 incipiunt
451 2826 645 2926 possidere
662 2826 790 2925 quoad
808 2851 950 2914 omnes,
968 2836 1007 2903 et
1024 2825 1165 2902 habere
1182 2826 1345 2902 liberum
1362 2836 1637 2916 tenementum,
1655 2828 1713 2904 ita
1730 2829 1834 2928 quod

243 2949 326 3025 sine
342 2949 447 3024 brevi
463 2947 530 3026 et¹²
547 2946 686 3023 iudicio
703 2945 771 3022 eici
787 2972 866 3022 non
884 2946 1050 3045 possintz
1068 2947 1161 3046 quia
1176 2945 1274 3023 sicut
1291 2946 1473 3046 tempus¹⁸
1491 2957 1550 3024 est
1566 2949 1703 3026 modus
1721 2949 1833 3025 indu-

245 3069 372 3146 oendoe
399 3077 438 3146 et
463 3068 642 3145 tollendae
669 3066 925 3166 obligationis,
952 3067 1008 3143 ita
1035 3068 1108 3144 erit
1135 3067 1273 3144 modus
1301 3068 1546 3167 adquirenda
1573 3069 1831 3167 possessionis.

244 3190 387 3287 Longa
403 3189 505 3267 enim
523 3187 710 3289 possessio
728 3189 826 3267 sicut
843 3196 969 3265 mater
985 3190 1045 3266 ius
1063 3189 1167 3288 parit
1185 3189 1446 3289 possidendi,²⁴
1465 3199 1505 3267 et
1523 3189 1625 3268 tollit
1644 3190 1833 3268 actionem

243 3338 334 3389 vero
368 3311 522 3388 domino
555 3311 715 3411 petenti,
749 3310 979 3410 quandoque
1012 3335 1142 3398 unam,
1177 3311 1407 3410 quandoque
1442 3313 1568 3402 aliam,
1604 3313 1834 3412 quandoque

244 3462 407 3524 omnem,
427 3435 516 3535 quia
532 3461 663 3512 omnes
682 3433 850 3511 actiones
869 3433 909 3508 in
926 3433 1073 3509 mundo
1089 3433 1195 3509 infra
1212 3443 1319 3509 certa
1337 3443 1515 3533 tempora
1533 3434 1676 3513 habent
1693 3435 1832 3512 limita-

243 3559 399 3636 tionem.
423 3556 487 3634 Sic
508 3557 610 3634 enim
630 3566 674 3634 ut
696 3556 923 3656 pradictum
943 3563 1013 3644 est,
1035 3554 1253 3654 adquiritur
1274 3556 1460 3654 possessio
1482 3564 1522 3633 et
1544 3557 1707 3633 liberum
1727 3567 1832 3634 tene·

243 3689 418 3758 mentum
437 3706 485 3756 ex
505 3689 680 3778 tempore
700 3679 780 3755 sine
800 3677 915 3755 titulo
935 3687 975 3756 et
994 3678 1213 3766 traditione,
1235 3704 1305 3777 per
1325 3679 1554 3778 patientiam
1575 3689 1613 3756 et
1636 3679 1832 3778 negligen-

243 3802 339 3880 tiam
356 3802 436 3878 veri
455 3801 610 3878 domini.
633 3801 740 3893 <Et
758 3799 953 3877 sciendum
972 3799 1076 3899 quod
1095 3825 1174 3875 non
1193 3803 1296 3877 valet
1316 3799 1511 3878 violenta¹⁸
1531 3801 1563 3878 si
1582 3801 1833 3878 incontinenti

243 3924 456 4001 resistatur.
476 3925 535 4001 Et
554 3923 625 3998 hoc
643 3948 778 3999 verum
798 3932 856 3999 est
876 3922 948 3998 nisi
969 3922 1089 4000 fuerit
1108 3921 1283 4022 precaria
1302 3947 1386 4022 quae
1407 3924 1511 4000 omni
1530 3932 1706 4023 tempore
1726 3951 1832 4001 revo-

244 4048 323 4123 cari
341 4045 496 4147 poterit,
515 4056 554 4124 et
571 4045 674 4122 idem
691 4045 722 4122 si
740 4045 789 4121 de
806 4045 946 4142 gratia.
966 4043 1109 4121 Gratia
1125 4044 1227 4120 enim
1246 4043 1465 4121 voluntaria
1484 4055 1553 4136 est,
1574 4055 1613 4123 et
1632 4046 1679 4123 de
1699 4048 1832 4123 volun·

242 4177 326 4247 tate
347 4169 542 4245 contraria
562 4177 775 4244 revocatur.
799 4169 903 4244 Item
924 4166 990 4242 ubi
1014 4165 1134 4246 luerit
1155 4167 1404 4256 clandestina,
1428 4168 1526 4245 sicut
1548 4177 1749 4258 nocturna,
1772 4169 1834 4245 vel

243 4316 421 4368 concessa
442 4318 466 4367 a
486 4289 633 4367 ballivis
655 4291 696 4366 in
718 4288 892 4366 absentia
912 4288 1165 4365 dominorum.
1190 4290 1293 4366 Item
1315 4289 1346 4365 si
1369 4290 1419 4364 ad
1441 4290 1610 4389 pretium
1631 4291 1831 4380 incertum,

244 4411 412 4490 scilicet²⁸
437 4413 606 4512 quohbet
630 4437 733 4488 anno
755 4413 816 4487 vel
839 4420 1015 4510 tempore
1038 4419 1232 4487 mutatum
1257 4420 1296 4487 et
1321 4411 1567 4501 alternatum,
1592 4438 1700 4489 secus
1726 4413 1757 4489 si
1782 4415 1833 4489 ad

244 4545 402 4613 certum.
417 4535 475 4612 Et
487 4535 565 4610 haec
579 4536 705 4610 locum
717 4533 860 4611 habent
874 4533 974 4609 inter
987 4533 1160 4632 privatas
1175 4558 1376 4633 personas:
1391 4534 1637 4632 interregem
1651 4545 1690 4612 et
1705 4535 1831 4635 priva-

243 4667 304 4735 tas
322 4682 505 4757 personas
522 4682 601 4732 non
617 4664 724 4732 tenet
740 4656 845 4732 istud
864 4655 954 4754 quia
970 4680 1039 4730 rex
1057 4680 1192 4754 parem
1209 4680 1287 4732 non
1305 4655 1432 4746 habet,
1450 4681 1520 4733 nec
1537 4657 1715 4746 vicinum,
1735 4659 1832 4735 nec²'

243 4778 538 4878 superiorem>

243 5013 493 5077 'contentionem
510 5017 560 5078 vel
578 5018 845 5093 InterruptIonem,
863 5013 903 5089 V,
922 5012 998 5073 MG.
1039 5011 1244 5086 'adhibitam
1263 5013 1331 5089 OA,
1352 5015 1418 5090 LA,
1437 5013 1504 5091 OC,
1525 5017 1596 5076 MC.
1639 5015 1743 5091 ⁹0m.‚
1762 5016 1831 5094 OB,

243 5117 319 5195 MA,
337 5118 417 5192 MB3
434 5121 461 5178 si
477 5137 555 5191 cum,
572 5117 618 5190 Y,
636 5137 704 5178 cum
720 5118 758 5192 ai,
775 5115 848 5176 CM.
887 5111 1006 5189 ¹⁰Om.,
1023 5115 1093 5190 OB,
1109 5115 1186 5191 MA,
1203 5114 1280 5190 ΜΒ,
1298 5115 1364 5190 ΟΕ,
1384 5117 1458 5190 CM,
1477 5117 1515 5177 Y.
1555 5115 1582 5150 ¹²
1594 5117 1659 5193 aed,
1677 5118 1747 5194 OA,
1765 5119 1832 5194 LA,

243 5218 310 5295 OC,
330 5218 407 5294 ΜΟ,
427 5219 499 5278 ΜΟ.
540 5216 637 5292 ¹²vel‚
656 5218 726 5291 OA,
745 5218 812 5292 LA,
831 5215 899 5291 OC,
917 5217 956 5291 V,
977 5216 1049 5276 MC.
1092 5213 1209 5289 ¹⁸Om.,
1229 5216 1299 5291 OB,
1320 5216 1395 5290 MA,
1417 5218 1494 5292 ΜΒ,
1514 5219 1581 5294 ΟΕ,
1601 5220 1675 5294 CM,
1696 5220 1737 5294 Y,
1758 5221 1831 5282 MC.

243 5317 269 5353 ¹⁴
280 5317 463 5398 possidenti,
482 5319 552 5395 OA,
570 5318 646 5393 MA,
666 5317 733 5394 ΟΕ,
752 5317 792 5391 Y,
812 5316 886 5378 MC.
926 5313 954 5349 ¹⁸
965 5314 1049 5376 valet
1067 5318 1095 5376 al
1116 5315 1212 5377 iuerit
1232 5314 1378 5392 violenta,
1397 5315 1438 5392 V,
1457 5317 1524 5394 OC,
1545 5319 1612 5381 MG
1637 5319 1830 5400 (violentia).

243 5418 270 5454 ¹⁸
281 5421 382 5497 simul,
397 5421 465 5495 OC,
480 5421 556 5482 ΜΟ.
594 5417 620 5453 ¹⁷
633 5419 712 5495 Om,
727 5419 796 5491 OB,
812 5418 888 5492 MA,
905 5417 981 5491 ΜΒ,
996 5417 1063 5494 ΟΕ,
1080 5417 1154 5491 CM,
1172 5417 1244 5477 MC.
