4374 6366
392 476 467 544 420
924 467 1147 529 BRACTON:
1161 415 1230 528 'DE
1255 466 1447 530 LEGIBUS

392 619 528 696 eodem
544 617 640 706 loco,
659 619 794 694 eodem
812 617 884 707 die,
903 617 1036 694 eodem
1057 642 1158 694 anno
1177 625 1355 706 etcetera,
1375 617 1480 694 venit
1499 617 1601 693 idem
1620 617 1672 694 E.
1692 641 1780 694 cum
1801 617 1984 716 praedicto

395 737 440 815 C.
454 745 494 814 et
506 735 681 836 nequiter
693 744 732 813 et
744 735 786 812 in
798 735 941 812 felonia
953 735 1079 814 tenuit
1091 737 1219 835 ipsum
1233 737 1281 812 B.
1296 735 1423 812 virum
1436 761 1549 812 suum
1561 737 1656 812 dum
1670 735 1771 812 idem
1785 736 1831 818 C·
1846 734 1985 812 illum⁹⁸

394 855 530 932 occidit
547 855 648 931 inter
666 853 821 930 brechia
837 878 917 930 sua.
936 855 995 930 Et
1012 855 1116 953 quod
1132 853 1205 930 hoc
1221 853 1314 931 fecit
1333 852 1508 953 nequiter
1526 863 1565 930 et
1584 853 1624 930 in
1643 853 1787 929 felonia
1805 863 1983 942 eteetera,

394 974 512 1050 offert
529 969 735 1050 etcetera.”
751 971 809 1049 Et
825 971 878 1048 sic
893 971 1027 1048 eodem
1041 971 1156 1049 modo
1172 997 1304 1048 versus
1321 971 1451 1070 plures
1469 980 1508 1048 et
1524 971 1571 1049 de
1588 971 1763 1070 pluribus
1781 971 1906 1048 lactis.
1925 971 1985 1047 Et

394 1091 425 1168 si
441 1092 505 1169 ille
522 1091 570 1168 de
586 1091 692 1167 lacto
708 1100 846 1190 captus
864 1090 983 1167 fuerit
1001 1115 1118 1188 super
1136 1091 1285 1167 lactum
1302 1113 1390 1165 cum
1407 1089 1563 1166 cultello
1581 1098 1794 1178 cruentato,
1813 1115 1892 1165 non
1911 1089 1984 1165 erit

393 1210 555 1286 ulterius
573 1208 855 1308 inquirendum,
874 1209 967 1284 dum
984 1216 1117 1284 tamen
1134 1207 1271 1284 dehoc
1290 1207 1504 1284 constiterit
1524 1233 1594 1306 per
1612 1206 1875 1284 testimomum
1894 1231 1983 1306 pro-

393 1327 531 1404 borum
553 1327 735 1403 virorum.
763 1325 841 1403 Sed
864 1325 959 1424 quid
981 1326 1104 1424 magis
1128 1335 1314 1424 operatur
1338 1324 1537 1424 appellum
1560 1325 1741 1412 mulieris,
1766 1324 1856 1401 lieet
1880 1333 1984 1402 secta

393 1445 491 1522 bene
505 1446 611 1522 facta
624 1444 755 1533 luerit,
769 1469 886 1542 quem
899 1453 1004 1521 secta
1017 1444 1118 1542 regis
1132 1444 1164 1520 si
1178 1441 1377 1542 appellmn
1391 1441 1567 1520 ceciderit
1581 1441 1642 1519 vel
1657 1443 1822 1542 suspicio
1837 1443 1985 1519 oriatur

395 1589 466 1662 per
483 1563 813 1651 indictamentum,
832 1586 920 1638 cum
938 1563 980 1636 in
999 1571 1164 1661 utroque
1183 1586 1274 1637 casu
1295 1569 1517 1638 recurratur
1536 1562 1587 1637 ad
1606 1560 1796 1659 patrium?
1817 1559 1985 1636 Videtur

395 1681 497 1781 quod
516 1682 618 1758 idem
634 1681 685 1758 sit
702 1681 829 1779 quoad
847 1690 1066 1779 utrumque,
1086 1680 1158 1756 nisi
1176 1687 1331 1756 tantum
1349 1679 1390 1754 in
1408 1679 1478 1754 hoc
1499 1679 1602 1777 quod
1621 1687 1724 1756 secta
1742 1677 1843 1777 regis
1863 1703 1983 1776 quan-

393 1801 519 1899 doque
531 1799 742 1875 remittitur
753 1799 801 1874 de
812 1797 952 1895 gratie,
964 1797 1026 1874 vel
1039 1822 1127 1874 cum
1139 1821 1255 1874 causa
1266 1795 1485 1895 cognitione
1497 1797 1601 1896 quod
1614 1797 1769 1896 quidem
1782 1821 1860 1873 non
1873 1796 1983 1872 fieret

395 1917 427 1994 si
439 1916 578 1993 mulier
589 1916 687 1993 bene
701 1923 935 2014 sequeretur.

493 2170 559 2247 De
575 2167 781 2269 appellatio
797 2166 1062 2246 utaettaeoo.

394 2288 424 2363 f.
440 2288 533 2380 149]
590 2287 823 2364 common*
845 2284 1074 2384 quandoque
1096 2286 1199 2384 quod
1220 2285 1407 2384 appellati
1429 2286 1476 2362 de
1497 2293 1622 2362 morte
1643 2283 1816 2373 hominis,
1840 2283 1984 2384 plaga,²

394 2406 556 2495 roheria,
576 2407 639 2496 vel
660 2405 736 2482 alia
758 2405 902 2482 felonia
924 2431 996 2504 per
1017 2404 1294 2504 negligentiam
1317 2402 1546 2481 vicecomitis
1570 2413 1610 2480 et
1632 2412 1904 2480 coronatorum
1927 2410 1984 2478 at-

394 2523 588 2603 tachiandi
608 2549 687 2600 non
708 2533 809 2601 sunt.
832 2524 890 2600 Et
911 2524 996 2600 ideo
1019 2523 1068 2598 ad
1089 2522 1284 2621 querelam
1308 2521 1589 2621 appellantium
1610 2521 1681 2597 fiat
1703 2522 1818 2597 breve
1841 2520 1985 2597 domini

394 2643 496 2743 regis
512 2644 560 2721 de
577 2642 822 2720 attachiando
838 2668 902 2718 eos
918 2640 1020 2740 quod
1038 2641 1115 2718 sint
1130 2665 1260 2716 coram
1277 2639 1501 2728 iustitiariiS,
1518 2639 1558 2716 in
1573 2640 1645 2716 hac
1661 2640 1800 2716 forms.

494 2762 621 2840 Breve
637 2761 685 2839 de
701 2759 958 2838 attachiaodo.

395 2882 492 2956 Rnx
512 2879 721 2956 vicecomiti
744 2878 919 2954 salutem.
944 2877 986 2953 si
1008 2877 1061 2954 A.
1086 2877 1221 2953 lecerit
1243 2886 1283 2953 te
1304 2902 1480 2953 securum
1503 2875 1551 2952 de
1573 2875 1739 2951 clamore
1762 2900 1832 2951 suo
1856 2899 1984 2974 prose·

395 2999 559 3098 quendo,
576 3008 670 3074 ωηο
687 2995 888 3075 attachiari
906 2995 1026 3073 facias
1043 2996 1092 3071 B.
1111 3021 1181 3095 per
1198 3019 1339 3093 corpus
1357 3019 1470 3070 suum
1487 2995 1590 3094 quod
1609 2994 1658 3071 sit
1676 3017 1806 3069 coram
1823 2991 1984 3068 iustitia·

395 3118 461 3194 riis
482 3118 623 3193 nostris
645 3117 695 3192 ad
718 3115 884 3215 primam
906 3114 1063 3191 assisam
1086 3113 1236 3190 cumin
1259 3120 1390 3212 partes
1413 3112 1498 3189 illas
1521 3111 1707 3200 venerint,
1731 3135 1985 3210 responsurus

395 3236 518 3312 eidem
530 3235 583 3311 A.
597 3235 644 3311 de
655 3243 779 3311 morte
791 3234 837 3310 C.
851 3232 973 3333 patris
985 3233 1047 3308 vel
1057 3231 1204 3320 matris,
1218 3230 1352 3307 lratris
1364 3230 1425 3306 vel
1439 3229 1590 3318 sororis,
1603 3229 1664 3306 vel
1677 3229 1834 3306 alterius
1848 3253 1986 3328 paren·

395 3353 457 3442 tis,
473 3353 534 3430 vel
550 3353 693 3430 domini
710 3352 780 3440 sui,
796 3351 899 3427 unde
914 3377 1003 3427 eum
1019 3349 1203 3450 appellat.
1222 3350 1281 3426 Et
1297 3348 1437 3425 habeas
1453 3348 1505 3424 ibi
1521 3347 1592 3423 hoc
1607 3347 1732 3424 breve.
1752 3349 1869 3423 Teste
1887 3354 1984 3422 etce·

395 3481 491 3548 tera.
512 3471 555 3546 Si
572 3496 664 3547 vero
681 3471 729 3546 de
746 3493 840 3569 pace
858 3469 960 3568 regis
977 3469 1157 3556 infracta,
1176 3468 1274 3545 sicut
1292 3469 1340 3544 de
1359 3492 1453 3566 pace
1472 3476 1510 3544 et
1530 3465 1668 3565 plagis,
1688 3489 1783 3564 pace
1802 3474 1840 3541 et
1858 3463 1984 3540 mahe-

395 3591 484 3678 mio,
501 3614 595 3689 pace
609 3598 648 3666 et
663 3587 824 3677 roheria,
840 3611 935 3686 pace
950 3595 989 3664 et
1005 3595 1124 3685 raptu
1138 3583 1359 3684 virginum,²
1375 3595 1413 3662 et
1429 3583 1657 3672 huiusmodi,
1674 3593 1769 3661 ωηο
1785 3583 1855 3658 fiat
1872 3581 1987 3658 breve

396 3708 677 3784 inhaclorma.
1516 3700 1519 3705 ’

496 3831 622 3908 Aliud
636 3830 751 3907 breve
767 3829 818 3906 od
832 3829 933 3907 idem
949 3829 997 3906 de
1014 3828 1157 3906 eodem.

396 3957 493 4031 Rnx
511 3952 721 4031 vicecomiti
740 3951 915 4029 salutem.
938 3951 981 4026 Si
1000 3952 1053 4028 A.
1074 3949 1210 4026 lecerit
1228 3958 1268 4027 te
1287 3973 1463 4026 securum
1482 3957 1660 4036 etcetera,
1681 3955 1775 4024 ωηο
1794 3971 1896 4045 pone
1916 3970 1987 4043 per

396 4075 553 4150 vodium
572 4081 611 4149 et
631 4070 756 4148 salvos
775 4070 922 4170 plegios
942 4070 991 4146 B.
1013 4069 1116 4168 quod
1138 4069 1187 4146 sit
1206 4092 1336 4143 coram
1356 4065 1568 4144 iustitiariis
1587 4063 1729 4142 nostris
1751 4065 1801 4140 ad
1821 4063 1986 4162 primam

397 4193 556 4269 assisam
570 4199 747 4278 etcetera,
764 4213 1018 4288 responsurus
1033 4187 1155 4263 eidem
1171 4187 1224 4262 Α,
1242 4186 1290 4261 de
1307 4210 1402 4284 pace
1418 4192 1552 4274 nostra
1567 4181 1762 4270 infracta,³
1778 4171 1882 4258 unde
1899 4205 1987 4256 eum

398 4310 582 4410 appellat.
601 4310 660 4385 Et
676 4307 817 4384 habeas
834 4307 886 4383 ibi
903 4305 1059 4382 nomina
1078 4305 1295 4404 plegiorum
1313 4313 1353 4380 et
1371 4303 1441 4378 hoc
1461 4302 1586 4378 breve.
1607 4302 1725 4377 Teste
1745 4308 1921 4376 etoetera.
1944 4297 1987 4373 Si

398 4437 529 4505 autem
546 4425 733 4527 placuerit
751 4423 906 4501 domino
924 4425 1007 4522 regi
1026 4424 1129 4522 quod
1147 4421 1363 4498 huiusmodi
1383 4418 1552 4520 appella⁴
1571 4444 1655 4518 quae
1674 4417 1884 4494 attachiata
1903 4416 1987 4491 fue·

397 4545 504 4623 nmt‘
520 4547 561 4621 in
576 4544 761 4620 comitatu
775 4568 897 4641 usque
913 4541 977 4618 ad⁸
994 4535 1202 4617 adventum
1220 4539 1523 4626 iustitiariorum,
1541 4538 1589 4613 de
1606 4545 1731 4613 morte
1747 4533 1909 4611 hominis
1926 4532 1988 4609 vel

399 4665 446 4741 de
464 4687 557 4763 pace
575 4662 720 4739 domini
736 4662 837 4760 regis
854 4661 1034 4749 infracta,
1052 4659 1208 4737 veniant
1227 4683 1357 4734 coram
1374 4683 1414 4733 se
1432 4656 1516 4755 ipso
1534 4655 1595 4730 vel
1612 4652 1824 4732 iustitiariis
1843 4651 1920 4729 suis
1940 4651 1987 4726 de

398 4782 531 4871 banco,
545 4789 639 4857 tunc
654 4780 725 4856 fiat
739 4780 853 4856 breve
866 4779 906 4854 in
922 4778 993 4854 hac
1009 4778 1138 4853 forma
1152 4777 1200 4852 de
1216 4775 1492 4852 summouendo
1509 4770 1689 4872 appello*

398 4997 426 5033 ’⁸
437 4997 524 5059 illum
546 4999 596 5075 B.,
616 4998 660 5071 V3
686 4995 876 5075 (talis)enm,
897 4993 971 5070 MC,
993 4995 1065 5068 003
1087 4998 1199 5073 ipsum,
1221 4994 1288 5067 ΟΕ,
1309 4993 1383 5068 CM,
1407 4992 1482 5066 ΜΒ,
1504 4990 1572 5051 OB.
1616 4986 1712 5050 ⁹⁰etc.
1735 4995 1771 5049 nt
1792 5006 1899 5064 snpra,
1920 4984 1986 5058 LA,

398 5099 439 5174 Y,
456 5099 603 5278 MlCplaga
625 5197 685 5273 vel,
708 5196 777 5272 OB,
800 5197 877 5271 MA,
900 5194 977 5271 ΜΒ,
1000 5194 1068 5272 CE,
1091 5195 1163 5257 CM.
1209 5193 1374 5274 'virginis
1397 5193 1471 5266 MC,
1495 5193 1535 5269 Y,
1559 5193 1624 5253 LA.
1670 5190 1831 5251 ‘infracta
1854 5195 1896 5265 et,
1919 5188 1988 5262 OB,

264 5273 270 5282 '
400 5300 476 5377 un,
495 5301 571 5376 un,
590 5298 657 5375 cs,
676 5299 750 5360 cn.
790 5296 895 5374 «οη,
914 5297 983 5372 οη,
1003 5297 1080 5370 un,
1100 5296 1175 5358 Ma.
1216 5291 1369 5370 ‘rueme
1389 5294 1483 5356 uss.
1504 5315 1568 5355 m.
1610 5292 1715 5368 rom„
1735 5292 1805 5365 on,
1826 5290 1902 5365 MA,
1922 5289 1989 5364 m,

401 5403 480 5474 MC;
495 5407 538 5477 in,
552 5401 617 5463 OC.
654 5398 665 5433 ⁷
678 5399 848 5480 appellato,
862 5400 932 5473 OB,
947 5400 1022 5474 MA,
1038 5398 1114 5473 ΜΒ,
1130 5397 1197 5473 CE,
1212 5398 1292 5470 CM;
1308 5395 1478 5474 appellum,
1493 5395 1538 5468 V;
1554 5392 1757 5473 appellatum,
1773 5392 1838 5452 OC.
