4394 6342
763 1359 1275 1458 KALENDARIUM

224 1618 273 1695 F.
339 1627 360 1694 1
388 1617 487 1706 Quae
504 1625 594 1694 sunt
611 1617 694 1715 regi
709 1615 932 1694 necessario.

389 1737 432 1812 Si
446 1736 629 1835 disipiens
645 1745 684 1812 et
698 1735 876 1812 indoctus
891 1734 1114 1812 cathedram
1130 1733 1323 1811 iudicandi
1340 1733 1564 1810 ascenderit.

387 1854 637 1931 Prohemium
653 1853 830 1931 auctoris.

387 1972 486 2061 Quoe
501 1972 550 2049 sit
566 1972 738 2048 materia.

387 2092 486 2181 Quae
500 2091 674 2168 intentio.

387 2209 486 2298 Quae
501 2209 659 2286 utilitas..

387 2329 486 2418 Quis
504 2329 603 2405 finis.

387 2447 514 2545 Leges
529 2447 662 2524 iubent
677 2454 716 2523 et
730 2453 875 2522 vetunt.

388 2564 552 2663 Sapiens
568 2589 648 2642 esse
664 2564 777 2641 debet
791 2565 857 2663 qui
872 2563 1027 2640 iudicat.

223 2685 273 2762 F.
338 2692 361 2759 2
388 2684 487 2773 Quae
505 2684 555 2761 sit
572 2707 690 2782 poena
704 2682 804 2759 mole
822 2682 1036 2759 iudicantis.

387 2803 495 2892 Quid
510 2803 559 2879 sit
572 2803 636 2878 lex
650 2811 689 2878 et
703 2801 796 2901 quid
810 2800 1058 2878 consuetudo.

387 2920 494 3009 Quid
510 2921 559 2997 sit
575 2920 731 2996 iustitis.

387 3037 496 3127 Quid
510 3038 559 3116 sit
572 3039 643 3115 ius.

224 3154 273 3233 F.
338 3163 363 3232 8
388 3155 566 3232 Addieio.

387 3274 495 3363 Quid
510 3273 602 3352 iuris
617 3272 836 3374 prudentia.

388 3393 495 3482 Quid
510 3393 679 3490 equitas.

387 3510 487 3599 Quoe
502 3511 594 3587 iuris
612 3519 815 3609 precepta.

388 3627 496 3716 Quid
510 3629 559 3705 sit
575 3629 633 3704 ius
650 3629 856 3727 privatum.
1003 3665 1009 3678 =

387 3745 496 3834 Quid
509 3747 558 3823 sit
572 3746 631 3822 ius
644 3745 833 3822 naturale.

224 3865 274 3941 F.
338 3873 362 3940 4
388 3864 496 3953 Quid
509 3864 558 3940 sit
571 3865 630 3940 ius
643 3863 761 3939 civile.

388 3982 496 4071 Quid
511 3983 560 4059 sit
574 3983 633 4059 ius
648 3982 834 4080 gentium.

388 4100 495 4189 Quid
510 4100 560 4177 sit
573 4100 830 4177 manumissio.

388 4217 506 4306 Quod
523 4243 635 4294 omne
651 4219 710 4293 ius
728 4219 896 4317 pertinet
913 4218 974 4294 vel
992 4219 1042 4294 ad
1060 4242 1243 4316 personas
1260 4218 1321 4294 vel
1338 4218 1389 4294 ed
1406 4244 1467 4295 res
1484 4217 1546 4295 vel
1564 4219 1615 4296 nd
1632 4218 1812 4297 actiones.

387 4335 453 4412 De
469 4336 595 4435 primo
610 4335 793 4412 divisione
809 4360 1072 4434 personarum.

389 4453 496 4542 Quid
511 4454 560 4530 sit
573 4453 741 4529 libeltes.

388 4570 495 4659 Quid
512 4571 560 4647 sit
577 4571 750 4647 servitus.

390 4687 500 4763 Servi
515 4696 583 4763 sut
597 4698 809 4765 noscuntur
824 4697 891 4764 sut
906 4689 1024 4764 fiunt:
1039 4689 1205 4787 qualiter
1219 4698 1442 4767 nascuntur.

224 4806 274 4883 F.
338 4815 361 4881 5
388 4805 568 4895 Qualiter
585 4807 684 4882 servi
701 4807 812 4881 fiunt.

388 4924 487 5013 Quis
503 4925 577 5001 dici
595 4924 715 5022 possit
732 4924 881 5000 liberet
898 4925 982 5023 quis
999 4925 1200 5022 ingenuus.

387 5046 468 5135 Qui
482 5044 664 5122 dicuntur
675 5042 853 5119 libertini.

388 5163 468 5252 Qui
488 5162 562 5239 diei
583 5170 768 5261 poterunt
789 5160 897 5237 liberi
918 5170 957 5236 et
977 5161 1194 5260 computari
1215 5161 1380 5238 debeant
1401 5163 1502 5239 inter
1523 5188 1665 5262 pueros
1686 5174 1725 5243 et
1747 5165 1813 5264 qui

487 5305 576 5356 non.

386 5397 481 5474 Alis
497 5397 630 5473 divisio
646 5396 854 5472 hominum.
