4432 6336
664 403 725 462 DE
749 402 1052 475 ADQUIRENDO
1075 403 1233 466 RERUM
1256 404 1459 466 DOMINIO
1787 415 1857 481 141

268 578 348 630 non
371 562 511 652 potest,
535 553 626 653 quia
649 580 720 652 per
742 554 813 630 hoc
837 554 981 630 amittit
1005 553 1180 631 dominus
1205 554 1402 631 servitium
1427 580 1551 642 suum,
1577 554 1680 653 quod
1705 557 1860 655 quidem

267 696 347 749 non
365 680 423 749 cst
440 699 587 761 verum,
607 673 714 749 salva
732 698 826 771 pace
845 682 885 750 et
904 674 1118 750 reverentia
1136 672 1360 773 capitalium
1380 673 1633 749 dominorum.
1657 674 1763 764 <Et
1784 673 1858 750 sin·

267 789 482 887 gularitm⁸'
505 815 640 867 verum
661 798 719 868 est
739 793 844 888 quod
864 792 1088 869 donatarius
1110 815 1192 868 rem
1213 801 1252 868 et
1273 801 1419 868 terram
1441 791 1512 866 sibi
1532 792 1666 869 datam
1687 791 1859 868 donare⁸⁸

267 908 412 1009 poterit
431 908 492 984 cui
511 909 687 998 voluerit,
707 910 780 986 nisi
799 911 850 986 ad
869 910 940 985 hoc
960 909 1175 1008 specialiter
1195 919 1337 1008 agatur
1358 910 1397 986 in
1417 909 1652 986 donatione⁸⁰
1673 910 1750 986 ne⁴⁰
1771 936 1858 1011 pos-

268 1025 406 1117 sit.‘¹>
425 1027 526 1103 Cum
542 1028 643 1104 enim
659 1027 743 1126 quis
759 1037 1022 1104 tenementum
1039 1028 1187 1106 dederit
1204 1027 1379 1104 certum⁴²
1396 1027 1493 1124 dat⁴³
1510 1037 1773 1106 tenementum
1788 1029 1860 1105 tali

267 1146 394 1234 modo,
409 1155 453 1222 ut
467 1155 590 1224 certas
604 1146 898 1223 consuetudines
912 1147 1072 1246 recipiat
1088 1155 1290 1223 etcertum
1305 1146 1514 1236 servitium,
1530 1148 1740 1224 secundum
1756 1149 1860 1246 quod

267 1265 444 1364 superius
464 1265 611 1342 dictum
630 1274 699 1342 est.
721 1266 780 1341 Et
798 1266 901 1341 unde
922 1266 970 1341 de
991 1265 1073 1342 iure
1093 1266 1181 1364 plus
1202 1264 1334 1365 petere
1354 1290 1433 1341 non
1453 1266 1608 1364 poterit,
1631 1267 1662 1342 si
1681 1265 1859 1343 habuerit

268 1384 373 1480 quod
394 1383 584 1471 convenit,
608 1390 648 1458 et
671 1382 724 1458 sic
747 1381 888 1459 tollat⁴⁴
912 1384 1015 1482 quod
1040 1383 1179 1459 suum⁴⁸
1206 1383 1326 1460 fuerit
1349 1393 1389 1461 et
1412 1385 1541 1460 vadat.
1567 1384 1662 1460 Non
1686 1385 1788 1462 enim
1812 1382 1859 1461 fit

267 1503 424 1579 donatio
439 1502 510 1578 tali
526 1502 641 1578 modo
658 1502 762 1600 quod
776 1501 916 1579 habeat
932 1501 1145 1577 custodiam
1162 1510 1274 1578 terrae
1292 1511 1330 1578 et
1347 1501 1496 1578 heredis
1513 1502 1773 1601 maritagium,
1791 1504 1858 1579 sed

267 1623 372 1720 quod
388 1619 527 1698 habeat
543 1620 766 1718 homagium
783 1629 822 1697 et
841 1620 1049 1696 servitium.
1071 1620 1150 1696 Sed
1168 1645 1255 1696 cum
1274 1620 1496 1718 homagium
1514 1620 1702 1710 habuerit,
1721 1631 1761 1698 et
1780 1621 1858 1698 tale

268 1738 453 1817 debeatur
470 1738 731 1817 forinsecum⁴⁶
750 1740 854 1837 quod
871 1738 1025 1814 domino
1043 1737 1200 1838 capitah
1219 1739 1405 1815 debeatur
1424 1739 1607 1815 relevium
1626 1748 1665 1815 et
1683 1740 1858 1816 custodia

266 1870 379 1937 terrae
397 1868 437 1937 et
455 1857 703 1956 maritagium
721 1855 870 1933 heredis
891 1881 979 1933 cum
999 1855 1206 1946 evenerint,
1227 1865 1266 1933 ct
1286 1882 1370 1954 quae
1390 1866 1605 1955 sequuntur
1624 1858 1858 1934 forinsecum

267 1978 364 2055 sicut
381 1977 579 2054 servitium
595 1975 740 2052 domini
758 1975 871 2073 regis.
890 1976 1118 2073 Numquam
1134 1973 1293 2051 tamen⁴'
1312 1974 1465 2052 habebit
1484 1975 1662 2053 dominus
1680 1975 1857 2077 capitahs

256 2099 341 2192 ¹ista
355 2097 479 2185 simul,
496 2097 699 2172 sedunum
714 2095 876 2171 istonrm
891 2102 1149 2170 tantumcum
1164 2093 1345 2182 evenerit,
1362 2103 1430 2170 aut
1448 2093 1630 2170 relevium
1647 2102 1715 2170 aut
1731 2103 1856 2172 custo·

268 2214 370 2291 diam
395 2223 436 2292 et
461 2213 609 2290 heredis
635 2212 895 2310 maritagium.
923 2213 982 2288 Et
1010 2211 1106 2286 hene
1132 2212 1276 2311 poterit
1305 2237 1385 2289 esse
1414 2213 1517 2310 quod
1544 2237 1666 2288 unum
1692 2213 1856 2289 istorum

265 2331 445 2431 semper⁴⁸
460 2329 635 2408 eveniet⁴'
651 2341 691 2409 et
707 2330 812 2407 aliud
828 2355 1050 2429 numquam.
1067 2331 1126 2407 Et
1141 2332 1244 2407 unde
1261 2331 1292 2406 si
1308 2330 1485 2406 dominus
1501 2337 1657 2407 tantum
1673 2331 1857 2408 relevium

266 2450 405 2528 habeat
428 2461 469 2528 et
492 2459 625 2527 teneat
649 2447 766 2525 inde⁶⁰
792 2474 832 2525 se
857 2457 1093 2537 contentum,
1120 2449 1294 2547 quamvis
1319 2449 1408 2548 plus
1435 2449 1589 2526 valeant
1616 2449 1791 2526 custodia
1817 2458 1855 2525 et

264 2570 293 2646 f.
309 2570 378 2662 46]
433 2569 581 2644 heredis
593 2567 853 2664 maritagium,
866 2576 905 2644 et
919 2566 1009 2664 quia
1020 2565 1086 2642 ubi
1099 2567 1183 2665 quis
1195 2575 1351 2643 tenetur
1364 2569 1415 2643 ad
1428 2567 1505 2643 duo
1519 2567 1590 2643 sub
1604 2567 1855 2644 disiunctione

263 2712 386 2764 unum
401 2687 583 2766 solvendo
598 2686 660 2763 vel
676 2686 853 2763 faciendo
868 2685 1065 2762 liberatur.
1083 2686 1142 2762 Et
1157 2685 1260 2762 unde
1276 2710 1365 2762 cum
1382 2685 1467 2784 quis
1484 2685 1659 2784 capitalis
1678 2686 1854 2764 dominus

262 2813 460 2882 tenentem
473 2831 586 2883 suum
597 2804 815 2903 impedierit
828 2804 933 2902 quod
946 2805 1039 2880 dare
1051 2829 1130 2879 non
1143 2803 1276 2902 possit,
1291 2803 1386 2880 facit
1400 2805 1434 2880 ei
1447 2803 1625 2880 iniuriam
1640 2814 1679 2882 et
1693 2805 1854 2881 disseisi·

263 2949 355 3000 nam
371 2933 548 3023 apertam
563 2949 612 3000 ex
626 2949 703 3022 quo
719 2923 828 2999 illum
844 2949 886 3000 re
903 2932 1028 3000 suaet
1045 2922 1182 2999 seisina
1197 2923 1256 2999 uti
1273 2947 1352 2997 uon
1369 2922 1571 3021 permittit.
1591 2925 1745 3000 Tenens
1762 2949 1854 2999 vero

263 3041 410 3119 nullam
426 3042 521 3119 facit
536 3041 716 3118 iniuriam
731 3041 885 3118 domino
902 3066 971 3118 suo
988 3067 1036 3117 ex
1052 3040 1122 3118 tali
1137 3040 1344 3118 donatione
1360 3041 1534 3139 quamvis
1552 3041 1747 3131 damnum,
1765 3066 1854 3118 cum

263 3160 345 3259 ipse
367 3160 544 3237 dominus
562 3159 703 3236 habere
723 3159 845 3258 possit
865 3158 1049 3236 relevium
1070 3159 1118 3235 de
1138 3185 1208 3236 suo
1230 3159 1395 3236 feoffato
1416 3168 1455 3236 et
1476 3159 1556 3236 eius
1577 3160 1791 3249 heredibus,
1813 3168 1854 3236 et

262 3278 352 3354 licet
370 3279 555 3355 damnum
574 3279 608 3354 ei
627 3277 758 3367 faciat,
778 3303 857 3354 non
875 3287 1006 3355 tamen
1024 3277 1098 3355 erit
1118 3277 1343 3354 iniuriosum
1363 3278 1548 3377 praedicta
1567 3278 1727 3354 ratione.
1750 3279 1854 3355 Item

262 3398 382 3474 videri
398 3397 542 3497 poterit
557 3398 661 3495 quod
675 3395 851 3496 capitalis
866 3396 1045 3473 dominus
1060 3395 1239 3473 iniuriam
1256 3396 1350 3473 facit
1366 3398 1546 3496 ponendo
1563 3422 1603 3474 se
1618 3397 1660 3472 in
1677 3396 1853 3473 saisinam

261 3516 304 3592 in
318 3516 405 3616 ipsa
419 3515 625 3592 donatione
640 3513 807 3592 tenentis
824 3515 882 3592 sui
899 3524 1072 3591 recenter
1087 3515 1148 3590 vel
1166 3525 1255 3614 post
1272 3524 1438 3614 tempus,
1456 3516 1487 3591 si
1504 3516 1576 3592 hoc
1594 3517 1628 3592 ei
1644 3541 1723 3592 non
1740 3515 1852 3592 liceat

263 3660 311 3710 ex
329 3634 591 3711 conventione.
612 3633 717 3722 Quia
735 3641 817 3710 esto
836 3633 939 3731 quod
958 3658 1046 3709 cum
1065 3658 1209 3732 ponere
1229 3659 1268 3710 se
1288 3633 1453 3711 voluerit
1472 3633 1513 3710 in
1533 3634 1709 3710 seisinam
1729 3634 1852 3732 repel-

261 3754 377 3843 latur,
394 3754 456 3830 vel
471 3779 558 3831 cum
573 3754 615 3830 in
630 3753 768 3830 seisina
783 3753 903 3829 fuerit
920 3752 1051 3830 statim
1067 3753 1237 3841 eiciatur,
1254 3752 1356 3829 unde
1374 3754 1424 3829 ad
1441 3754 1511 3830 hoc
1528 3754 1631 3852 quod
1649 3754 1682 3830 ei
1699 3778 1850 3853 compe

260 3882 322 3951 tat
338 3874 438 3950 actio
456 3875 503 3949 de
519 3874 731 3970 repetenda
747 3872 895 3962 seisina,
913 3881 1069 3973 oportet
1086 3872 1224 3949 dicere²
1242 3872 1294 3948 et¹
1314 3873 1462 3950 docere⁸
1481 3874 1584 3972 quod
1603 3882 1798 3973 competat
1816 3875 1851 3951 ei

262 3993 333 4084 ius,
360 4003 399 4071 et
424 3994 526 4093 quod
553 3994 661 4071 facta
684 3992 734 4071 sit
759 3995 794 4071 ei
818 3993 969 4069 iniuria.
996 3993 1116 4069 Unde
1141 4018 1229 4069 cum
1254 3991 1432 4091 repulsus
1460 3993 1579 4070 fuerit
1607 3993 1687 4070 sinc
1713 3994 1852 4071 seisina

260 4113 403 4204 habita,
420 4140 499 4191 non
516 4114 640 4191 video*
658 4115 761 4214 quod
779 4112 987 4214 competat⁶
1006 4113 1135 4213 aliqua
1153 4113 1266 4191 actio⁰
1285 4140 1356 4213 per
1374 4140 1491 4212 quam
1510 4114 1711 4213 adquirere
1729 4115 1851 4212 possit

261 4235 449 4324 saisinam,
464 4261 581 4335 quam
595 4261 806 4334 numquam
820 4236 954 4312 habuit
968 4236 1029 4311 vel
1043 4235 1219 4312 seisinam
1236 4235 1394 4312 alicuius
1410 4235 1669 4325 antecessoris,
1686 4235 1747 4310 vel
1762 4259 1851 4312 cum

261 4354 402 4432 eiectus
429 4355 548 4433 fuerit
574 4355 737 4432 liberum
762 4363 1026 4432 tenementum
1051 4378 1280 4454 recuperare
1306 4381 1385 4432 non
1411 4355 1555 4455 poterit
1582 4380 1653 4455 per
1680 4355 1849 4444 assisam,

259 4473 422 4552 lihenrm
438 4484 701 4552 tenementum
718 4478 822 4574 quod
840 4501 919 4551 non
934 4475 1079 4552 habuit.
1102 4476 1145 4552 Si
1164 4485 1294 4553 autem
1312 4476 1545 4554 summoneri
1564 4475 1712 4554 fecerit'
1731 4478 1849 4553 dona-

258 4595 403 4673 tarium
418 4621 537 4693 quare
553 4596 712 4672 feodum
728 4622 840 4673 suum
856 4595 1027 4685 intravit,
1043 4595 1275 4695 respondere
1293 4596 1436 4695 poterit
1453 4606 1492 4673 et
1509 4598 1644 4674 docere
1661 4597 1850 4674 rationem

258 4807 494 4890 ⁸'generaliten
506 4811 546 4886 V,
557 4810 613 4872 OC
630 4812 755 4891 (corn).
791 4810 817 4846 ⁸⁸
829 4812 915 4888 darc,
926 4813 992 4873 LA.
1026 4810 1053 4846 ³⁰
1064 4812 1218 4888 donando,
1232 4813 1310 4888 MG,
1322 4812 1395 4874 CM.
1429 4811 1495 4847 ⁴⁰⁴²
1508 4812 1848 4889 Om,OC,MG,CM.

259 4907 324 4944 ⁴²⁴⁸
336 4911 516 4986 circumdat,
532 4913 599 4988 LA,
615 4913 688 4974 MC.
727 4911 753 4947 ⁴⁴
764 4912 859 4989 tollit,
875 4914 914 4989 V,
932 4914 1009 4974 MG.
1047 4911 1073 4946 ⁴⁶
1086 4913 1214 4989 iactum,
1231 4915 1309 4990 MG,
1327 4913 1400 4974 CM.
1438 4911 1465 4947 ⁴⁴
1478 4913 1664 4974 forinsecum
1681 4917 1849 4990 servitium,

108 5027 112 5034 ·
259 5009 299 5085 V,
321 5011 399 5086 MG,
422 5012 497 5086 CM,
519 5013 585 5075 OC.
630 5011 749 5090 ⁴⁷0m.,
773 5015 850 5088 MG,
874 5014 946 5074 CM.
992 5012 1058 5048 ‘⁸⁰⁴⁰
1069 5019 1277 5093 superveniet,
1302 5016 1380 5092 MG,
1405 5016 1484 5089 cM;
1509 5035 1603 5094 super
1626 5018 1757 5093 eveniet,
1781 5015 1847 5078 OC.

258 5106 285 5142 ⁴⁹
296 5114 409 5187 evenit,
424 5112 493 5188 OB,
508 5113 585 5189 MA,
601 5112 676 5175 ΜΒ.
713 5112 831 5190 ⁶⁰Om,
847 5114 916 5190 OB,
931 5116 1008 5191 MA,
1024 5117 1101 5191 ΜΒ,
1117 5117 1183 5179 CE.

341 5210 472 5288 ¹·²Om.,
488 5213 557 5289 oh,
573 5214 639 5276 LA.
676 5213 806 5291 ²⁶⁸Om.‚
822 5216 889 5292 OC,
907 5216 985 5291 MG,
1001 5217 1075 5280 CM.
1113 5215 1252 5280 ⁴·0video
1270 5217 1404 5296 aliquam
1421 5221 1581 5294 actionem,
1598 5219 1668 5297 OA,
1684 5219 1752 5297 LA,
1770 5220 1848 5296 MG,
1980 5215 1982 5220 ’

257 5311 332 5387 CM,
351 5315 424 5375 MC.
464 5312 502 5347 ¹¹⁶
514 5323 669 5394 competat
687 5315 821 5394 aliquam
840 5321 1002 5394 actionem
1019 5317 1086 5380 OC.
1126 5315 1239 5395 'fecit
1257 5320 1335 5395 MG,
1354 5321 1428 5382 CM.
1659 5309 1661 5314 ¹
