4432 6336
373 468 444 536 146
902 462 1125 522 BRACTON:
1147 462 1208 523 DE
1231 462 1424 524 LEGIBUS

369 611 591 709 obligatam.
612 612 670 688 Et
688 611 776 688 licet
794 612 936 688 eiectus
955 612 1074 689 fuerit
1093 620 1132 689 et
1151 621 1263 689 extra
1281 612 1470 702 saisinam,
1489 612 1644 689 habebit
1662 623 1793 691 tamen
1813 641 1960 712 regres-

371 755 456 807 sum
479 730 528 804 ad
551 730 791 806 excambium
815 756 946 808 versus
971 756 1083 808 suum
1108 729 1366 821 feoffatorem‚
1392 732 1482 830 quia
1504 740 1660 809 tenetur
1684 734 1718 809 ei
1743 759 1834 809 suus
1859 734 1960 810 leof·

371 849 477 925 fator
495 849 622 925 facere
641 850 745 947 quod
762 850 956 948 promisit:
976 849 1153 948 promisit
1172 850 1274 927 enim
1291 850 1332 926 in
1350 877 1421 927 sua
1441 851 1647 928 donatione
1667 878 1749 929 rem
1768 878 1850 929 esse
1869 852 1960 928 libe-

370 992 455 1044 ram
474 992 590 1065 quam
611 993 659 1044 ex
679 977 767 1067 post
787 968 892 1044 facto
912 969 1057 1045 invenit
1077 979 1287 1046 oneratam.
1312 970 1354 1045 Si
1375 978 1507 1047 autem
1527 972 1693 1047 donator
1711 970 1862 1068 ingredi
1883 996 1962 1047 non

370 1085 493 1183 possit
511 1086 720 1163 secundum
739 1089 842 1185 quod
860 1087 901 1164 in
919 1088 1125 1164 donatione
1144 1089 1332 1177 convenit,
1352 1088 1505 1165 habebit
1524 1090 1712 1165 actionem
1731 1116 1779 1165 ex
1798 1114 1961 1165 conven-

370 1203 475 1280 tione
499 1230 630 1282 versus
655 1213 875 1304 utrumque,
900 1216 982 1283 tam
1006 1215 1142 1282 contra
1166 1207 1404 1283 secundum⁸⁸
1429 1207 1674 1284 donatarium
1699 1233 1816 1306 quam
1841 1207 1890 1284 ab
1916 1235 1961 1285 eo

371 1322 590 1411 feoffatum,
608 1323 699 1422 quia
716 1325 941 1402 donatarius
957 1333 1114 1402 tenetur
1131 1351 1179 1402 ex
1197 1326 1448 1402 conventione
1466 1326 1670 1424 obligatus,
1690 1336 1729 1403 et
1749 1351 1840 1403 suus
1859 1328 1960 1403 leof·

371 1441 478 1518 fatus
497 1450 653 1518 tenetur
672 1443 763 1542 quia
782 1469 863 1520 rem
884 1445 1030 1521 detinet
1051 1443 1273 1542 obligatam,
1293 1453 1333 1521 et
1354 1444 1484 1520 nullus
1505 1469 1638 1522 eorum
1659 1470 1731 1544 per
1752 1471 1803 1521 se.
1825 1446 1960 1522 Dona·

370 1563 492 1639 tarius
516 1588 606 1652 non,
629 1563 820 1662 quianon
842 1570 971 1662 potest
994 1562 1195 1640 restituere
1218 1563 1307 1639 licet
1329 1573 1509 1640 teneatur
1532 1589 1581 1639 ex
1604 1565 1866 1652 conventione,
1892 1588 1962 1641 nec

372 1684 559 1760 feoffatus
586 1682 705 1757 abeo
732 1681 822 1780 quia
847 1707 926 1758 non
951 1689 1106 1757 tenetur
1131 1707 1180 1757 ex
1207 1683 1458 1758 conventione
1484 1683 1573 1759 licet
1599 1683 1720 1781 possit
1747 1683 1960 1760 restituere.

371 1803 497 1877 Facta
510 1799 630 1898 igitur
643 1798 922 1876 conventione⁸⁰
937 1799 1137 1899 utriusque
1151 1800 1335 1899 procedat
1351 1799 1450 1877 actio
1465 1801 1577 1877 simul
1592 1809 1728 1876 contra
1742 1810 1961 1900 utrumque,

370 1929 409 1997 et
427 1945 504 2018 quo
520 1945 611 1996 casu
629 1945 717 1994 cum
735 1919 883 2017 primus
903 1919 1090 1995 feoffator
1107 1917 1328 2007 obtinuerit,
1347 1917 1495 1995 faciat⁴⁰
1514 1919 1702 1996 secundus
1722 1920 1962 1997 excambium

371 2064 440 2116 suo
461 2038 637 2115 feoffato.
661 2038 763 2115 Item
785 2037 929 2136 poterit
949 2037 1032 2113 fieri
1052 2037 1210 2114 donatio
1230 2063 1317 2114 cum
1337 2037 1407 2113 tali
1427 2037 1542 2114 modo
1563 2063 1612 2115 ne
1632 2063 1693 2114 res
1714 2039 1829 2115 detur
1850 2039 1962 2115 alicui

370 2165 629 2255 praeterquam
651 2156 725 2254 ipsi
747 2157 937 2232 donatori.
961 2156 1020 2231 Et
1042 2155 1207 2253 qualiter
1228 2156 1312 2231 fieri
1334 2156 1472 2233 debeat
1494 2156 1535 2232 in
1556 2157 1628 2232 hoc
1649 2182 1740 2232 casu
1764 2158 1856 2234 satis
1878 2157 1963 2235 clici

370 2274 515 2374 poterit
533 2274 608 2350 de⁴¹
628 2274 843 2374 praemissis.
866 2276 970 2351 Item
989 2273 1072 2350 fieri
1092 2274 1237 2374 poterit
1256 2273 1414 2351 donatio
1433 2299 1482 2350 ne
1502 2275 1563 2351 cui
1582 2274 1698 2351 detur
1717 2301 1741 2350 a
1760 2276 1962 2384 donatario

370 2394 433 2470 vel
448 2393 649 2470 heredibus
666 2393 754 2482 suis,
770 2403 810 2470 et
826 2392 878 2470 sic
893 2418 971 2468 non
988 2393 1061 2470 erit
1077 2392 1234 2470 donatio
1250 2393 1370 2469 libera
1386 2418 1473 2470 cum
1489 2394 1538 2470 sit
1556 2393 1730 2470 servituti
1748 2383 1961 2493 supposito.

371 2513 429 2589 Et
450 2512 552 2588 unde
572 2512 604 2587 si
623 2511 774 2588 dicatur
793 2511 1036 2610 generaliter,
1058 2511 1291 2589 teaeodom⁴²
1312 2510 1441 2599 libere,
1462 2511 1679 2588 detrahitur
1697 2522 1829 2589 tamen
1849 2512 1961 2589 liber·

370 2630 444 2707 tati
460 2655 531 2730 per
547 2628 798 2707 adiectionem
814 2654 898 2729 quae
915 2630 1087 2729 sequitur
1104 2655 1152 2707 ne
1170 2632 1247 2719 det,
1265 2639 1304 2707 et
1322 2629 1565 2708 nihilominus
1582 2630 1778 2729 obligatur
1795 2656 1857 2708 res
1875 2656 1962 2708 cum

371 2773 547 2848 persona.
568 2749 671 2825 Item
688 2748 833 2848 poterit
851 2747 1008 2825 donatio
1026 2748 1110 2824 fieri
1129 2774 1178 2824 ne
1195 2749 1277 2837 fiat,
1295 2747 1362 2824 id⁴⁸
1380 2747 1467 2824 est⁴⁴
1486 2775 1535 2825 ne
1553 2749 1777 2826 donatarius
1796 2751 1862 2826 det
1880 2775 1962 2826 rem

371 2867 401 2942 f.
416 2868 485 2960 48]
542 2867 612 2943 sibi
631 2867 775 2956 datam,
794 2867 856 2943 vel
875 2892 960 2943 eam
980 2867 1084 2943 ferat
1103 2866 1135 2943 si
1154 2867 1304 2944 mobilis
1325 2867 1386 2955 sit,
1407 2867 1468 2943 vel
1489 2869 1547 2944 ea²
1567 2876 1703 2945 utatur
1723 2868 1784 2944 vel
1806 2869 1963 2944 fruatur

372 2988 403 3065 si
423 2988 636 3066 immobilis.
658 2988 717 3066 Et
737 2989 768 3065 si
787 2989 858 3064 hoc
878 2988 952 3065 dici
973 2987 1111 3066 debeat
1130 2989 1299 3077 donatio,
1320 2988 1466 3065 inutilis
1486 2989 1560 3065 erit
1581 2989 1736 3064 omnino
1758 2997 1797 3066 et
1817 2988 1962 3065 infruc-

373 3116 487 3184 tuosa
512 3107 601 3184 licet
629 3107 860 3184 interveniat
887 3106 1058 3196 traditio,
1087 3107 1177 3205 quia
1205 3133 1284 3183 non
1312 3108 1358 3184 fit
1388 3107 1620 3206 accipientis,
1650 3116 1688 3184 et
1717 3108 1803 3184 ideo
1833 3109 1963 3207 potius

372 3225 534 3302 dicenda
557 3235 616 3303 est
640 3225 758 3302 nulla.
785 3227 889 3302 Item
913 3226 996 3302 dari
1021 3225 1166 3325 poterit
1189 3235 1295 3302 terra
1317 3225 1473 3302 liberius
1499 3252 1615 3324 quam
1639 3227 1722 3325 ipse
1746 3227 1872 3303 tenuit
1898 3226 1963 3326 qui

373 3346 491 3434 dedit,
512 3355 551 3422 et
571 3355 702 3422 tamen
721 3343 812 3443 quia
832 3369 893 3420 res
913 3344 1053 3421 transit
1074 3370 1162 3421 cum
1182 3369 1297 3421 onere
1320 3370 1471 3444 semper
1491 3355 1623 3422 manet
1645 3345 1816 3444 obligata
1838 3346 1963 3444 primo

373 3465 583 3541 feoffatori.
606 3464 711 3540 Item
730 3488 802 3562 per
819 3463 943 3539 maius
964 3462 1172 3552 servitium,
1194 3471 1233 3540 et
1253 3489 1324 3562 per
1345 3463 1415 3539 hoc
1437 3464 1584 3563 primus
1606 3463 1793 3540 feoffator
1814 3464 1963 3540 nullum

373 3583 616 3659 commodum
640 3580 912 3680 consequitur?
937 3581 1010 3658 nisi
1035 3580 1075 3656 in
1101 3605 1190 3658 casu
1217 3582 1248 3658 si
1274 3583 1377 3659 forte
1402 3582 1624 3680 homagium
1651 3583 1710 3658 sui
1735 3583 1902 3659 tenentis
1929 3582 1963 3658 ei

374 3701 552 3777 acciderit
575 3699 634 3776 ut'
657 3700 828 3790 eschaeta,
852 3700 914 3777 vel
937 3725 1008 3799 pro
1031 3699 1187 3777 defectu
1210 3700 1359 3778 heredis
1382 3699 1443 3778 vel
1466 3726 1539 3800 pro
1563 3700 1707 3778 felonia
1730 3701 1791 3777 vel
1815 3701 1963 3778 ratione

372 3818 566 3908 custodia,
583 3818 644 3896 vel
661 3818 889 3896 huiusmodi.
910 3820 1014 3896 Item
1033 3820 1136 3917 quod
1154 3818 1238 3918 quis
1256 3827 1363 3896 tenet
1381 3844 1453 3917 per
1471 3819 1668 3896 servitium
1686 3820 1853 3897 militare
1871 3820 1964 3896 dare

373 3938 517 4038 poterit
540 3937 710 4014 tenendi⁴
735 3937 775 4012 in
798 3936 950 4036 socagio
973 3947 1012 4014 et
1035 3964 1056 4014 e
1080 3937 1284 4014 contrario.
1310 3939 1418 4014 Bene
1443 3938 1544 4014 enim
1569 3938 1713 4037 poterit
1736 3947 1871 4015 tenens
1897 3938 1963 4015 ali·

373 4057 480 4134 cuius
500 4064 652 4134 mutare
673 4056 971 4133 feoffamentum
992 4066 1031 4133 et
1053 4055 1251 4133 servitium
1272 4064 1462 4155 quantum
1484 4058 1534 4132 ad
1556 4057 1685 4155 ipsum
1707 4064 1747 4133 et
1768 4064 1964 4134 tenentem

374 4201 498 4263 suum,
515 4184 555 4252 et
571 4174 627 4252 ita
644 4175 749 4274 quod
765 4175 799 4251 ei
817 4199 895 4250 non
912 4173 1121 4273 competat⁵
1140 4174 1314 4250 custodia
1332 4200 1402 4251 nec
1419 4175 1568 4252 heredis
1586 4174 1753 4252 tenentis
1773 4176 1831 4252 sui
1849 4176 1963 4252 mari·

375 4295 537 4393 tagium,
563 4292 737 4393 quamvis
763 4293 841 4368 haec
867 4293 996 4368 omnia
1021 4301 1244 4392 competant
1272 4318 1341 4370 suo
1369 4293 1579 4370 feoffatori.
1609 4293 1681 4370 ΕΜ
1710 4293 1802 4392 quid
1831 4293 1862 4370 si
1890 4318 1963 4392 pro

374 4413 530 4490 defectu
555 4410 716 4499 heredis,
741 4412 802 4486 vel
828 4436 899 4508 per
925 4409 1122 4487 feloniam'
1149 4409 1224 4486 vel⁸
1251 4411 1325 4488 alio
1350 4411 1492 4501 modo,⁰
1520 4412 1670 4488 eveniat
1697 4413 1800 4510 quod
1827 4413 1964 4488 ultimo

374 4531 561 4608 feodatus
583 4538 713 4607 tenere
736 4529 873 4605 debeat
896 4529 944 4605 de
966 4529 1092 4628 primo
1115 4530 1334 4619 feoffatore,
1357 4556 1445 4608 cum
1467 4531 1616 4608 ratione
1640 4532 1698 4608 sui
1721 4531 1965 4608 feoffamenti

374 4675 445 4748 per
466 4648 664 4725 servitium
685 4647 851 4724 militare
873 4657 1067 4747 competat
1090 4649 1124 4724 ei
1146 4649 1320 4725 custodia
1341 4659 1380 4727 et
1401 4650 1649 4748 maritagium
1671 4651 1831 4740 heredis,
1855 4661 1894 4727 et
1917 4650 1965 4726 de

374 4768 629 4844 feoffamento
649 4766 815 4844 tenentis
835 4767 895 4844 sui
915 4793 985 4866 per
1005 4767 1202 4866 socagium
1221 4770 1269 4845 de
1289 4777 1431 4845 natura
1452 4769 1593 4866 socagii
1615 4795 1694 4845 non
1714 4777 1910 4868 competat
1931 4768 1966 4845 ei

376 4987 494 5062 ⁸⁸Om.‚
512 4987 590 5061 MG,
608 4989 680 5048 ΟΜ.
720 4985 747 5022 ⁸⁹
758 4991 982 5061 coniunctione,
1000 4989 1069 5063 OA,
1087 4988 1154 5064 LA,
1172 4989 1250 5064 MG,
1267 4989 1340 5049 CM.
1380 4987 1507 5061 “facit
1526 4987 1593 5063 OC,
1612 4990 1689 5063 MG,
1708 4989 1781 5049 CM.
1821 4988 1907 5062 ⁴1ex,
1927 4989 1966 5063 V,

376 5089 454 5163 MG,
467 5089 542 5161 CM,
553 5089 620 5150 OC.
654 5087 681 5122 ⁴²
691 5088 837 5163 tenenda,
850 5090 917 5164 LA,
930 5089 1004 5163 MC,
1016 5091 1089 5162 OC;
1103 5089 1236 5166 tenend,
1251 5090 1345 5151 MSS.
1359 5111 1425 5151 var.
1461 5089 1528 5124 ⁴⁸⁴⁴
1539 5089 1619 5167 Om,
1633 5091 1702 5164 OB,
1717 5090 1793 5166 MA,
1807 5092 1884 5166 ΜΒ,
1899 5089 1964 5150 ΟΕ.

459 5187 564 5264 ¹Om.,
583 5189 660 5263 MG,
679 5191 752 5251 CM.
793 5189 1030 5268 ²consequetur‚
1050 5193 1127 5266 MG,
1147 5193 1221 5266 CM,
1240 5192 1306 5253 OC.
1346 5190 1414 5269 ⁸in,
1434 5192 1502 5267 OA,
1521 5194 1586 5253 LA.
1628 5191 1788 5269 ⁴tenendI,
1809 5193 1878 5267 OA,
1900 5193 1965 5268 LA,

376 5288 451 5364 ΜΟ,
470 5290 543 5363 ΟΕ;
561 5290 706 5367 tenenda,
724 5290 797 5364 003
816 5290 953 5366 tenena,
973 5291 1068 5353 MSS.
1087 5312 1152 5354 var.
1193 5290 1406 5372 “competant
1426 5294 1504 5368 MG,
1525 5295 1598 5355 CM.
1640 5291 1678 5328 Μ
1691 5295 1771 5369 0m.,
1793 5294 1870 5368 MG,
1892 5295 1964 5355 ΟΜ.

377 5390 414 5425 Η
426 5391 528 5470 aliquo
543 5391 642 5466 modo,
657 5393 727 5468 OB,
742 5393 818 5466 ΜΒ,
833 5393 900 5466 ΟΕ,
916 5394 981 5454 MA
1000 5392 1108 5470 (alio).
