4432 6340
642 540 702 600 DE
726 540 1028 613 ADQUIBENDO
1051 541 1209 603 RERUM
1233 542 1435 605 DOMINIO
1761 551 1836 620 209

232 685 428 767 'dicuntur
445 691 638 768 iustitiarii
656 716 743 767 cum
761 694 1050 769 constituuntur
1067 719 1091 769 a
1109 719 1212 792 rege,
1231 693 1438 792 aliquando
1458 694 1654 793 eliguntur
1673 721 1697 770 a
1715 696 1835 795 parti·

247 809 317 887 bus
342 811 391 886 de
413 834 600 886 consensu
625 811 829 900 communi,
854 811 939 887 ideo
964 811 1152 910 imprimis
1175 813 1385 889 videndum
1409 812 1480 890 est⁶
1507 812 1671 912 qualiter
1697 839 1721 889 a
1746 839 1836 913 rege

246 929 546 1016 constituuntur,
563 937 602 1005 et
618 955 689 1028 per
706 931 809 1028 quod
824 929 949 1006 breve.
968 930 1094 1008 Breve
1109 931 1201 1007 tale⁸
1218 931 1302 1008 est.⁷
1469 929 1470 934 ’

345 1046 411 1123 De
428 1047 640 1124 institionis
657 1048 934 1126 constituendis
950 1049 1002 1125 od
1019 1050 1267 1148 partitionem
1283 1049 1513 1145 faciendam.

246 1165 343 1241 Rex
361 1164 508 1242 dilectis
526 1175 566 1242 et
584 1165 760 1243 fidelibus
779 1166 857 1242 suis
875 1168 928 1243 A.
948 1168 997 1243 Β.
1019 1168 1064 1244 C.
1084 1167 1139 1244 D.
1160 1168 1334 1245 salutem.
1358 1168 1496 1246 Sciatis
1516 1171 1620 1268 quod
1639 1169 1835 1247 constitui·

244 1311 331 1363 mus
349 1311 416 1362 vos
434 1284 669 1374 iustitiarios,
688 1295 734 1362 ut
751 1311 880 1361 coram
900 1286 1006 1362 vobis
1024 1286 1200 1364 omnibus
1219 1287 1280 1363 vel
1300 1286 1428 1386 aliquo
1448 1313 1496 1362 ex
1516 1287 1634 1377 vobis,
1655 1288 1686 1365 si
1705 1313 1836 1365 omnes

246 1408 428 1483 interesse
442 1431 521 1481 non
536 1405 701 1504 possitis,
717 1406 787 1481 fiat
802 1405 974 1482 extensio
990 1431 1060 1504 per
1075 1406 1192 1482 talem
1207 1415 1247 1482 et
1262 1407 1381 1483 talem
1396 1406 1444 1481 de
1460 1406 1601 1482 talibus
1618 1406 1836 1495 bonoribus,

247 1527 456 1604 seeundum
471 1527 574 1625 quod
590 1525 780 1625 predictis
794 1525 937 1602 talibus
954 1535 992 1602 et
1008 1526 1116 1604 sociis
1133 1526 1209 1603 suis
1225 1552 1296 1625 per
1311 1527 1459 1604 litteras
1476 1526 1642 1604 nostras⁸
1658 1535 1837 1626 patentes

246 1644 571 1746 significavimus.⁹
595 1647 654 1723 Et
676 1647 762 1723 ideo
785 1646 891 1724 vobis
913 1647 1142 1725 mandamus
1167 1649 1270 1746 quod
1292 1647 1362 1723 tali
1387 1647 1448 1724 die
1471 1649 1705 1726 conveniatis
1730 1649 1837 1747 apud

245 1767 364 1846 talem
382 1767 520 1858 locum,
539 1775 579 1843 et
597 1794 669 1867 per
687 1777 969 1844 sacramentum
987 1768 1258 1867 praedictorum
1277 1769 1425 1858 talium,
1444 1771 1505 1845 vel
1525 1770 1768 1868 quorundam
1786 1795 1836 1846 ex

246 1888 320 1965 illis
339 1890 370 1966 si
388 1914 520 1966 omnes
539 1889 649 1966 electi
667 1914 738 1987 per
756 1914 997 1965 communem
1015 1915 1212 1966 assensum
1232 1889 1403 1989 partium
1424 1916 1502 1966 non
1521 1891 1711 1979 intersint,
1731 1891 1836 1990 lega·

245 2009 345 2098 liter,
359 2008 521 2088 discrete
535 2017 573 2087 et
585 2010 865 2086 rationabiliter
878 2011 1106 2100 extendatis,
1121 2019 1161 2086 et
1175 2011 1386 2110 appretiari
1402 2011 1553 2089 faciatis
1566 2037 1698 2088 omnes
1711 2020 1836 2088 terrm

245 2139 285 2206 et
306 2130 434 2206 omnia
455 2140 676 2207 tenemento
696 2131 745 2206 de
766 2131 957 2230 praedictis
979 2131 1185 2207 bonoribus
1209 2133 1261 2207 N.
1285 2157 1373 2207 cum
1396 2131 1571 2209 omnibus
1594 2130 1836 2233 pertinentiis

246 2251 336 2339 suis,
359 2248 499 2327 scilicet
519 2250 561 2327 in
582 2250 790 2342 dominicis,
812 2252 1038 2351 villenagiis,
1060 2251 1127 2328 in²⁰
1150 2252 1312 2329 servitiis
1335 2251 1542 2329 liberorum
1563 2253 1773 2341 hominum,
1796 2253 1838 2328 in

246 2369 381 2468 pratis,
400 2369 582 2469 pasturis,
602 2369 723 2447 boscis
741 2380 781 2447 et
800 2369 938 2468 planis,
958 2371 1024 2447 et²²
1045 2371 1221 2449 omnibus
1241 2371 1324 2448 aliis
1344 2371 1457 2448 rebus
1479 2371 1529 2448 ad
1547 2381 1671 2448 terras
1691 2372 1777 2448 illas
1797 2379 1837 2448 et

244 2495 466 2565 tenementa
484 2487 551 2564 illa
570 2488 864 2588 pertinentibus.
885 2489 943 2566 Et
964 2489 995 2565 si
1016 2489 1119 2565 forte
1140 2515 1271 2567 omnes
1292 2499 1512 2567 extensores
1533 2488 1642 2567 electi
1664 2491 1715 2566 ad
1736 2489 1838 2567 diem

245 2607 355 2685 illum
375 2631 454 2682 non
474 2605 660 2696 venerint,
681 2607 743 2684 vel
763 2631 852 2683 cum
872 2608 1047 2684 venerint
1068 2607 1329 2684 extensionem
1350 2608 1457 2684 illam
1480 2609 1607 2684 faeere
1630 2607 1836 2698 noluerint,

92 2805 93 2808 ,
244 2734 339 2802 tunc
352 2724 475 2803 ali0s²²
487 2725 630 2823 legales
645 2734 685 2802 et
700 2725 882 2802 discretos
896 2725 1067 2801 homines
1082 2727 1166 2801 loco
1179 2725 1361 2802 illorum¹⁸
1377 2726 1543 2825 ponatis,
1559 2725 1683 2825 qu0s²⁴
1699 2727 1749 2803 ad
1765 2727 1836 2802 hoc

244 2843 465 2920 inveneritis
485 2843 608 2941 magis
629 2843 755 2933 utiles,
777 2853 816 2920 et
838 2870 908 2943 per
930 2869 1062 2920 eorum
1083 2853 1366 2921 sacramentum
1387 2845 1647 2922 extensionem
1668 2845 1774 2921 illam
1795 2855 1837 2922 et

246 2961 569 3062 appretiationem
589 2962 672 3038 fieri
693 2961 857 3051 faciatis,
878 2964 1088 3039 secundum
1109 2964 1212 3061 quod
1232 2963 1459 3062 praedictum
1480 2972 1549 3052 est,
1570 2963 1626 3039 ita
1646 2964 1749 3062 quod
1770 2990 1835 3040 ex·

245 3079 368 3156 tensio
385 3080 452 3156 illa
469 3079 574 3158 ultra
591 3080 692 3157 diem
709 3080 818 3157 illum
836 3080 1075 3157 nullomodo
1094 3080 1312 3157 differatur.
1331 3081 1390 3158 Et
1410 3081 1536 3158 sciatis
1556 3083 1659 3180 quod
1677 3082 1834 3181 praedic·

244 3208 308 3277 tus
326 3199 413 3276 talis
432 3209 471 3276 et
486 3199 575 3276 talis
592 3209 898 3299 manuceperunt
915 3198 1078 3276 habendi
1098 3225 1186 3277 suos
1205 3207 1437 3288 extensores,
1458 3199 1598 3276 seilicet
1617 3226 1641 3276 a
1660 3200 1835 3299 partibus

245 3318 384 3394 eleetos
399 3327 438 3394 et
452 3316 628 3417 superius
642 3316 871 3406 nominatos,
888 3317 1116 3393 adeundam
1133 3317 1244 3393 diem.
1261 3317 1347 3394 Et²⁶
1364 3317 1625 3395 extensionem
1641 3327 1680 3395 et
1696 3345 1835 3418 appre-

244 3435 445 3513 tiationem
474 3436 581 3512 illam
610 3435 818 3523 evidenter,
850 3435 1028 3512 distincte
1059 3445 1099 3512 et
1131 3445 1266 3535 aperte
1297 3435 1391 3512 scire
1423 3436 1574 3513 faciatis
1606 3436 1715 3514 nobis
1746 3436 1836 3512 vel¹⁸

245 3553 456 3631 iustitiariis
473 3555 614 3632 nostris
631 3553 773 3631 talibus
790 3553 861 3628 tali
878 3553 973 3642 loco,
992 3552 1062 3630 tali
1079 3554 1152 3642 die,
1172 3554 1243 3630 sub
1261 3554 1394 3652 sigillis
1413 3555 1685 3654 praedictorum
1703 3564 1835 3632 exten·

246 3698 386 3751 sorum.
408 3674 460 3748 In
477 3673 583 3750 carius
603 3673 657 3749 rei
674 3671 937 3749 testimonium
955 3679 1132 3749 etcetera.
1154 3674 1272 3749 Teste
1290 3681 1466 3749 etcetera.
1490 3674 1593 3749 Item
1612 3673 1688 3749 alia
1708 3674 1836 3750 forma

245 3794 293 3869 de
310 3793 455 3882 eodem,
473 3801 512 3868 et
528 3792 560 3868 si
576 3789 631 3868 illi
646 3791 695 3867 de
711 3791 897 3867 comitatu
914 3791 980 3866 illo
999 3790 1075 3867 sint
1092 3789 1262 3879 rebelles,
1281 3790 1473 3889 qualiter²⁷
1491 3792 1555 3867 alii
1573 3791 1657 3868 loco
1674 3791 1835 3868 eorum¹⁸

245 3912 463 3990 assumendi
480 3920 570 3988 sunt
587 3910 634 3986 de
652 3909 726 3985 alio
743 3910 928 3986 comitatu
947 3909 996 3984 ad
1013 3909 1231 3985 faciendam
1247 3909 1519 3985 extensionem.

343 4032 410 4108 De
428 4031 642 4110 institioriis
661 4029 938 4106 constituendis
957 4038 1002 4105 nt
1021 4029 1201 4106 intersint
1220 4028 1432 4128 partitioni.

245 4153 341 4230 Rnx
357 4151 503 4230 dilectis
519 4160 557 4229 et
574 4149 750 4229 fidelibus
768 4149 872 4227 suis¹’
890 4148 1064 4226 salutem.
1085 4149 1221 4225 Sciatis
1239 4150 1343 4248 quod
1359 4151 1625 4227 constituimus
1643 4177 1710 4228 vos
1728 4152 1834 4228 iusti·

244 4275 377 4351 tiarios
393 4281 557 4362 nostros,
573 4282 619 4349 ut
635 4271 819 4348 intersitis
836 4271 1050 4347 extensioni
1067 4279 1106 4348 et
1124 4270 1398 4370 appretiationi
1417 4271 1602 4348 faciendae
1619 4273 1720 4348 inter
1737 4272 1834 4349 tales

244 4403 284 4470 et
297 4394 394 4471 tales
410 4395 457 4471 de
471 4393 541 4472 tali
555 4393 699 4470 honore
713 4419 801 4469 cum
816 4392 1069 4491 pertinentiis,
1085 4392 1141 4468 ita
1156 4393 1259 4491 quod
1275 4391 1447 4468 extensio
1463 4391 1530 4468 illa
1545 4403 1583 4470 et
1600 4393 1834 4492 appretiatio

246 4515 315 4592 liat
337 4539 466 4591 coram
489 4513 595 4590 vobis
618 4512 687 4590 tali
711 4514 771 4589 die
795 4513 900 4612 apud
923 4512 1041 4589 talem
1063 4513 1201 4602 locum,
1225 4538 1297 4612 per
1321 4514 1373 4588 A.
1398 4514 1446 4589 Β.
1473 4514 1518 4590 C.
1543 4515 1597 4590 D.
1623 4515 1761 4590 eleetos
1786 4540 1834 4591 ex

245 4644 358 4733 parte
374 4633 483 4725 tali,²⁰
502 4633 569 4711 et²²
585 4633 684 4733 per¹¹
703 4634 753 4711 B.
773 4633 822 4710 F.
841 4633 892 4710 G.
912 4633 1051 4710 electos
1069 4659 1117 4711 ex
1135 4643 1248 4733 parte
1265 4633 1375 4722 tali‚²⁸
1394 4634 1425 4711 si
1443 4660 1574 4712 omnes
1593 4643 1687 4710 tunc
1704 4660 1834 4713 coram

245 4851 350 4929 ⁶Om.,
367 4853 436 4927 OA,
454 4853 521 4929 LA,
539 4851 605 4914 OC.
645 4849 683 4886 Μ
694 4855 755 4913 erit
771 4851 845 4927 tale,
863 4852 940 4925 MA,
958 4851 1041 4925 MG;
1060 4857 1162 4912 autem
1180 4848 1243 4910 tale
1262 4855 1333 4925 erit,
1350 4852 1420 4926 OB,
1439 4853 1514 4914 ΜΒ.
1556 4852 1660 4929 ⁸Om.,
1679 4853 1748 4928 OA,
1767 4855 1834 4931 LA,

244 4954 312 5029 OC,
324 4953 394 5027 OB,
406 4954 482 5028 MA,
496 4952 572 5027 ΜΒ,
586 4953 652 5029 CB,
666 4953 739 5013 MC.
774 4951 787 4984 ⁹
799 4956 998 5031 signavimus,
1011 4951 1080 5027 OA,
1093 4953 1166 5025 LA;
1179 4952 1398 5032 significamus,
1412 4954 1481 5027 OB,
1495 4955 1571 5030 MA,
1586 4956 1662 5030 ΜΒ,
1677 4955 1745 5029 cE,
1759 4956 1834 5034 CM,

246 5054 322 5116 MG.
363 5051 443 5128 ²⁰et,
463 5053 557 5115 MSS.
576 5073 658 5127 var.;
679 5057 742 5114 suis
761 5059 803 5126 et,
822 5053 897 5114 MB.
940 5052 1009 5113 ²²et
1028 5056 1071 5128 in,
1092 5054 1160 5129 OA,
1181 5055 1247 5130 LA,
1267 5056 1340 5116 MC.
1382 5053 1498 5117 ²²alios
1519 5063 1560 5130 et,
1581 5058 1650 5133 OA,
1672 5057 1738 5133 LA,
1759 5059 1832 5120 MC.

244 5152 397 5229 ¹⁸eomm,
410 5153 479 5228 OA,
493 5155 560 5229 LA,
574 5154 640 5228 OC,
654 5153 727 5215 MC.
762 5151 788 5186 ²⁴
800 5154 892 5232 quod,
906 5155 981 5229 MA,
996 5155 1072 5231 ΜΒ,
1086 5155 1154 5217 OB.
1190 5153 1280 5231 ¹⁶ad,
1293 5157 1362 5232 OB,
1378 5158 1453 5231 MA,
1467 5158 1542 5218 MB.
1578 5155 1658 5234 ²⁶et,
1673 5159 1742 5235 OB,
1758 5161 1833 5234 MA,

245 5254 322 5328 ΜΒ,
338 5255 410 5315 ΟΜ.
447 5251 473 5288 ²¹
485 5273 591 5332 quare,
608 5253 676 5328 OB,
692 5254 768 5329 MA,
784 5255 861 5330 MB,
878 5254 943 5316 CB.
982 5252 1153 5332 1⁸illorum,
1170 5255 1239 5330 OB,
1256 5257 1332 5331 MA,
1350 5258 1426 5332 MB,
1444 5260 1510 5335 CE,
1528 5259 1603 5320 MG.
1642 5258 1744 5324 1’suis
1762 5261 1834 5322 tali·

243 5353 312 5429 bus,
326 5355 396 5431 OA,
412 5356 478 5430 LA,
493 5355 560 5430 OE,
577 5354 649 5415 MC.
687 5353 809 5429 ²⁰talis,
824 5354 894 5431 OA,
910 5356 984 5430 MC,
1001 5357 1068 5432 OC,
1084 5355 1122 5418 V.
1161 5355 1362 5432 21οιιι.,οΑ.
1401 5359 1466 5394 ²²²²²
1479 5360 1558 5438 Om,
1576 5364 1644 5439 OB,
1662 5365 1739 5439 MA,
1757 5366 1833 5439 ΜΒ,

245 5453 319 5529 MC,
337 5454 375 5516 Y.
414 5453 617 5531 ”Om.,OE
657 5452 1002 5531 ²²·²³0m.,MG‚cM.
1044 5454 1164 5534 ²⁸talis,
1183 5458 1252 5536 OA,
1271 5461 1345 5535 MC,
1363 5460 1430 5537 OC,
1449 5463 1486 5525 V.
