4394 6342
362 434 386 502 4
892 393 1115 491 naacrou:
1137 429 1198 489 nv.
1222 428 1413 490 isarnus

524 578 707 656 Donator
723 578 867 679 poterit
885 604 1028 678 ponere
1045 580 1170 679 legem
1187 589 1226 656 et
1243 579 1502 655 condicionem
1520 577 1729 655 donationi.

363 698 412 773 F.
451 705 500 773 88
528 698 572 773 Si
586 697 656 774 fiat
672 698 829 773 donatio
844 723 918 797 pro
933 697 1111 795 homagio
1127 708 1166 775 et
1181 697 1335 775 servitio
1350 697 1411 774 vel
1427 697 1508 774 sine
1523 696 1712 794 homagio.

525 814 590 892 De
607 815 849 892 distinctione
867 825 1073 892 cartarum.

362 936 411 1011 F.
450 944 500 1012 al
526 936 645 1025 Quod
676 937 724 1014 de
754 937 870 1014 cartis
901 937 1016 1035 regiis
1048 963 1126 1014 non
1158 937 1298 1015 debent
1329 936 1522 1014 iustitiarii
1554 937 1754 1038 disputare
1785 960 1856 1013 nec
1888 962 1952 1014 eas

625 1055 804 1132 iudicare.

528 1174 630 1250 Cum
652 1198 713 1249 res
735 1182 842 1250 certa
866 1174 950 1250 dari
974 1175 1124 1264 debeat,
1148 1183 1303 1272 oportet
1328 1175 1432 1273 quod
1456 1183 1564 1250 certa
1588 1173 1664 1251 sint
1689 1173 1844 1250 servitia
1869 1197 1953 1273 quse

625 1292 754 1370 venire
771 1293 911 1370 debent
927 1294 967 1370 in
983 1293 1333 1392 compensationem
1350 1318 1481 1392 pro-re
1497 1294 1601 1371 data.

363 1412 412 1487 F.
450 1420 500 1487 85
526 1411 591 1488 De
606 1411 768 1489 servitiis
782 1421 820 1488 et
834 1411 1172 1488 consuetudinibus
1187 1411 1426 1511 praestandis.

363 1531 412 1609 F.
451 1541 500 1608 86
526 1531 592 1609 De
613 1532 776 1611 servitiis
798 1533 995 1610 forinsecis
1017 1557 1102 1632 quoe
1123 1532 1330 1631 aliquando
1352 1532 1393 1608 in
1413 1533 1529 1609 cartis
1553 1532 1826 1630 exprimuntur
1849 1541 1954 1610 certa

626 1661 665 1728 et
680 1651 936 1728 determinata
951 1653 1182 1750 quandoque
1198 1676 1276 1728 non
1292 1651 1573 1750 specificantur.

361 1772 412 1847 F.
450 1780 500 1848 88
527 1771 645 1860 Quod
659 1796 738 1847 non
751 1771 855 1848 valet
871 1770 1028 1847 donatio
1043 1769 1116 1847 nisi
1131 1768 1386 1869 subsequatur
1400 1769 1570 1858 traditio,
1588 1777 1627 1846 et
1643 1770 1728 1845 ideo
1744 1769 1954 1847 videndum

494 1902 501 1914 '
626 1890 673 1966 de
706 1890 889 1966 divisione
921 1889 1204 1990 possessionum
1236 1899 1275 1966 et
1308 1888 1473 1987 qualiter
1507 1888 1734 1987 adquiratur
1766 1888 1953 1987 possessio

627 2033 767 2084 rerum.

526 2126 634 2215 Quid
652 2126 700 2203 sit
718 2125 916 2226 possessio.

525 2245 592 2320 De
607 2244 808 2320 divisiones
826 2243 991 2343 qualiter
1007 2244 1202 2320 dividatru
1219 2243 1417 2343 possessio.

364 2366 412 2441 F.
451 2374 501 2441 89
527 2364 592 2442 De
608 2365 891 2442 traditionibus.

527 2482 635 2572 Quid
649 2483 698 2560 sit
711 2484 881 2560 traditio.

364 2606 412 2681 F.
453 2612 498 2680 ll
527 2605 654 2681 Facta
670 2602 889 2691 traditione,
907 2601 1116 2678 videndum
1133 2600 1288 2701 quando
1306 2601 1530 2679 donatarius
1549 2601 1684 2701 incipit
1701 2599 1897 2702 possidere
1915 2609 1955 2678 et

627 2722 783 2821 quando
801 2722 966 2797 donator
984 2720 1133 2796 desinit.

365 2845 414 2920 F.
453 2852 502 2919 48
529 2844 633 2919 Item
650 2869 720 2942 per
736 2868 832 2941 quas
849 2867 1032 2942 personas
1050 2841 1277 2939 adquiratur
1294 2841 1492 2940 possessio.

365 2962 414 3039 F.
454 2970 502 3037 ll
531 2960 573 3038 Si
591 2962 638 3038 de
655 2985 790 3038 unare
807 2959 982 3058 pluribus
999 2960 1105 3036 facta
1124 2959 1243 3036 fuerit
1260 2959 1417 3035 donatio
1434 2958 1547 3035 simul
1564 2957 1626 3034 vel
1643 2959 1861 3036 successive.

365 3081 414 3156 F.
454 3089 502 3156 45
530 3079 681 3168 Quibus
696 3079 819 3156 modis
835 3078 1038 3155 amittatur
1054 3078 1252 3177 possessio.

531 3198 651 3275 Siille
666 3199 727 3273 cui
743 3198 879 3273 datum
893 3206 951 3274 est
966 3222 1048 3272 rem
1064 3199 1197 3274 datam
1212 3195 1373 3272 ulterius
1388 3197 1481 3272 dare
1497 3195 1630 3296 possit.

365 3320 415 3395 F.
454 3325 502 3394 49
529 3316 709 3406 Qualiter
727 3315 812 3414 quis
831 3316 889 3392 uti
907 3315 1044 3392 debeat
1064 3314 1212 3391 seisina.

254 3528 257 3535 Ι
365 3438 414 3513 F.
454 3446 500 3512 51
529 3434 710 3525 Qualiter
726 3433 928 3510 amittatur
944 3433 1132 3532 possessio
1149 3432 1351 3531 adquisita.

529 3553 708 3643 Qualiter
725 3553 952 3651 adquiratur
968 3552 1154 3651 possessio
1170 3576 1241 3650 per
1256 3551 1540 3651 usucapionem.

366 3674 414 3750 F.
455 3680 502 3749 52
530 3671 709 3761 Qualiter
743 3671 959 3770 adquiritur
991 3670 1179 3769 possessio
1213 3669 1306 3745 iuris
1339 3671 1442 3768 quod
1475 3669 1578 3744 tradi
1610 3694 1689 3745 non
1723 3677 1852 3769 potest
1885 3693 1955 3768 per

628 3789 790 3888 longum
806 3813 930 3866 usum.

528 3908 594 3984 De
624 3906 862 4006 adquirendo
894 3931 1025 3984 rerum
1056 3905 1223 3984 dominio
1256 3905 1554 4005 incorporalium
1587 3906 1685 3982 sicut
1716 3904 1766 3980 de
1798 3904 1955 3994 iuribus,

629 4026 870 4103 libertatibus
886 4036 925 4103 et
942 4025 1200 4102 servitutibus.

367 4149 415 4224 F.
456 4155 504 4222 58
530 4146 710 4235 Qualiter
725 4146 810 4244 quis
825 4145 883 4221 uti
899 4143 1036 4221 debeat
1052 4143 1235 4221 servitute
1251 4144 1290 4218 in
1307 4168 1510 4220 communa
1526 4150 1706 4243 pastura.

529 4264 709 4354 Qualiter
724 4264 764 4340 in
781 4264 864 4340 iure
880 4262 1137 4362 praesentandi
1153 4273 1192 4338 et
1210 4261 1375 4361 qualiter
1392 4260 1630 4337 transfertur
1647 4260 1795 4336 saisina.

367 4386 415 4461 F.
455 4394 503 4460 55
529 4383 595 4462 De
610 4382 850 4458 libertatibus
866 4391 904 4458 et
921 4380 1005 4480 quis
1021 4380 1226 4456 concedere
1242 4379 1364 4479 possit
1380 4380 1576 4455 libertates
1592 4387 1631 4454 et
1647 4402 1732 4477 quae
1749 4378 1825 4454 sint
1842 4377 1954 4474 regis.

367 4504 416 4580 F.
456 4510 504 4585 57
534 4503 576 4578 Si
591 4501 675 4601 quis
692 4501 857 4599 aliquem
872 4500 1069 4576 vexaverit
1085 4508 1220 4575 contra
1234 4498 1430 4575 libertates
1447 4522 1642 4573 concessas
1660 4523 1730 4595 per
1747 4521 1888 4594 regem.

530 4621 656 4696 Breve
675 4644 793 4718 quare
812 4618 896 4717 quis
915 4618 1034 4695 alium
1051 4616 1249 4694 vexaverit
1267 4625 1402 4692 contra
1419 4616 1647 4692 libertatem.
1666 4660 1670 4667 >

529 4737 594 4815 De
611 4737 823 4814 intentione
839 4737 1033 4835 querentis
1049 4736 1313 4836 proponenda.

529 4856 594 4933 De
608 4856 855 4955 responsione
869 4855 1024 4931 illorum
1038 4863 1174 4930 contra
1188 4853 1440 4930 intentionem
1456 4853 1708 4951 querentium.

367 4980 416 5055 F.
456 4987 505 5055 58
530 4976 596 5053 De
611 4975 975 5052 confirmationibus.

367 5098 416 5173 F.
456 5105 505 5171 60
530 5095 595 5172 De
612 5093 881 5170 donationibus
897 5091 1186 5167 intermortuos
1203 5100 1242 5167 et
1258 5090 1393 5166 mortis
1410 5114 1537 5166 causa.

367 5216 416 5290 F.
456 5222 502 5290 61
529 5214 594 5289 De
613 5211 849 5310 adquirendo
867 5235 996 5286 rerum
1013 5209 1181 5285 dominio
1197 5235 1246 5285 ex
1262 5235 1378 5285 causa
1395 5208 1610 5308 emptionis.

367 5333 416 5408 F.
456 5340 504 5407 62
530 5330 595 5408 De
609 5331 734 5406 locato
749 5338 788 5406 et
802 5329 1003 5404 conducto.
