4392 6352
378 457 452 524 854
909 450 1133 513 BBACTON:
1155 450 1217 511 DE
1241 449 1433 514 LEGIBUS

378 598 517 696 fugam
540 597 725 698 ceperit.⁴⁴
748 597 852 675 Est⁴⁵
876 599 977 676 enim
1000 600 1192 701 wayvium
1216 602 1319 700 quod
1343 601 1471 678 nullus
1497 603 1670 690 advocat,
1695 627 1765 678 nec
1788 602 1968 703 princeps

377 713 491 791 eam⁴⁸
509 715 710 793 advocabit
727 741 798 792 nec
815 716 1014 794 tuebitur⁴'
1033 716 1149 794 cum⁴⁸
1169 719 1288 797 luerit
1307 719 1379 797 rite
1397 721 1600 819 wayviata,
1621 721 1718 797 sicut
1737 722 1783 798 fit
1802 723 1850 798 de
1869 747 1968 799 mas·

378 837 465 914 culo
484 837 549 936 qui
569 837 779 913 secundum
797 837 923 934 legem
940 846 1052 913 terrae
1072 838 1145 914 rite
1165 838 1284 915 luerit
1303 839 1521 937 utlagatusr
1542 848 1685 915 extunc
1704 841 1806 916 enim
1826 849 1968 938 genmt

378 962 498 1054 caput
515 955 693 1054 lupinum
711 955 767 1031 ita
784 954 887 1054 quod
907 955 988 1032 sine
1004 955 1171 1032 iudiciali
1190 957 1434 1056 inquisitione
1453 967 1629 1057 pereunt,
1649 967 1689 1034 et
1709 983 1837 1035 secum
1856 984 1969 1035 suum

378 1083 540 1175 portant
556 1075 749 1162 iudicium,
767 1084 805 1151 et
823 1074 960 1151 merito
979 1074 1058 1151 sine
1074 1074 1161 1173 lege
1179 1085 1340 1175 pereant
1359 1073 1452 1174 qui⁴⁹
1471 1075 1681 1152 seeundum
1698 1076 1824 1173 legem
1842 1076 1969 1152 vivere

379 1191 692 1268 recusavenmt.⁸⁰
708 1191 767 1268 Et
780 1191 852 1267 boc
865 1191 922 1269 ita
936 1193 966 1269 si
981 1217 1069 1268 cum
1083 1193 1259 1293 capiendi
1276 1194 1422 1271 luerint
1438 1194 1595 1292 fugiant
1610 1196 1672 1271 vel
1687 1220 1727 1271 se
1742 1195 1967 1272 defendant.

382 1313 424 1389 Si
444 1322 575 1389 autem
592 1311 667 1387 vivi
685 1311 791 1411 capti
810 1311 956 1388 fuerint
975 1311 1035 1387 vel
1054 1337 1094 1389 se
1113 1311 1361 1400 reddiderint,
1381 1313 1462 1389 vita
1480 1313 1633 1389 illomm
1654 1323 1693 1390 et
1713 1338 1816 1390 mors
1836 1314 1908 1390 erit
1928 1315 1968 1389 in

378 1455 498 1505 manu
512 1429 656 1506 domini
672 1429 785 1527 regis.

481 1553 661 1647 Qualiter
676 1553 761 1652 qra‘a
776 1553 885 1652 requi
900 1552 1037 1631 debeat
1055 1563 1094 1630 et
1111 1554 1161 1631 ad
1178 1565 1273 1653 quot
1291 1554 1506 1632 carucatas.

382 1675 494 1750 Iram
522 1675 687 1773 qualiter
715 1674 798 1774 quis
826 1676 933 1775 sequi
960 1675 1097 1753 debeat
1126 1686 1164 1753 et
1193 1677 1324 1753 inlra⁵²
1353 1688 1448 1776 quot
1476 1686 1631 1777 tempus
1660 1677 1879 1755 videndum.
1910 1679 1968 1755 Et

380 1792 576 1869 sciendum
600 1794 704 1892 quod
728 1795 778 1871 ad
802 1804 945 1872 sectam
969 1795 1036 1871 et⁸²
1061 1794 1286 1895 appellum⁵⁸
1311 1797 1412 1872 illius
1438 1797 1503 1896 qui
1527 1799 1634 1896 sequi
1660 1798 1773 1874 debet
1797 1805 1837 1873 et
1862 1807 1969 1896 pote·

379 1913 442 2002 rit,
470 1913 700 2012 interrogari
728 1914 841 1991 debet
871 1913 1090 2013 appellatus
1120 1916 1170 1990 ad
1198 1924 1365 2014 quatuor
1393 1916 1609 2004 comitatus,
1639 1914 1688 1991 de
1716 1915 1901 1992 comitatu
1930 1916 1971 1990 in

379 2032 605 2110 comitatum
624 2033 745 2108 donec
764 2032 984 2132 appellatus
1005 2034 1216 2131 utlagetur,
1237 2033 1308 2110 sub
1328 2034 1399 2110 hae
1419 2044 1550 2111 tamen
1570 2034 1845 2122 observatione,
1866 2034 1971 2132 quod

381 2151 431 2228 ad
457 2153 626 2251 primum
652 2153 877 2229 comitatum
903 2176 981 2227 non
1007 2152 1077 2228 fiat
1103 2151 1175 2228 nisi
1202 2151 1366 2251 simplex
1392 2152 1553 2240 vocatio,
1581 2151 1648 2228 et⁵⁴
1675 2151 1879 2228 comitatus
1906 2150 1970 2227 ille

380 2270 528 2371 primus
558 2296 637 2346 non
666 2271 954 2369 computabitur
984 2270 1091 2347 infra
1120 2280 1275 2369 tempus
1304 2270 1554 2369 utlagationis
1585 2295 1655 2345 nec
1685 2270 1759 2346 erit
1789 2295 1890 2346 unus
1922 2294 1971 2346 ex

379 2399 546 2490 quatuor
561 2389 815 2478 comitatibus,
831 2390 922 2488 quia
936 2413 1088 2488 semper
1103 2398 1258 2488 oportet
1274 2388 1442 2488 quinque
1458 2388 1646 2487 preteriri
1661 2395 1870 2486 antequam
1886 2386 1971 2485 quis

381 2509 430 2585 sit
451 2508 662 2606 utlagatus.
686 2509 744 2584 Et
766 2510 977 2584 secundum
997 2508 1068 2583 hoc
1091 2507 1142 2584 ad
1163 2515 1347 2606 quartum
1368 2508 1605 2595 comitatum,
1630 2507 1696 2605 qui
1719 2533 1760 2582 re
1782 2531 1874 2583 vera
1897 2505 1970 2582 dici

381 2629 524 2729 poterit
546 2629 702 2727 quintus
725 2628 825 2704 etin
848 2652 924 2726 quo
947 2651 1025 2702 non
1047 2625 1267 2702 admittitur
1288 2626 1491 2713 essonium,
1515 2649 1584 2702 nec
1607 2624 1820 2702 audiendus
1844 2624 1917 2700 erit
1940 2623 1971 2700 si

379 2747 464 2845 quis
479 2771 735 2845 manucapere
749 2746 865 2823 vellet
880 2746 1120 2845 appellatum
1136 2747 1184 2822 de
1198 2745 1373 2821 babendo
1390 2747 1517 2844 ipsum
1534 2745 1584 2821 ad
1600 2745 1717 2820 alium
1733 2744 1970 2832 comitatum,

381 2864 471 2964 quia
493 2865 546 2941 sic
567 2874 697 2963 posset
719 2865 894 2963 protrahi
916 2874 1071 2963 tempus
1094 2864 1344 2961 utlagationis
1368 2864 1408 2939 in
1430 2863 1637 2952 infinitum,
1662 2864 1766 2962 quod
1789 2888 1870 2939 esse
1893 2887 1972 2938 non

379 2981 505 3072 debet,
522 2981 759 3061 secundum⁵⁶
776 2983 879 3082 quod
894 3007 1122 3081 responsum
1139 2982 1216 3059 fuit
1232 2980 1430 3059 Ricardo⁶⁸
1446 2981 1582 3058 Duket
1600 3006 1671 3080 per
1687 2981 1907 3057 Martinum
1923 2982 1972 3057 de

381 3101 595 3179 Pateshilla
614 3127 701 3178 cum
723 3111 821 3178 esset
845 3103 950 3200 apud
973 3100 1246 3199 Walsingham
1267 3100 1307 3174 in
1329 3099 1515 3176 comitatu
1538 3099 1760 3176 Norfolciae.
1785 3100 1854 3174 Ad
1878 3099 1971 3175 alios

380 3248 471 3298 vero
489 3220 692 3298 comitatus
710 3220 967 3319 precedentes
983 3218 1080 3294 bene
1097 3218 1240 3317 poterit
1258 3217 1346 3294 talis
1364 3217 1581 3316 manucapi‚
1601 3219 1695 3295 dum
1713 3228 1844 3295 tamen
1863 3218 1972 3317 quili-

381 3339 446 3417 bet
465 3339 668 3416 comitatus
688 3339 873 3415 allocetur
891 3364 963 3437 pro
981 3364 1059 3414 uno
1077 3364 1199 3437 usque
1218 3339 1267 3413 ad
1287 3338 1476 3436 quintum.

482 3460 584 3538 Cam
604 3459 725 3555 faerit
744 3461 1007 3558 interrogatas
1027 3469 1118 3537 ante
1139 3459 1418 3558 utlagationem
1439 3460 1584 3558 poterit
1604 3483 1644 3537 re
1665 3484 1810 3559 pariere
1830 3461 1872 3538 ia
1892 3459 1971 3558 pri·

481 3605 615 3658 rocam
630 3588 668 3655 et
683 3580 915 3678 respondere
930 3577 1217 3678 appellantibus
1233 3588 1272 3655 et
1288 3579 1462 3678 erepere
1479 3588 1613 3655 contra
1628 3577 1839 3678 appellaeo.

381 3702 528 3784 Usoua
546 3703 594 3778 ad
612 3701 791 3800 quintum
807 3699 924 3777 vero⁸²
943 3701 1168 3777 comitatum
1187 3701 1330 3801 poterit
1348 3701 1436 3778 talis
1454 3727 1525 3800 per
1544 3727 1595 3790 se,
1613 3701 1674 3776 vel
1692 3726 1763 3801 per
1782 3701 1921 3777 amicos
1941 3700 1972 3777 si

381 3819 557 3908 voluerit,
580 3829 619 3896 et
640 3821 800 3897 reddere
823 3846 862 3896 se
885 3820 1049 3920 prisonae
1070 3820 1131 3896 vel
1153 3820 1361 3897 defendere
1385 3847 1425 3897 se
1446 3829 1486 3896 et
1509 3846 1679 3919 purgare
1702 3820 1971 3907 innocentiam,

382 3950 471 4040 post
485 3949 640 4039 tempus
655 3965 746 4016 vero
761 3939 868 4028 illud,
885 3939 1212 4038 qualitercumque
1230 3939 1349 4016 luerit
1365 3939 1576 4037 utlagatus,
1593 3939 1717 4015 redire
1733 3963 1813 4014 non
1828 3939 1972 4037 poterit

382 4057 412 4133 f.
430 4060 522 4151 126]
578 4058 650 4134 nisi
666 4058 714 4134 de
730 4057 859 4155 gratia
875 4057 1070 4157 principis.
1091 4057 1169 4133 Sed
1186 4058 1217 4133 si
1234 4057 1340 4134 infra
1356 4067 1509 4156 tempus
1527 4056 1623 4134 illud
1641 4056 1796 4134 redierit
1812 4067 1858 4134 ut
1876 4081 1972 4156 prae·

383 4179 606 4256 dictumest
626 4187 665 4254 et
685 4204 724 4254 se
743 4177 973 4265 defenderit,
995 4176 1221 4253 restituetur
1241 4176 1290 4250 ad
1310 4176 1438 4252 omnia
1460 4177 1558 4252 sicut
1579 4176 1630 4251 ad
1651 4201 1785 4275 pacem
1808 4185 1847 4253 et
1867 4175 1972 4252 bere·

381 4297 554 4383 ditatem,
585 4303 843 4394 praeterquam
874 4296 923 4370 ad
953 4293 1109 4369 mobilia
1138 4302 1300 4393 propter
1331 4295 1479 4391 fugam.
1514 4293 1593 4369 Sed
1623 4294 1715 4393 quid
1748 4295 1778 4370 si
1810 4293 1874 4371 ille
1906 4295 1971 4394 qui

382 4416 556 4514 sequitur
581 4414 629 4489 ab
654 4412 762 4488 initio
787 4412 879 4488 non¹
906 4413 1026 4488 fuerit
1051 4412 1124 4488 rite
1150 4413 1397 4511 prosecutus?
1422 4412 1484 4489 Ut
1511 4413 1542 4488 si
1569 4411 1702 4488 statim
1727 4438 1814 4489 cum
1842 4423 1972 4513 posset

381 4532 599 4609 buthesium
613 4556 692 4606 non
703 4530 887 4607 levaverit
901 4555 970 4606 nec
984 4539 1136 4607 secutus
1150 4531 1269 4606 fuerit
1284 4532 1334 4606 ad
1346 4531 1456 4606 villas
1470 4529 1625 4619 vicinas,
1639 4556 1709 4606 nec
1723 4532 1774 4608 ad
1788 4531 1972 4608 ballivum

383 4649 497 4747 regis,
514 4673 584 4725 nec
602 4649 651 4723 ad
667 4657 923 4736 coronatores,
942 4673 1011 4724 nec
1031 4649 1080 4723 ad
1098 4648 1266 4747 primum
1284 4649 1509 4725 comitatum
1527 4659 1572 4726 ut
1591 4650 1754 4727 deceret.
1776 4649 1818 4726 Si
1838 4657 1974 4750 postea

380 4864 406 4899 ⁴⁴
419 4867 529 4927 lecerit
541 4870 605 4928 sive
617 4869 746 4944 ceperit,
758 4865 802 4938 V;
816 4865 935 4939 lecerit,
949 4866 1024 4926 MA.
1057 4863 1084 4899 ⁴⁶
1095 4873 1138 4940 et,
1149 4867 1218 4940 OB,
1230 4866 1297 4940 CB,
1310 4869 1388 4939 CM;
1405 4867 1455 4943 (et
1467 4867 1539 4928 inde
1549 4871 1711 4944 vayvium,
1724 4868 1821 4945 ΜΒ).
1855 4864 1882 4899 “
1893 4885 1973 4940 eum,

382 4967 451 5041 OA,
466 4967 533 5043 OC,
548 4967 631 5039 MG;
647 4987 716 5042 om,
731 4967 806 5028 MA.
843 4965 909 5001 ⁴²⁴⁸
920 4965 1075 5028 tenebitur
1090 4973 1128 5043 ai,
1144 4968 1222 5042 MG,
1237 4968 1304 5029 OC.
1341 4966 1368 5001 ⁴⁰
1380 4971 1462 5047 quia,
1479 4968 1557 5042 MG,
1574 4969 1655 5041 MA;
1672 4967 1764 5048 quod,
1780 4968 1847 5031 ΟΛ
1886 4967 1972 5028 ⁸⁰rc-

381 5071 566 5143 curaverint,
579 5067 619 5141 V,
632 5066 697 5127 OC.
733 5065 759 5101 ⁸²
772 5066 813 5127 ad
827 5075 901 5145 quot
915 5089 990 5130 com.
1006 5076 1037 5129 et
1051 5067 1146 5144 infra,
1160 5069 1238 5145 MG,
1252 5069 1318 5129 OC.
1355 5067 1420 5101 ⁶⁶⁶⁶⁶
1432 5069 1513 5142 Om.,
1528 5070 1600 5141 CE;
1617 5078 1648 5130 et
1662 5069 1702 5130 ad
1717 5068 1887 5147 appellum,
1903 5069 1972 5141 OB,

382 5165 458 5242 MA,
475 5167 550 5229 ΜΒ.
588 5165 708 5243 “Om,
724 5167 793 5245 OB,
811 5169 887 5244 MA,
904 5168 979 5229 MB.
1019 5165 1263 5230 ⁸⁶⁸⁶⁶secundum
1280 5189 1462 5248 responsum
1481 5169 1625 5244 Bicardo,
1644 5171 1721 5245 MG,
1740 5171 1814 5232 CM.
1854 5169 1972 5246 ‘'Om,

382 5267 451 5344 OB,
466 5268 543 5343 MA,
559 5269 634 5331 MB.

465 5369 570 5444 ²Om.,
589 5371 663 5431 MA.
