4392 6352
835 456 895 516 DE
919 456 1193 520 ACTIONIBUS
1739 467 1814 542 297

225 604 400 694 sessione,
425 604 508 679 alia
530 605 694 704 prodita
717 631 835 704 super
856 608 943 705 ipsa
966 607 1216 705 proprietate.
1242 607 1301 684 Et
1326 608 1356 687 si
1382 633 1498 708 super
1522 609 1656 687 eadem
1680 636 1723 687 re
1747 610 1814 687 uni

224 723 373 822 petenti
387 722 517 822 plures
531 733 754 822 competant
769 724 948 812 actiones,
964 725 1062 802 sicut
1076 726 1193 802 assisa
1207 752 1314 801 novae
1329 725 1543 816 disseisinae,
1557 728 1692 805 mortis
1707 737 1814 804 ante·

223 841 381 918 cessoris
396 866 513 940 super
527 843 774 941 possessione,
789 853 828 920 et
842 843 956 919 breve
972 845 1020 919 de
1033 845 1209 941 ingressu
1225 853 1264 920 et
1279 844 1393 921 breve
1409 844 1457 922 de
1472 855 1577 922 recto
1593 872 1710 946 super
1725 873 1814 946 pro-

224 961 402 1060 prietate‚
424 961 537 1037 simul
559 970 598 1037 et
619 960 735 1037 semel
757 961 931 1037 omnibus
954 962 1010 1037 uti
1032 988 1111 1038 non
1133 963 1287 1061 poterit.
1314 963 1392 1040 Sed
1414 989 1534 1040 unam
1556 965 1674 1062 eligat
1698 992 1815 1064 quam

224 1079 399 1167 voluerit,
417 1088 457 1155 et
473 1105 551 1155 una
567 1080 689 1155 electa
706 1105 918 1177 numquam
935 1080 1089 1156 habebit
1107 1106 1325 1179 regressum
1344 1082 1394 1157 ad
1413 1082 1506 1159 alias
1525 1085 1718 1181 pendente
1736 1084 1813 1160 illa.

224 1197 342 1286 Quod
360 1198 390 1272 si
406 1197 457 1273 ad
474 1196 589 1273 aliam
605 1206 789 1286 recurrat,
806 1198 1027 1296 impetratio
1044 1200 1092 1275 de
1109 1201 1276 1276 secunda
1292 1225 1371 1276 non
1387 1200 1540 1276 valebit.

324 1321 371 1397 Si
384 1319 518 1420 plores
533 1329 754 1420 competant
769 1346 888 1421 cuper
903 1347 981 1398 aaa
996 1347 1037 1401 re
1054 1333 1092 1399 et
1108 1349 1188 1399 aaa
1202 1322 1323 1418 faerit
1340 1323 1471 1401 electa.

226 1443 380 1519 S1vero
398 1469 638 1543 quocumque
655 1447 770 1522 modo
788 1445 837 1521 ab
854 1447 1010 1545 incepta
1026 1448 1223 1523 recesserit
1241 1474 1312 1546 per
1329 1447 1523 1524 licentiam
1541 1448 1602 1524 vel
1620 1449 1813 1538 iudicium,

223 1561 264 1636 in
278 1562 539 1660 proponendis
555 1563 767 1641 actionibus
782 1564 883 1640 hunc
896 1565 1070 1641 ordinem
1084 1565 1312 1642 observabit.
1331 1566 1492 1642 sienim
1508 1567 1556 1642 ab
1573 1568 1691 1643 assisa
1707 1593 1815 1643 novae

224 1681 428 1758 disseisime
440 1705 630 1759 recessum
644 1682 775 1770 fuerit,
790 1683 921 1759 statim
933 1682 1121 1760 habeatur
1133 1708 1308 1760 recursus
1323 1685 1373 1760 ad
1388 1685 1545 1761 assisam
1558 1686 1692 1762 mortis
1707 1695 1813 1762 ante·

224 1801 381 1876 cessoris
401 1800 432 1876 si
450 1809 658 1900 competat,
677 1811 716 1877 et
735 1810 870 1899 postea
889 1802 1004 1877 breve
1023 1803 1071 1878 de
1090 1802 1277 1900 ingressu,
1299 1813 1337 1878 et
1358 1802 1409 1878 ad
1428 1803 1608 1880 ultimum
1628 1804 1679 1879 ad
1700 1804 1814 1880 breve

224 1918 272 1994 de
289 1927 406 2007 recta,
421 1927 461 1995 et
477 1919 533 1994 ita
549 1920 788 1995 ascendendo
804 1918 852 1996 de
868 1920 1104 2018 possessione
1121 1946 1243 2019 usque
1260 1921 1310 1996 ad
1328 1921 1618 2020 proprietatem.
1640 1922 1718 1999 Sed
1735 1948 1814 1998 non

224 2061 245 2111 e
262 2036 455 2112 contrario
471 2036 746 2126 descendendo,
764 2038 854 2136 quia
871 2064 1082 2136 numquam
1100 2040 1149 2114 de
1165 2039 1272 2115 brevi
1289 2040 1338 2115 de
1357 2049 1461 2116 recto
1478 2040 1524 2116 fit
1542 2041 1744 2117 descensus
1764 2041 1815 2117 ad

224 2155 300 2242 ‚alia
313 2155 444 2233 brevia
456 2155 652 2245 inferiora,
667 2155 758 2255 quia
771 2157 837 2255 qui
852 2157 967 2234 semel
981 2157 1104 2255 egerit
1118 2183 1190 2256 per
1203 2156 1317 2233 breve
1333 2158 1380 2233 de
1395 2167 1500 2235 recto
1515 2167 1643 2235 totum
1657 2160 1716 2235 ius
1732 2167 1814 2235 tam

224 2298 342 2373 super
360 2274 597 2372 possessione
617 2300 733 2373 quam
754 2299 870 2374 super
891 2275 1130 2374 proprietate
1151 2274 1305 2352 deducit
1327 2275 1367 2350 in
1388 2275 1582 2365 iudicium,
1605 2278 1814 2353 secundum

224 2393 328 2490 quod
346 2393 466 2469 videri
485 2393 629 2491 poterit
647 2394 753 2469 inira
772 2392 837 2468 ubi
855 2402 1048 2469 tractatur
1067 2395 1116 2469 de
1134 2394 1240 2469 brevi
1260 2395 1309 2470 de
1328 2403 1444 2470 recto.
1466 2396 1693 2493 Numquam
1713 2395 1814 2472 enim

225 2537 386 2588 acausa
408 2511 659 2611 proprietatis
682 2513 728 2588 fit
752 2513 954 2588 descensus
977 2510 1027 2587 ad
1051 2525 1207 2588 causam
1230 2511 1489 2611 possessionis,
1513 2537 1583 2588 nec
1607 2521 1813 2611 postquam

224 2630 340 2709 semel
356 2639 485 2708 actum
499 2629 619 2706 fuerit
634 2629 682 2706 de
697 2630 834 2706 seisina
850 2629 1111 2706 antecessoris⁴
1127 2655 1206 2706 non
1220 2631 1365 2729 poterit
1382 2629 1466 2729 quis
1483 2655 1598 2729 agere
1614 2631 1661 2707 de
1677 2631 1814 2708 seisina

224 2749 385 2847 propria
403 2773 474 2848 per
494 2747 662 2824 assisam.

324 2873 371 2950 Si
384 2873 470 2971 qaia
482 2896 523 2949 aa
538 2871 745 2948 retraceait
759 2870 807 2947 ab
822 2897 902 2947 aaa
916 2895 1002 2946 cara
1017 2871 1138 2966 faerit
1153 2871 1284 2949 electa.

225 2997 330 3073 CUM
352 3004 483 3072 autem
503 2995 552 3071 ab
573 2995 722 3072 actione
742 2995 783 3071 in
804 3020 886 3071 rem
907 2995 992 3092 quis
1014 2996 1129 3072 semel
1150 2995 1346 3072 recesserit
1368 2994 1428 3071 vel
1451 2995 1499 3071 ab
1523 2996 1671 3072 actione
1693 3021 1734 3072 se
1755 3021 1813 3072 re·

122 3197 125 3204 ,
223 3115 398 3203 traxerit,
423 3115 484 3190 vel
508 3114 690 3190 iudicium
715 3113 951 3190 contrarium
975 3114 1162 3202 habuerit,
1188 3139 1400 3213 numquam
1427 3114 1477 3190 ad
1503 3114 1664 3191 eandem
1690 3114 1814 3191 redire

224 3235 368 3333 poterit
384 3258 472 3310 cum
488 3232 604 3310 semel
621 3233 792 3309 extincta
807 3257 886 3308 non
903 3231 1103 3309 reviviscit.
1125 3232 1167 3308 Si
1186 3242 1316 3308 autem
1333 3258 1382 3307 ex
1400 3257 1639 3331 quacumque
1657 3257 1772 3309 causa
1791 3258 1814 3308 a

223 3352 329 3428 brevi
343 3378 383 3428 se
398 3352 604 3428 retraxerit
617 3377 690 3450 pro
704 3350 832 3450 aliquo
847 3350 1003 3427 defectu
1017 3359 1056 3427 et
1071 3376 1149 3426 non
1164 3351 1212 3426 ab
1228 3351 1387 3439 actione,
1402 3350 1508 3426 aliud
1523 3351 1606 3428 erit.

322 3477 428 3552 Item
444 3475 638 3552 actionum
654 3475 768 3551 tertio
782 3475 927 3551 divbio.

224 3600 336 3675 Iram
357 3599 546 3674 actionem
564 3598 739 3696 quadam
757 3597 1031 3696 praeiudiciales
1051 3622 1136 3696 quae
1155 3598 1334 3673 oriuntur
1353 3622 1401 3672 ex
1420 3595 1675 3673 incidentibus
1694 3621 1813 3694 quaes·

223 3716 390 3793 tionibus
409 3716 470 3793 vel
490 3716 784 3814 emergentibus,
805 3717 845 3791 in
865 3715 1002 3813 quibus
1023 3715 1207 3813 quaeritur
1227 3724 1360 3791 utrum
1381 3714 1530 3813 aliquis⁵
1552 3715 1602 3791 sit
1623 3715 1813 3811 ingenuus

222 3838 284 3913 vel
304 3835 530 3923 libertinus,⁰
551 3835 647 3910 liber
665 3834 726 3909 vel
746 3860 890 3922 servus,
911 3833 1013 3908 filius
1035 3858 1085 3908 an
1106 3859 1196 3922 non,
1217 3842 1256 3908 et
1277 3834 1309 3908 si
1329 3833 1443 3921 filius,
1465 3840 1597 3909 utrum
1618 3832 1813 3930 legitimus

222 3957 283 4034 vel
302 3957 518 4045 bastardus,
535 3963 575 4031 et
592 3955 819 4031 huiusmodi.
839 3954 896 4030 Et
915 3954 1098 4030 dicuntur
1115 3953 1388 4053 praeiudiciales
1408 3953 1498 4052 quia
1517 3953 1625 4052 prius
1643 3953 1812 4030 iudican-

223 4087 290 4154 tur
304 4103 421 4176 quam
435 4077 534 4154 actio
549 4074 784 4175 principalis,
801 4074 852 4150 et⁷
869 4085 914 4150 ut
928 4100 999 4173 per
1014 4074 1085 4150 hoc
1099 4084 1296 4150 remaneat
1312 4073 1535 4172 principalis
1551 4073 1612 4149 vel
1628 4072 1812 4172 procedat

222 4199 264 4274 in
284 4223 524 4297 quacumque
544 4222 661 4273 causa
681 4196 862 4272 incidenti
883 4195 944 4271 vel
966 4191 1204 4292 emergenti,⁸
1225 4204 1271 4270 ut
1293 4195 1323 4270 si
1345 4194 1488 4269 incidat
1511 4193 1713 4269 conventio
1736 4192 1813 4268 sive

224 4327 393 4418 pactum,
412 4344 472 4394 res
490 4318 658 4394 iudicata
675 4317 736 4393 vel
753 4317 840 4393 finis
859 4316 999 4404 factm,
1018 4315 1079 4391 vel
1098 4315 1173 4392 alia
1191 4315 1331 4413 quaevis
1350 4314 1536 4414 exceptio.

327 4588 407 4665 Uba'
423 4586 622 4664 terminari
638 4586 803 4664 debeant
820 4586 988 4662 octioawa
1005 4583 1229 4662 crimimlca.
1612 4669 1616 4676 ,

224 4711 253 4787 f.
270 4711 387 4804 104b]
444 4710 528 4787 Um
545 4709 743 4788 terminari
761 4710 925 4786 debeant
942 4708 1109 4786 actiones
1127 4709 1206 4785 sive
1221 4707 1365 4806 placita
1380 4708 1599 4784 videndum.
1618 4707 1677 4784 Et
1695 4707 1812 4784 scien·

224 4833 317 4909 dum
330 4831 434 4931 quod
448 4833 479 4909 si
494 4831 660 4909 actiones
675 4831 888 4907 criminales
904 4830 980 4907 sint
995 4831 1036 4906 in
1049 4829 1156 4905 curia
1170 4829 1314 4905 domini
1329 4829 1431 4926 regis
1445 4829 1586 4905 debent
1601 4828 1811 4915 terminari,

223 4978 311 5030 cum
332 4953 381 5030 sit
403 4952 455 5028 ibi
477 4977 592 5051 poena
613 4951 823 5051 corporalis
846 4949 1068 5049 infligenda,
1091 4958 1132 5027 et
1153 4950 1223 5025 hoc
1246 4975 1376 5025 coram
1398 4949 1484 5048 ipso
1508 4951 1538 5024 si
1560 4957 1701 5046 tangat
1724 4974 1811 5047 per·

222 5168 485 5247 ‘antecessorum
502 5171 575 5242 LA;
594 5177 790 5242 antecessor,
810 5168 904 5231 MSS.
923 5188 988 5229 var.
1030 5166 1182 5246 'aliquid
1201 5166 1270 5243 OB,
1290 5168 1372 5240 MB;
1392 5166 1487 5240 aliud,
1508 5167 1583 5228 Ma
1624 5163 1811 5228 ‘libertinus

223 5274 298 5330 etsi
314 5269 477 5331 libertinus
495 5269 584 5343 liber,
601 5271 640 5331 V.
681 5269 786 5346 ⁷Om,
804 5269 874 5343 OB,
892 5271 968 5345 MA,
987 5268 1064 5344 ΜΒ,
1083 5269 1149 5344 ΟΕ,
1168 5268 1242 5342 CM,
1262 5269 1300 5329 Y.
1341 5265 1551 5346 'emergente
1571 5266 1639 5342 ΟΛ,
1658 5268 1726 5342 LA,
1746 5268 1812 5344 CB,

223 5370 297 5446 CM,
314 5371 391 5445 MG,
408 5371 481 5433 MC.
