4392 6352
786 502 847 564 DE
871 502 1075 564 PLACITIS
1098 502 1286 564 CORONAE
1760 508 1835 580 338

245 664 284 731 et
301 653 518 730 molestant.
538 654 602 731 De
619 653 767 730 catallis
786 663 1058 731 extraneorum
1077 655 1125 730 de
1144 662 1337 752 potestate
1355 653 1457 751 regis
1477 652 1652 729 Francia
1670 653 1835 731 existen·

244 771 344 848 tium
359 773 453 848 dum
468 798 538 848 rex
553 771 630 849 fuit
646 773 686 847 in
701 773 922 861 wasconia,
940 798 1016 871 quo
1034 774 1271 849 devenerunt
1288 780 1464 848 etcetera.
1481 771 1546 848 De
1564 772 1728 849 denariis
1746 798 1835 872 cap·

244 893 294 970 tis
310 893 411 993 pro⁸⁰
427 892 610 970 defaltis⁸²
627 919 698 992 per
713 893 900 969 ballivos⁰²
917 894 1037 970 dehis
1054 894 1119 993 qui
1136 920 1214 970 non
1229 903 1417 970 venerunt
1435 894 1485 969 ad
1502 894 1836 970 summonitionem

244 1016 486 1106 vicecomitis,
509 1015 593 1116 quis
617 1013 709 1092 eos'⁸
732 1015 876 1114 ceperit
899 1023 938 1092 et
961 1024 1161 1113 quantum.
1185 1017 1249 1091 De
1272 1014 1329 1092 his
1354 1016 1418 1113 qui
1441 1015 1666 1092 levaverimt
1689 1037 1835 1091 waren·

245 1165 335 1215 nam
359 1140 439 1215 sine
463 1138 662 1215 sufficienti
685 1147 870 1214 waranto.
894 1139 959 1214 De
982 1138 1039 1213 his
1062 1139 1127 1236 qui
1151 1147 1457 1237 manuceperunt
1480 1138 1645 1215 habendi
1669 1138 1835 1236 aliquem

245 1289 373 1339 coram
393 1261 604 1339 iustitiariis
624 1262 665 1337 iu
685 1261 854 1336 adventu
875 1262 1059 1359 ipsorum,
1080 1269 1118 1336 et
1139 1286 1218 1336 non
1238 1260 1455 1336 habuerunt
1477 1258 1593 1336 eum⁰⁴
1614 1261 1739 1358 primo
1762 1260 1834 1335 die.

244 1384 309 1460 De
322 1384 380 1460 his
395 1384 460 1482 qui
474 1383 706 1461 traxerunt⁰⁶
723 1383 852 1459 brevia
867 1393 905 1460 et
921 1383 1031 1458 alteri
1047 1383 1151 1482 parti
1167 1383 1433 1471 vendiderunt,
1452 1409 1522 1482 per
1538 1385 1641 1481 quod
1658 1383 1835 1460 dominus

244 1530 314 1581 rex
331 1505 457 1581 amisit
472 1506 513 1581 id
528 1505 631 1603 quod
648 1507 698 1582 ad
714 1506 842 1603 ipsum
857 1505 946 1581 inde
963 1505 1192 1604 pertinebat.
1211 1505 1278 1580 De
1293 1506 1480 1581 thesauris
1499 1506 1674 1581 inventia.

343 1629 471 1705 Breve
494 1629 542 1705 de
564 1629 737 1727 pancrati
759 1619 1053 1706 summonitione
1078 1631 1128 1706 ad
1150 1629 1409 1706 itinerandum
1434 1630 1542 1728 opud
1564 1629 1771 1728 Sliproepe
1793 1629 1835 1705 ia

345 1747 530 1823 comitata
548 1747 700 1823 Cantiae
717 1747 823 1842 infra
841 1746 1057 1824 libertatem
1076 1747 1244 1846 quiaque
1262 1757 1458 1846 portuum.

244 1873 341 1949 REx
364 1871 510 1947 dilectis
532 1881 571 1948 et
594 1872 769 1948 fidelibus
795 1872 871 1948 suis
895 1871 1044 1949 ballivis
1068 1872 1116 1948 de
1140 1872 1358 1970 Hastinges
1382 1873 1556 1948 salutem.
1583 1873 1834 1971 Pracipimus

243 1997 349 2074 vobis
367 1997 469 2095 quod
486 1996 591 2072 omni
608 1996 802 2072 occasione
820 1996 1037 2095 postposita
1054 1994 1135 2071 sitis
1153 1996 1259 2092 apud
1279 1993 1509 2094 Shipweye⁸⁸
1529 1996 1579 2071 ad
1596 1995 1714 2072 talem
1733 1995 1834 2071 diem

244 2143 373 2194 coram
387 2118 534 2194 dilectis
548 2128 587 2194 et
601 2118 777 2194 fidelibus
792 2119 932 2194 nostris
948 2117 1100 2207 talibus,
1116 2127 1155 2194 et
1170 2118 1259 2193 illuc
1274 2127 1367 2193 tuuc
1383 2118 1513 2193 venire
1529 2117 1679 2194 faciatis
1696 2117 1833 2215 viginti

244 2252 411 2341 quatuor
431 2244 478 2318 de
497 2242 742 2340 legalioribus
764 2251 802 2318 et
825 2240 1108 2317 discretioribus
1129 2241 1334 2317 baronibus
1357 2241 1404 2317 de
1426 2241 1644 2338 Hastinges
1666 2251 1706 2316 et
1728 2241 1833 2329 alios,

243 2367 341 2444 sicut
359 2367 488 2443 venire
506 2367 629 2443 solent
647 2375 686 2441 et
704 2365 856 2454 debent,
876 2365 926 2440 ad
944 2364 1130 2462 placitum
1150 2365 1198 2440 de
1219 2364 1433 2463 Shipweye,
1453 2364 1503 2439 ad
1522 2364 1833 2461 respondendum

243 2514 372 2564 coram
399 2489 573 2587 praefatis
600 2488 811 2565 iustitiariis
839 2488 978 2564 nostris
1006 2488 1054 2564 de
1080 2487 1258 2586 capitulis
1287 2487 1521 2584 subscriptis.
1549 2486 1615 2563 De
1641 2486 1832 2563 veteribus

243 2613 393 2712 placitis
408 2638 556 2694 coronae
571 2637 655 2711 quae
669 2613 763 2688 alias
779 2613 940 2688 fuenmt
954 2636 1084 2686 coram
1099 2607 1337 2686 iustitiariis⁸²
1355 2611 1461 2708 apud
1481 2609 1684 2708 Shipweye
1699 2619 1738 2686 et
1755 2633 1833 2684 non

243 2734 272 2811 f.
289 2737 382 2828 118]
438 2736 599 2811 fuenmt
615 2734 832 2812 terminata.
850 2733 916 2810 De
931 2734 1040 2809 novis
1058 2733 1209 2832 placitis
1226 2757 1374 2809 coronae
1392 2757 1476 2831 quae
1493 2733 1598 2808 infra
1616 2732 1832 2808 libertatem

241 2869 408 2937 vestram
431 2868 668 2935 emerserunt
690 2867 864 2957 tempore
887 2858 1003 2955 pacis,
1028 2865 1234 2955 postquam
1256 2855 1449 2933 iustitiarii
1471 2855 1608 2931 ultimo
1631 2855 1832 2931 itinerare·

241 2991 335 3059 runt
349 2984 455 3081 apud
472 2973 766 3081 Shipweye.'De
781 2981 837 3057 his
854 2982 919 3079 qui
935 2982 1095 3057 fuerunt
1111 2981 1152 3055 in
1167 2980 1425 3055 misericordia
1440 2987 1617 3056 etcetera.
1634 2979 1699 3055 De
1717 2979 1830 3054 eccle-
1876 3025 1881 3036 ·

242 3104 304 3181 siis
325 3114 502 3181 etcetera.
523 3105 589 3180 De
609 3104 733 3180 assisis
755 3129 975 3202 pannorum
995 3111 1172 3179 etcetera.
1194 3103 1259 3178 De
1281 3102 1448 3178 eschaetis
1471 3111 1647 3178 etcetera.
1670 3102 1735 3177 De
1757 3102 1830 3177 illis

242 3227 306 3324 qui
320 3227 580 3303 robbaverunt
592 3228 632 3301 in
645 3227 757 3304 terris
771 3226 846 3302 vel¹
860 3253 961 3325 aqua
976 3236 1064 3325 post
1080 3251 1213 3325 pacem
1228 3226 1443 3302 clamatam.
1460 3224 1537 3300 De¹
1553 3223 1830 3324 purpresturis⁸

241 3360 418 3427 etcetera.
435 3351 501 3426 De
518 3349 705 3426 mensuris
723 3358 900 3426 etcetera.
919 3349 984 3424 De
1001 3350 1099 3425 vinis
1116 3349 1280 3425 venditis
1299 3357 1475 3424 etcetera.
1495 3349 1559 3424 De
1577 3348 1757 3425 thesauro
1776 3355 1830 3423 et·

240 3481 378 3548 cetera.
391 3471 470 3548 De*
482 3471 631 3548 catallis
645 3473 887 3548 Francorum
901 3470 1093 3547 etcetera.⁶
1106 3472 1171 3548 De
1186 3471 1403 3548 falsonariis
1418 3480 1594 3548 etcetera.
1609 3470 1674 3546 De
1690 3470 1829 3568 burga·

240 3594 387 3670 toribus
408 3603 584 3670 etcetera.
605 3595 671 3670 De
690 3595 868 3671 mercatis
889 3604 1065 3671 etcetera.
1087 3594 1166 3669 De⁰
1187 3595 1335 3670 cambio
1356 3594 1547 3670 etcetera'
1569 3593 1633 3670 De
1655 3593 1830 3691 fugitivis

241 3726 417 3793 etcetera.
437 3717 502 3794 De
520 3716 693 3793 mercede
713 3725 889 3794 etcetera.
910 3717 974 3793 De
994 3717 1102 3793 novis
1123 3716 1459 3793 consuetudinibus
1481 3725 1657 3792 etcetera.
1679 3715 1744 3792 De
1767 3717 1829 3791 de-

241 3839 348 3916 faltis
362 3849 539 3916 etcetera.
554 3839 618 3916 De
631 3840 754 3938 gaolis
769 3848 946 3915 etcetera.
961 3840 1026 3915 De
1042 3839 1187 3938 rapinis
1203 3848 1379 3915 etcetera.
1394 3839 1459 3915 De
1475 3839 1636 3915 navibus
1651 3839 1774 3937 captis
1789 3838 1830 3914 in

239 3988 382 4061 guerra
401 3973 440 4039 et
460 3963 612 4040 traditis
632 3987 702 4060 per
720 3962 963 4039 Willelmum
984 3962 1031 4038 de
1052 3961 1309 4049 Wroteham,⁸
1329 3961 1390 4037 cui
1410 3962 1665 4038 tradebantur
1686 3971 1724 4038 et
1745 3960 1830 4060 quis

240 4087 324 4164 illas
343 4085 496 4162 habeat⁹
514 4086 576 4162 vel
594 4085 686 4184 quid
705 4087 753 4161 de
772 4085 845 4160 illis
865 4095 993 4160 actum
1013 4085 1073 4160 sit.
1094 4084 1159 4160 De
1178 4083 1251 4160 illis
1272 4084 1338 4182 qui
1356 4084 1612 4160 vendiderrmt
1632 4110 1748 4160 naves
1768 4083 1829 4158 vel

240 4207 474 4284 maeremium
494 4208 544 4283 ad
564 4233 680 4284 naves
702 4207 896 4283 faciendas
918 4206 1077 4283 inimicis
1097 4204 1220 4305 patris
1241 4204 1413 4282 domini¹⁰
1433 4204 1562 4303 regis²¹
1583 4216 1621 4283 et
1643 4207 1720 4282 suis
1741 4231 1829 4282 con·

240 4339 303 4406 tra
323 4330 617 4428 prohibitionem
638 4330 760 4428 patris
781 4330 901 4428 ipsius
922 4329 1065 4405 domini
1086 4329 1199 4426 regis.
1223 4329 1392 4405 Faciatis
1414 4329 1528 4405 etiam
1550 4328 1679 4405 venire
1701 4355 1830 4404 coram

240 4450 381 4527 eisdem
400 4451 612 4528 iustitiariis
631 4451 772 4528 nostris
793 4453 842 4527 ad
862 4452 1071 4550 praefatum
1090 4451 1310 4540 terminum,
1330 4452 1458 4527 omnia
1479 4452 1622 4550 placita
1644 4461 1681 4528 et
1703 4450 1831 4527 omnia

241 4575 540 4652 attachiamenta
561 4600 645 4673 quae
666 4575 796 4649 venire
817 4583 855 4650 et
876 4574 1075 4649 terminari
1097 4573 1238 4650 debent
1259 4584 1298 4651 et
1321 4575 1444 4651 solent
1466 4600 1596 4650 coram
1619 4573 1829 4650 iustitiariis

241 4697 385 4796 placita
408 4697 627 4773 tenentibus
653 4698 760 4795 apud
787 4695 1000 4796 Shipweye.
1028 4698 1145 4773 Teste
1172 4706 1348 4774 etcetera.
1376 4698 1529 4773 Eodem
1554 4697 1669 4772 modo
1695 4706 1733 4773 et
1759 4721 1830 4794 per

240 4912 305 4947 ⁶⁰⁴²
318 4934 374 4991 per
392 4913 554 4988 defaltum,
574 4914 652 4989 MG,
671 4915 744 4975 cM.
785 4913 810 4947 ⁶²
822 4912 952 4977 ballivos
971 4921 1013 4990 et,
1032 4916 1102 4990 OB,
1122 4915 1198 4989 MA,
1218 4916 1293 4975 ΜΒ.
1335 4912 1362 4948 ⁸⁸
1374 4934 1486 4990 eorum,
1508 4916 1576 4990 OB,
1597 4916 1672 4989 MA,
1693 4915 1769 4987 ΜΒ,
1790 4913 1829 4988 Y,

240 5014 315 5090 MC,
335 5013 400 5075 ΟΕ.
442 5013 560 5088 ⁸⁴Om.,
580 5014 648 5091 OB,
669 5015 744 5090 MA,
764 5016 841 5089 ΜΒ,
862 5016 939 5090 MG,
960 5017 1033 5076 cM.
1076 5013 1102 5048 ⁰¹⁵
1115 5023 1321 5089 retraxerunt,
1342 5016 1381 5088 V,
1402 5017 1440 5077 Y.
1483 5014 1698 5093 ⁰⁸Skipveye,
1719 5013 1828 5092 Schip·

238 5133 334 5191 veye,
348 5112 582 5193 Schippeweye,
595 5116 808 5192 Scippeveye,
821 5115 1064 5194 Schyppeweye,
1079 5113 1279 5193 Schepvvaye,
1294 5116 1469 5194 Skipweye,
1485 5116 1579 5177 MSS.
1615 5115 1641 5150 ⁰²
1653 5119 1828 5177 iustitiariis

239 5218 365 5288 nostris,
383 5214 460 5288 MG,
478 5215 552 5290 CM,
569 5216 634 5276 OC.

323 5313 395 5374 ²vel
411 5317 453 5388 iu,
469 5314 508 5390 V,
524 5313 592 5389 OC,
608 5315 676 5377 OB.
713 5312 843 5391 ''⁸Om.,
859 5315 937 5390 MG,
953 5316 1026 5377 CM.
1064 5312 1194 5393 ⁴'⁶Om.,
1211 5317 1289 5393 MG,
1306 5318 1378 5378 CM.
1395 5315 1525 5393 ΝΟΜ,
1542 5319 1610 5380 ΟΑ.
1649 5315 1829 5394 ‘Wroham

240 5413 386 5491 Bocham,
405 5415 580 5490 Wrooham,
599 5416 693 5478 MSS.
713 5437 779 5478 var.
820 5413 985 5493 ’tradidit
1005 5417 1082 5492 MG,
1103 5419 1176 5479 CM.
1218 5415 1375 5493 ²⁰·1101n,
1397 5419 1475 5494 MG,
1496 5420 1569 5480 cM.
