4392 6352
1233 284 1260 324 Ἰ

778 469 840 530 DE
863 469 1068 533 PLACITIS
1090 468 1280 532 CORONAE
1752 478 1826 546 345

237 628 356 719 raptu
380 620 500 697 fuerit
523 620 755 720 appellatus,
779 630 818 698 et
842 621 992 697 factum
1015 645 1145 698 recens
1169 620 1300 709 fuerit,
1326 621 1535 697 secundum
1560 621 1663 720 quod
1687 622 1828 698 multo·

237 736 336 815 tiens
361 738 481 815 videri
506 738 651 837 poterit
675 764 746 838 per
769 739 910 815 indicia
934 748 1051 828 certa,
1077 750 1122 816 ut
1147 739 1179 815 si
1203 737 1422 816 huthesium
1446 739 1617 816 levatum
1643 739 1762 817 fuerit
1789 750 1828 817 et

238 866 411 933 recenter
437 867 611 934 secutum
638 867 678 934 et
704 867 865 957 ruptum
893 858 1175 946 vestimentum,
1205 866 1244 933 et
1272 859 1303 932 si
1331 883 1409 933 non
1437 866 1611 957 ruptum,
1640 860 1827 956 sanguine

237 985 368 1053 tamen
390 977 607 1065 intinctum,
630 975 751 1053 tunc²⁷
776 976 1008 1054 attachietur
1031 977 1250 1075 appellatus
1275 1002 1346 1075 per
1370 985 1537 1075 quatuor
1560 977 1621 1052 vel
1646 975 1742 1052 sex²⁸
1766 975 1828 1052 vel

238 1095 369 1194 plures
395 1095 426 1171 si
451 1103 512 1172 tot
537 1095 699 1172 inveniri
724 1095 885 1195 possint,
912 1094 998 1171 sin²⁹
1026 1104 1167 1184 autem,
1195 1096 1245 1171 ad
1270 1094 1397 1172 minus
1424 1122 1495 1193 per
1522 1096 1618 1172 duos
1646 1096 1750 1194 quod
1778 1096 1828 1173 sit

237 1221 414 1303 etcetera,
436 1223 632 1312 utsupra.
657 1215 699 1289 Si
721 1223 851 1291 autem
873 1215 1022 1291 factum
1043 1238 1173 1290 recens
1195 1238 1274 1289 non
1296 1214 1415 1290 fuerit
1437 1239 1507 1290 nec
1528 1214 1746 1290 huthesium
1768 1240 1827 1290 re·

236 1343 367 1410 center
379 1334 550 1410 levatum
562 1358 631 1408 nec
644 1333 756 1431 signa
769 1343 986 1430 appareant
998 1331 1110 1431 quae³⁰
1125 1333 1464 1432 praesumptionem
1478 1333 1675 1422 inducant,
1689 1331 1827 1410 sufficit

237 1452 268 1528 si
284 1453 503 1551 appellatus
518 1451 753 1528 attachiatur
766 1477 838 1549 per
853 1452 961 1527 duos.

336 1570 401 1647 De
413 1593 510 1669 pace
523 1579 562 1645 et
574 1568 712 1668 plagis.

237 1687 267 1763 f.
284 1686 402 1780 122b]
457 1688 542 1763 Esr
557 1687 673 1764 etiam
689 1713 823 1764 eorum
838 1686 1003 1764 officium
1018 1688 1059 1763 in
1075 1687 1230 1787 appello
1247 1689 1295 1764 de
1311 1713 1405 1786 pace
1422 1699 1461 1766 et
1477 1688 1616 1788 plagis
1632 1697 1678 1765 ut
1694 1689 1726 1765 si
1742 1689 1827 1787 quis

238 1809 285 1885 de
298 1833 394 1907 pace
408 1818 447 1885 et
460 1808 587 1907 plagis
603 1807 722 1884 fuerit
737 1807 974 1906 appellatus:
990 1807 1176 1906 imprimis
1193 1807 1357 1883 videnda
1373 1807 1445 1883 erit
1460 1807 1590 1904 plaga,
1607 1816 1647 1884 et
1662 1808 1693 1884 si
1707 1807 1827 1906 plaga

236 1926 410 2002 mortalis
427 1926 547 2002 fuerit
564 1934 602 2002 et
619 1925 838 2025 appellatus
855 1925 1084 2014 inveniatur,
1102 1925 1233 2001 statim
1250 1925 1428 2024 capiatur
1446 1933 1485 2001 et
1503 1935 1639 2022 captus
1658 1917 1826 2002 detinea-

236 2053 313 2133 tur,
331 2045 452 2121 donec
469 2044 612 2121 sciatur
629 2053 763 2120 utrum
779 2045 1004 2120 vulneratus
1023 2044 1284 2120 convalescere
1302 2044 1424 2143 possit
1443 2044 1504 2119 vel
1523 2070 1612 2120 non.
1635 2044 1677 2120 Si
1697 2051 1828 2120 autem

235 2188 325 2250 non,
345 2171 384 2238 et
402 2164 601 2251 moriatur,
622 2162 808 2261 appellati
827 2161 1094 2240 retineantur³²
1113 2163 1154 2237 in
1172 2162 1340 2260 prisona.
1364 2163 1406 2238 Si
1427 2170 1557 2238 autem
1578 2163 1826 2251 convaluerit,

237 2282 467 2358 attachietur
483 2282 703 2381 appellatus
719 2308 790 2381 per
805 2291 972 2380 quatuor
988 2283 1049 2357 vel
1065 2281 1207 2381 plures,
1225 2282 1434 2358 secundum
1451 2282 1555 2380 quod
1570 2282 1690 2381 plaga
1706 2281 1827 2357 fuerit

235 2400 357 2476 maior
373 2400 434 2475 vel
450 2401 585 2476 minor.
607 2401 649 2475 Si
666 2410 797 2476 autem
815 2399 893 2475 ibi³²
912 2400 1032 2476 fuerit
1048 2399 1290 2489 mahemium,
1307 2409 1401 2477 tunc
1420 2426 1491 2498 per
1508 2400 1651 2499 plures,
1671 2399 1737 2477 et⁸⁸
1756 2401 1826 2476 fiat

235 2517 316 2594 ibi³⁴
337 2517 439 2595 bona
462 2520 656 2595 securitas.
684 2519 726 2593 Si
751 2528 880 2595 autem
903 2518 1024 2617 plaga
1047 2517 1211 2617 simplex
1235 2518 1366 2606 fuerit,
1391 2527 1485 2593 tunc
1509 2518 1647 2596 sufficit
1672 2517 1730 2596 si⁸⁵
1755 2544 1827 2618 per

236 2638 343 2714 duos.
361 2639 419 2715 Et
437 2638 468 2714 si
485 2638 635 2714 advena
650 2637 770 2713 fuerit
788 2646 826 2713 et
843 2637 1000 2735 ignotus
1018 2635 1085 2713 et⁸⁶
1104 2637 1151 2713 de
1169 2636 1380 2734 longinquo
1399 2637 1565 2725 veniens,
1585 2637 1824 2736 peregrinus,

235 2759 296 2834 vel
318 2759 349 2834 si
370 2784 444 2857 pro
464 2756 627 2856 penuria
648 2755 858 2832 amicorum
880 2754 1027 2853 plegios
1048 2754 1220 2831 invenire
1241 2781 1321 2831 non
1341 2756 1475 2853 possit,
1498 2755 1578 2832 eius
1601 2756 1650 2833 sit
1672 2756 1824 2854 plegius

234 2875 349 2973 gaola
365 2875 517 2975 quaead
533 2873 825 2951 custodiendum
843 2874 1056 2972 deputatur
1073 2884 1112 2950 et
1129 2899 1208 2948 non
1226 2874 1277 2950 ad
1294 2873 1544 2972 puniendum.

334 2995 400 3069 De
416 2992 540 3090 officio
557 2993 785 3070 vicecomitis
800 2994 843 3069 in
858 2991 1014 3092 appello
1031 2993 1078 3069 de
1095 3015 1191 3090 pace
1207 3002 1246 3069 et
1262 2991 1391 3090 plapia
1407 3001 1445 3068 et
1462 2992 1511 3068 de
1527 2991 1655 3090 plagia
1672 3016 1822 3069 menan-

334 3110 476 3190 randis.

235 3230 341 3305 CUM
366 3230 450 3327 quis
476 3229 595 3305 alium
620 3228 874 3328 appellaverit
901 3230 949 3305 de
975 3253 1071 3327 pace
1096 3236 1136 3304 et
1161 3229 1300 3328 plagis,
1326 3229 1455 3305 videre
1481 3228 1594 3306 debet
1620 3237 1825 3305 coronator

233 3347 371 3446 plagas
384 3348 480 3437 illas,
494 3358 534 3425 et
546 3348 630 3424 illas
644 3373 866 3424 mensurare
879 3347 986 3424 cuius
1000 3348 1076 3425 sint
1089 3347 1341 3445 longitudinis
1356 3357 1396 3425 et
1410 3348 1517 3424 cuius
1532 3347 1824 3445 profunditatis,

234 3467 313 3543 sive
329 3468 442 3544 factae
459 3466 605 3544 fuerint
620 3465 803 3565 incapite
820 3467 899 3541 sive
915 3466 1017 3554 alibi,
1033 3475 1073 3543 et
1090 3466 1227 3565 quibus
1243 3466 1371 3542 armis.
1390 3467 1448 3543 Et
1464 3465 1543 3542 haec
1560 3466 1688 3543 omnia
1707 3466 1824 3542 faciet

232 3585 429 3662 irrotulari
461 3611 548 3663 cum
580 3585 798 3662 testimonio
830 3584 1058 3662 vicecomitis
1091 3585 1123 3661 si
1155 3610 1322 3684 praesens
1355 3585 1475 3661 fuerit
1508 3585 1548 3660 in
1580 3584 1823 3684 inquisitione

233 3703 422 3792 facienda,
442 3703 503 3779 vel
522 3703 659 3780 saltem
677 3703 717 3778 in
736 3703 921 3780 comitatu
939 3703 970 3778 si
990 3703 1189 3802 appellum
1209 3704 1358 3779 factum
1377 3703 1427 3779 sit
1446 3704 1487 3777 in
1506 3703 1702 3779 comitatu.

333 3823 379 3899 Si
397 3821 518 3920 plaga
535 3821 750 3920 periculosa
769 3823 819 3899 ait
837 3831 1035 3920 ponantur
1055 3821 1243 3919 appellati
1260 3821 1303 3897 in
1321 3822 1531 3920 ptisanam,
1551 3847 1621 3898 nec
1640 3830 1731 3898 aunt
1752 3845 1824 3920 per

333 3938 482 4038 plegios
507 3940 738 4028 dimittendi,
762 3941 830 4017 aad
855 3939 1062 4017 videndum
1087 3939 1128 4016 in
1153 3939 1260 4016 cuius
1284 3939 1443 4038 pnsum
1468 3940 1545 4016 aiut
1572 3939 1823 4028 custodiendi,

333 4056 475 4134 scilicet
491 4059 532 4134 in
550 4057 708 4156 prisona
724 4057 826 4134 illias
844 4059 910 4157 qui
927 4065 1160 4156 potestatem
1180 4056 1294 4134 habet
1311 4056 1506 4134 iudicandi
1526 4057 1632 4135 tales.

233 4175 469 4250 ΑΡΜΑΤΙ
488 4201 579 4251 vero
599 4176 647 4253 de
666 4184 790 4252 morte
809 4173 971 4252 hominis
990 4184 1030 4251 et
1049 4175 1098 4250 de
1117 4177 1223 4275 pacis
1242 4186 1282 4252 et
1301 4175 1428 4274 plag's
1448 4173 1669 4275 periculosis
1691 4176 1823 4253 statim

232 4295 436 4393 capiantur
453 4305 491 4371 et
508 4297 548 4370 in
565 4295 762 4392 prisonam
778 4295 1048 4382 detrudantur,
1066 4304 1105 4371 et
1122 4293 1173 4369 ibi
1191 4294 1458 4370 custodiantur
1474 4295 1595 4370 donec
1614 4320 1684 4392 per
1702 4294 1821 4371 domi-

232 4438 327 4489 num
338 4439 470 4509 regem
482 4439 553 4510 per
565 4413 713 4510 plegios
728 4412 975 4489 dimittantur
987 4413 1048 4488 vel
1061 4437 1132 4510 per
1145 4411 1327 4487 iudicium
1342 4412 1611 4502 deliberentur,
1627 4412 1687 4489 vel
1702 4414 1822 4490 donec

233 4530 353 4607 decis
372 4539 531 4628 petatur
550 4531 656 4606 curia
675 4530 989 4619 Christianitatis,
1011 4531 1041 4605 si
1061 4530 1186 4605 clerici
1207 4531 1364 4619 fuerint,
1386 4531 1657 4631 cuiuscumque
1678 4531 1821 4609 ordinis

232 4650 292 4726 vel
308 4650 508 4747 dignitatis
525 4649 682 4725 fuerint.
699 4649 905 4747 Appellati
919 4674 1010 4724 vero
1026 4648 1074 4724 de
1089 4648 1212 4723 forcia
1227 4648 1334 4723 salvo
1349 4649 1608 4727 attachientur
1624 4676 1821 4749 quousque
1857 4714 1859 4720 ,

232 4767 419 4866 appellati
441 4768 490 4844 de
511 4767 618 4842 facto
639 4767 925 4842 convincantur.
952 4767 1031 4843 Sed
1053 4765 1261 4843 videndum
1283 4767 1324 4842 in
1346 4767 1453 4844 cuius
1477 4768 1634 4866 prisona
1657 4769 1822 4845 debeant

230 4909 318 4962 cum
338 4885 442 4984 capti
462 4883 608 4961 fuerint
628 4909 836 4974 remanere,
857 4883 935 4960 sive
955 4884 1060 4983 capti
1081 4884 1255 4960 fuerint⁸⁷
1276 4910 1349 4984 pro
1369 4884 1568 4961 latrocinio
1588 4884 1676 4961 vel⁸⁸
1697 4896 1821 4962 morte

231 5083 257 5120 ²⁷
269 5087 350 5162 Ona,
364 5088 433 5161 OB,
447 5089 523 5162 MA,
537 5089 613 5149 ΜΒ.
648 5086 830 5165 ²“quinqua
844 5088 913 5163 OB,
928 5089 1004 5162 MA,
1019 5089 1093 5149 ΜΒ.
1131 5086 1206 5164 ²⁹si,
1221 5087 1291 5163 ΟΒ,
1306 5089 1382 5162 MA,
1398 5089 1478 5161 MB;
1498 5088 1541 5166 (si
1556 5096 1745 5165 autemnon,
1759 5091 1819 5168 V).

232 5184 258 5221 ⁸⁰
269 5207 326 5265 per
339 5207 415 5266 quar,
429 5189 505 5262 MA,
519 5189 594 5249 ΜΒ.
630 5187 656 5222 ⁸²
668 5186 853 5264 detineatur,
868 5189 1162 5263 LA3detineantur,
1176 5189 1216 5265 Y,
1232 5190 1305 5251 MC.
1342 5188 1460 5265 ⁸²Om.,
1477 5190 1554 5263 MG,
1571 5191 1644 5252 CM.
1682 5189 1708 5224 ⁸⁸
1719 5199 1764 5265 ut,
1781 5192 1820 5267 V,

231 5288 299 5362 013,
313 5288 389 5363 MA,
405 5289 478 5348 ΜΒ.
514 5287 633 5362 “οω.,
647 5289 715 5364 OC,
729 5290 806 5364 MG,
821 5289 894 5351 cM.
931 5287 1050 5363 81Ὀιιι,
1064 5291 1133 5366 OB,
1149 5291 1225 5364 MA,
1240 5291 1316 5366 ΜΒ,
1331 5290 1397 5364 CE,
1414 5291 1491 5367 MG,
1508 5292 1582 5368 CM,
1597 5291 1663 5354 OC.
1701 5291 1819 5368 ⁸⁰Om,

230 5386 270 5460 V,
284 5388 349 5448 LA.
386 5385 411 5421 ⁸⁷
424 5393 497 5463 rint,
512 5389 580 5464 OB,
596 5390 671 5464 MA,
688 5390 763 5450 ΜΒ.
800 5387 826 5422 ⁸⁸
838 5393 913 5466 aive,
927 5390 972 5462 V;
988 5393 1051 5450 sive
1066 5410 1135 5469 pro,
1151 5391 1195 5464 Y;
1211 5391 1259 5452 vel
1273 5411 1343 5471 pro,
1357 5392 1424 5466 LA,
1440 5393 1517 5469 MG,
1533 5394 1605 5454 MC.
