4392 6352
841 503 902 565 DE
925 504 1199 567 ACTIONIBUS
1744 509 1819 578 815

230 679 325 754 pace
346 679 466 753 usque
487 656 537 731 ad
556 663 705 732 certum
724 655 836 744 diem,
856 681 970 754 quem
990 655 1150 733 dilectus
1172 663 1212 732 et
1232 655 1354 732 fidelis
1376 663 1506 731 noster
1525 654 1613 730 talis
1633 653 1704 729 tibi
1726 653 1820 730 scire

231 774 361 861 faciat,
378 783 417 850 et
433 773 586 849 interim
602 783 781 851 etcetera.
799 774 857 851 Et
874 800 1072 851 summoue
1089 800 1152 851 eos
1170 783 1347 863 etcetera,
1366 775 1469 871 quod
1487 783 1581 850 tunc
1598 773 1674 849 sint
1691 797 1822 849 coram

231 891 397 990 proefato
416 892 486 968 teli
506 901 546 968 et
566 892 674 970 sociis
695 893 773 970 suis
794 918 889 992 quos
909 901 1087 982 etcetera,
1109 894 1160 970 ad
1180 901 1328 969 certum
1349 891 1463 969 diem⁸
1485 890 1537 969 et⁷
1559 892 1686 968 locum
1707 916 1822 990 quem

230 1011 300 1089 tibi
318 1012 413 1088 scire
432 1012 563 1100 faciat,
582 1012 711 1110 parati
730 1021 907 1089 etcetera.
928 1013 987 1089 Et
1007 1012 1060 1088 sic
1078 1013 1146 1089 fiet
1166 1013 1213 1088 de
1233 1011 1315 1088 aliis
1336 1011 1473 1090 assisis.
1495 1011 1553 1087 Et
1573 1011 1709 1108 inquo
1730 1035 1821 1086 casu

230 1131 420 1228 contingit
436 1131 659 1207 multotiens
677 1131 780 1230 quod
798 1131 926 1230 aliqua
942 1131 990 1207 de
1006 1156 1123 1208 causa
1139 1131 1185 1208 fit
1201 1131 1271 1209 tali
1288 1130 1492 1207 iustitiario
1510 1129 1709 1208 associatio
1726 1129 1820 1204 alte·

231 1248 325 1324 rius⁸
346 1248 551 1338 iustitiarii
576 1250 626 1325 ad
649 1249 960 1348 impetrationem
983 1249 1222 1326 disseisitoris
1247 1251 1350 1326 forte
1374 1259 1419 1326 ut
1443 1249 1572 1347 captio
1596 1248 1721 1325 assisae
1745 1248 1820 1324 dif-

232 1371 383 1445 feratur
396 1377 435 1445 et
448 1369 488 1445 in
501 1369 692 1445 fraudem.
707 1369 766 1446 Et
779 1395 856 1467 quo
869 1393 961 1446 casu
976 1370 1005 1445 si
1019 1369 1108 1446 talis
1123 1369 1269 1445 venerit
1283 1369 1426 1444 bonum
1440 1375 1509 1444 est.
1529 1367 1572 1444 Si
1585 1375 1716 1444 autem
1730 1392 1821 1455 non,

231 1487 475 1565 nihilominus
497 1489 681 1587 procedat
704 1488 832 1576 assisa,
856 1487 946 1586 quia
967 1488 1055 1586 plus
1076 1488 1191 1565 habet
1215 1487 1454 1564 auctoritatis
1476 1488 1590 1563 breve
1613 1495 1751 1585 patens
1774 1487 1822 1562 de

231 1607 418 1705 capiendo
443 1607 600 1683 assisam
626 1632 743 1705 quam
767 1607 881 1683 breve
906 1608 1078 1683 clausum
1103 1607 1151 1682 de
1178 1605 1437 1693 associatione,
1464 1606 1536 1683 nisi
1560 1605 1616 1682 ita
1642 1605 1692 1682 sit
1718 1605 1822 1704 quod

231 1726 437 1802 mandetur
450 1751 631 1825 expresse
645 1726 748 1823 quod
764 1725 843 1802 sine
858 1726 928 1802 tali
943 1751 1021 1801 non
1037 1725 1223 1823 capiatur.
1243 1724 1285 1800 Si
1302 1734 1432 1801 autem
1447 1724 1572 1824 primo
1589 1724 1821 1800 summonita

232 1844 352 1920 fuerit
367 1843 485 1920 assisa
498 1869 627 1920 coram
642 1843 854 1920 iustitiariis
871 1845 973 1919 forte
989 1844 1095 1941 apud
1112 1843 1513 1932 Westmonasterium,
1530 1853 1570 1920 et
1585 1843 1821 1920 constituan-

231 1971 297 2038 tur
311 1963 560 2061 postmodum
574 1962 766 2041 iustitiarii
783 1964 823 2037 in
838 1961 1022 2038 comitatu
1037 1973 1082 2038 ut
1097 1962 1226 2060 captio
1243 1962 1367 2038 assisae
1383 1971 1611 2051 maturetur,
1627 1959 1735 2038 tunc⁹
1750 1961 1821 2038 fiat

231 2082 345 2158 breve
362 2083 401 2158 in
417 2082 487 2157 hac
504 2083 643 2157 forma.

332 2200 459 2277 Breve
479 2201 512 2277 si
532 2201 579 2277 de
601 2199 721 2277 banco
744 2199 1003 2295 transferatur
1025 2200 1145 2276 araim
1163 2224 1286 2298 vsqve
1306 2199 1358 2276 ud
1379 2199 1603 2275 comitatam
1625 2198 1676 2275 ad
1699 2208 1822 2276 certos

331 2317 566 2395 ivstitiarios.

232 2437 328 2512 Rrx
342 2437 394 2512 A.
409 2437 458 2511 B.
476 2437 521 2513 C.
536 2435 710 2513 salutem.
729 2435 867 2512 Sciatis
882 2435 985 2534 quod
1000 2435 1267 2513 constituimus
1283 2462 1350 2512 vos
1365 2436 1589 2513 iustitiarios
1604 2445 1755 2513 nostros
1772 2437 1822 2512 ad

233 2555 389 2630 assisam
402 2555 547 2630 ultimae
560 2553 865 2653 praesentationis
879 2554 1117 2652 capiendam,
1133 2577 1217 2653 quae
1232 2554 1465 2631 summonita
1479 2555 1556 2631 fuit
1571 2580 1700 2630 coram
1715 2555 1821 2631 iusti·

231 2672 352 2749 tiariis
369 2673 509 2750 nostris
526 2673 632 2772 apud
648 2673 1041 2749 Westmonasterium
1057 2673 1158 2749 inter
1175 2673 1228 2748 A.
1247 2682 1470 2771 querentem
1488 2682 1527 2750 et
1544 2674 1593 2750 Β.
1613 2674 1821 2772 impedien-

231 2800 322 2881 tem,
339 2792 386 2869 de
401 2792 557 2869 ecclesia
571 2792 651 2868 tali.
669 2792 727 2868 Et
743 2791 828 2867 ideo
844 2792 950 2867 vobis
967 2793 1195 2866 mandamus
1211 2800 1388 2879 etcetera,
1405 2801 1450 2868 ut
1467 2816 1596 2890 supra.
1615 2791 1821 2868 Mandavi-

231 2936 317 2986 mus
334 2910 435 2987 enim
451 2911 660 2986 vicecomiti
678 2917 810 2986 nostro
826 2909 896 2985 tali
913 2909 1017 3007 quod
1034 2911 1162 2985 venire
1181 2911 1326 2987 faceret
1344 2935 1473 2985 coram
1489 2910 1598 2986 nobis
1615 2910 1685 2988 tali
1704 2911 1764 2986 die
1783 2919 1822 2987 et

232 3028 301 3105 tali
322 3029 417 3117 loce,
438 3028 499 3104 vel
521 3030 571 3105 ad
593 3037 716 3104 certos
739 3029 840 3104 diem
861 3036 900 3104 et
921 3027 1048 3103 locum
1071 3028 1225 3127 quando
1247 3028 1298 3104 ad
1320 3028 1391 3103 hoc
1411 3028 1610 3106 intendere
1633 3029 1821 3128 poteritis,

233 3147 491 3245 recognitores
510 3147 612 3222 illius
630 3147 755 3222 assisae
773 3147 823 3222 ad
843 3145 1059 3222 faciendam
1078 3146 1236 3222 assisam
1253 3146 1371 3235 illam,
1389 3146 1429 3221 in
1448 3147 1522 3222 e0²⁰
1541 3154 1647 3224 statu
1666 3156 1706 3223 et
1725 3147 1822 3224 sicut

231 3266 361 3342 venire
374 3265 616 3342 debuerunt²²
630 3266 700 3342 tali
713 3266 774 3342 die
786 3290 916 3341 coram
929 3264 1141 3341 iustitiariis
1155 3265 1297 3341 nostris
1311 3266 1417 3363 apud
1432 3266 1823 3343 Westmonasterium

233 3385 283 3460 ad
304 3385 406 3460 idem
429 3385 660 3460 faciendum.
684 3381 959 3460 Mandavimus
982 3384 1098 3460 etiam
1121 3384 1155 3459 ei
1178 3383 1281 3482 quod
1305 3383 1399 3460 scire
1423 3383 1543 3461 faciat
1566 3385 1749 3483 praedicto
1772 3386 1821 3460 B.

233 3504 336 3602 quod
352 3513 447 3580 tunc
463 3504 513 3580 sit
530 3505 581 3580 ibi
600 3504 801 3581 auditurus
820 3504 976 3580 assisam
994 3504 1100 3580 illam
1117 3504 1157 3579 in
1176 3504 1309 3580 eodem
1328 3513 1434 3580 statu
1451 3504 1556 3603 qu0¹²
1574 3505 1824 3582 atterminata

234 3623 310 3699 fuit
325 3647 454 3699 coram
468 3623 679 3699 iustitiariis
694 3622 834 3699 nostris
851 3624 956 3721 apud
970 3623 1373 3711 Westmonasterium,
1389 3623 1458 3699 tali
1475 3624 1535 3698 die
1550 3633 1727 3713 etcetera,
1744 3650 1823 3700 non

233 3740 409 3817 obstante
423 3766 467 3816 eo
480 3741 584 3838 quod
597 3742 699 3816 idem
713 3742 791 3817 dies
807 3741 920 3818 datus
934 3741 1011 3816 fuit
1025 3741 1098 3839 ipsi
1113 3741 1161 3816 B.
1177 3767 1248 3839 per
1261 3740 1561 3817 essoniatorem²⁸
1576 3767 1699 3830 suum,
1715 3751 1821 3842 post·

233 3885 349 3958 quam
370 3859 557 3936 defaltam
579 3861 724 3936 fecerat
744 3884 873 3934 coram
894 3859 1036 3934 eisdem
1057 3858 1268 3935 iustitiariis
1292 3860 1398 3957 apud
1419 3861 1820 3937 Westmonasterium.

233 3978 291 4055 Et
306 3979 383 4053 sive
398 3978 543 4053 venerit
558 3978 636 4054 sive
651 4002 740 4066 non,
755 3977 971 4075 procedatis
988 3977 1037 4052 ad
1051 3976 1157 4051 illam
1174 3977 1331 4053 assisam
1346 3978 1584 4077 capiendam,
1600 3986 1686 4055 tum
1702 4004 1820 4078 prop·

232 4103 292 4171 ter
314 4095 468 4194 lapsum
491 4120 558 4171 sex
581 4095 781 4184 mensium,
805 4105 890 4170 tum
914 4095 1003 4194 quia
1028 4095 1059 4170 si
1082 4093 1277 4193 praesens¹⁴
1301 4105 1400 4172 esset
1425 4095 1517 4171 nihil
1542 4096 1666 4173 dicere
1690 4108 1821 4196 posset

231 4225 368 4292 contra
388 4215 557 4303 assisam,
579 4239 698 4312 quare
721 4221 935 4289 remaneret
957 4222 1046 4311 post
1068 4214 1292 4311 praedictam
1313 4213 1502 4291 defaltam
1525 4240 1641 4312 quam
1665 4216 1758 4292 fecit
1781 4217 1821 4292 in

232 4333 399 4430 praefata
419 4331 526 4408 curia
545 4332 651 4431 apud
671 4331 1072 4408 Westmonasterium.
1095 4331 1153 4408 Et
1175 4332 1215 4406 in
1235 4331 1342 4408 cuius
1364 4333 1418 4407 rei
1439 4334 1700 4410 testimonium
1722 4344 1819 4412 etce-

230 4462 326 4529 tera.
342 4454 459 4528 Teste
473 4459 649 4526 etcetera.
664 4448 816 4524 Aliud²⁶
830 4449 943 4525 breve
958 4449 1005 4524 de
1018 4450 1151 4525 eodem
1165 4449 1338 4526 clausum
1352 4450 1561 4527 vicecomiti
1576 4452 1820 4550 dirigendum

232 4571 272 4646 in
289 4570 359 4644 hac
377 4567 543 4644 forma.²⁰

331 4688 458 4764 Breve
474 4685 646 4762 clausuro
664 4686 713 4763 de
729 4685 862 4762 eodem
880 4684 1089 4764 vicecomiti
1106 4685 1361 4784 diriperrdvm.

231 4807 327 4883 lux
345 4804 554 4881 vicecomiti
575 4804 748 4880 salutem.
772 4802 878 4880 Scias
899 4804 1003 4902 quod
1022 4805 1288 4883 constituimus
1308 4806 1404 4882 tales
1425 4807 1647 4886 iustitiarios
1669 4818 1819 4886 nostros

231 4923 281 4999 ad
302 4923 458 4999 assisam
480 4923 623 4998 ultimae
644 4921 948 5021 presentationis
970 4920 1207 5020 capiendam,
1231 4948 1315 5024 quae
1336 4927 1568 5003 summonita
1591 4927 1668 5003 fuit
1690 4952 1820 5004 coram

230 5121 268 5157 Μ
281 5124 361 5200 Om.,
376 5122 445 5197 OA,
461 5122 529 5198 OC,
544 5122 620 5184 MG.
659 5121 766 5196 ⁸talis,
782 5122 850 5198 OB,
867 5123 943 5198 MA,
960 5122 1035 5197 ΜΒ,
1053 5123 1093 5198 Υ,
1110 5123 1182 5197 CE;
1203 5122 1268 5200 (vel
1283 5128 1478 5202 iustitiarius,
1496 5126 1589 5204 CM).
1628 5125 1732 5204 ⁹Om.,
1751 5128 1820 5204 OB,

230 5224 307 5299 MA,
321 5225 395 5286 ΜΒ.
431 5222 586 5297 ²⁰eodem,
600 5222 667 5298 OC,
681 5222 746 5283 CE.
783 5223 809 5256 ²²
821 5220 994 5298 debuerint,
1009 5223 1086 5297 MG,
1101 5225 1180 5297 CM;
1195 5223 1353 5302 deberent,
1369 5227 1434 5290 OC.
1472 5226 1543 5287 ²²in
1557 5250 1627 5307 quo,
1643 5229 1736 5292 MSS.
1752 5249 1818 5292 var.

228 5322 256 5359 ²³
268 5328 496 5399 essoniatorem,
511 5323 567 5383 LA
573 5345 582 5396 ;
596 5327 758 5397 essonium,
773 5323 817 5396 V;
831 5342 941 5398 esron,
956 5323 1049 5386 MSS.
1075 5322 1155 5385 “ad
1167 5345 1314 5405 presens,
1329 5328 1398 5404 OB,
1414 5329 1490 5407 MA,
1506 5332 1581 5407 ΜΒ,
1595 5332 1634 5393 Y.
1661 5329 1819 5406 ¹⁸·100m,

234 5423 405 5504 (rubrica),
419 5423 495 5499 MA,
511 5424 578 5500 OC,
594 5424 670 5486 MG.
