4374 6366
367 499 443 568 380
900 490 1124 553 BRACTON:
1146 491 1207 553 DE
1232 492 1424 556 LEGIBUS

471 639 650 736 Qualiter
662 641 792 740 patria
806 650 1050 719 camatero
1063 643 1232 720 murdro.

370 761 629 836 Excusarun
646 760 876 858 quandoque
894 759 1022 859 patria
1040 786 1064 836 a
1081 760 1328 860 praestatione
1345 787 1429 861 quae
1447 763 1563 838 datur
1582 788 1655 863 pro
1672 764 1843 852 murdr0,
1864 765 1961 840 sicut

369 878 490 955 videri
508 877 651 978 poterit
669 879 709 954 in
725 879 857 956 multis
875 878 1024 955 casibus
1043 878 1313 978 sequentibus.¹
1335 880 1532 979 Imprimis
1551 880 1771 958 excusatur²
1790 882 1920 980 patria
1938 907 1961 958 a

370 995 616 1097 praestatione
639 996 787 1073 murdri
811 997 842 1072 si
866 996 1093 1073 interfector
1114 999 1292 1095 cognitus
1317 997 1448 1087 fuerit,
1474 998 1552 1075 sive
1576 1008 1714 1096 captus
1739 999 1858 1076 fuerit
1884 1000 1962 1076 sive

370 1141 460 1205 non,
480 1115 571 1214 quia
588 1114 639 1191 ibi
657 1114 829 1191 convinci
848 1115 992 1214 poterit
1013 1115 1157 1192 felonia
1175 1116 1236 1192 vel
1256 1141 1327 1214 per
1346 1125 1489 1193 sectam
1507 1116 1569 1193 vel
1589 1143 1661 1216 per
1679 1116 1962 1216 inquisitionem

371 1231 518 1332 patriae,
536 1242 576 1310 et
593 1232 645 1309 sic
662 1234 767 1331 quod
783 1233 983 1330 utlagatus
1002 1233 1062 1310 sit.

470 1352 518 1429 Si
533 1351 760 1447 interfector
777 1359 914 1450 captos
930 1351 1051 1447 fuerit
1068 1350 1218 1428 nodam
1236 1352 1308 1429 erit
1327 1353 1539 1429 murdrum.

373 1471 486 1545 Iram
503 1469 534 1546 si
551 1469 778 1545 interfector
794 1479 931 1569 captus
951 1469 1069 1546 fuerit
1088 1477 1127 1545 et
1144 1469 1326 1546 iudicium
1344 1469 1580 1559 sustinuerit,
1598 1470 1751 1547 nullum
1766 1471 1840 1548 erit
1859 1497 1962 1547 mur-

372 1587 498 1676 drum,
518 1586 608 1686 quia
626 1587 866 1663 convincitur
883 1587 1037 1663 felonia.
1061 1588 1164 1664 Item
1183 1587 1334 1665 nullum
1353 1587 1426 1664 erit
1445 1590 1648 1665 murdnrm
1668 1613 1755 1665 cum
1776 1588 1860 1688 quis
1880 1589 1962 1665 vul·

372 1715 530 1782 neratus
547 1704 665 1782 fuerit
682 1732 802 1804 usque
819 1705 870 1781 ad
884 1714 1048 1782 mortem
1064 1715 1103 1782 et
1121 1705 1260 1783 vixerit
1278 1715 1413 1805 postea
1429 1731 1500 1805 per
1517 1706 1672 1805 aliquod
1689 1716 1855 1806 tempus,
1873 1707 1964 1806 quia

371 1834 465 1900 tunc
479 1833 608 1923 potest
619 1824 702 1923 ipse
714 1824 982 1901 malefactores
997 1825 1187 1922 detegere,
1202 1833 1241 1901 et
1255 1825 1505 1900 manifestare
1519 1824 1580 1900 vel
1594 1849 1822 1923 cognoscere
1836 1850 1909 1923 pro
1923 1851 1963 1901 se

372 1951 506 2018 utrum
520 1941 603 2040 ipse
619 1942 668 2019 sit
685 1942 876 2041 Anglicus
892 1941 952 2018 vel
970 1943 1226 2040 Francigena,
1243 1951 1282 2019 et
1300 1942 1352 2019 sic
1369 1943 1520 2019 nullum
1537 1943 1609 2019 erit
1627 1942 1840 2019 murdrum.
1861 1942 1964 2019 Item

372 2059 460 2136 lieet
477 2060 583 2158 loqui
600 2085 679 2136 non
697 2060 817 2159 possit
836 2059 919 2136 nec⁸
939 2061 1117 2158 detegere
1135 2059 1415 2148 malefactores,
1434 2061 1466 2136 si
1485 2060 1570 2159 quis
1589 2085 1662 2160 pro
1680 2068 1805 2137 morte
1825 2085 1895 2136 sua
1914 2060 1964 2137 ad

373 2177 569 2255 ecclesiam
587 2176 807 2275 confugerit
827 2187 866 2254 et
885 2186 1049 2254 mortem
1068 2177 1302 2276 cognoverit,
1322 2178 1473 2255 nullum
1492 2178 1565 2254 erit
1584 2179 1797 2255 murdrum.

473 2300 520 2378 Si
534 2299 678 2376 mortui
690 2298 839 2394 fuerint
852 2324 925 2399 per
938 2299 1208 2395 infortunium.

376 2422 488 2496 Iram
502 2421 621 2497 dehis
636 2421 701 2519 qui
715 2421 858 2496 mortui
873 2429 964 2497 sunt
979 2446 1049 2520 per
1063 2419 1321 2498 infortunium
1336 2420 1488 2498 nullum
1503 2421 1576 2498 erit
1590 2422 1804 2510 murdrum,
1820 2422 1909 2498 licet
1924 2422 1965 2497 in

375 2539 604 2639 quibusdam
625 2538 801 2638 partibus
823 2538 884 2615 de‘
905 2538 1194 2615 consuetudine
1217 2540 1327 2615 aliter
1350 2538 1585 2628 observetur,
1606 2548 1653 2616 ut
1675 2539 1706 2616 si
1728 2540 1842 2616 homo
1863 2565 1964 2616 mor-

373 2656 491 2745 tuus,⁶
506 2657 735 2745 submersus,
750 2657 811 2734 vel
826 2682 1034 2755 oppressus
1048 2667 1087 2734 et
1102 2657 1318 2734 huiusmodi
1335 2657 1414 2734 sine
1430 2657 1546 2757 culpa
1561 2657 1719 2734 alicuius
1734 2657 1964 2745 inveniann,

375 2774 527 2852 nullum
549 2776 622 2850 erit
644 2777 858 2852 murdrum.
886 2776 1020 2867 <Nec
1041 2775 1245 2852 deodanda
1268 2784 1359 2852 sunt
1382 2775 1491 2852 navis
1515 2799 1584 2852 nec
1608 2774 1772 2852 batellus
1797 2799 1867 2851 nec
1891 2775 1966 2851 alia

375 2893 517 2970 catalla
535 2895 582 2970 de
600 2893 658 2970 his
678 2893 744 2991 qui
764 2894 949 2970 submersi
970 2903 1061 2970 sunt
1082 2893 1122 2969 in
1141 2893 1250 2982 mari,
1271 2892 1354 2969 nec⁷
1375 2893 1415 2969 in
1435 2893 1546 2983 salsa,
1568 2917 1638 2970 neo
1658 2891 1859 2969 vvreccum⁸
1880 2893 1965 2980 erit,

376 3037 463 3088 cum
478 3011 527 3089 sit
541 3011 607 3110 qui
621 3011 763 3089 catalla
777 3013 937 3088 advocet
951 3020 989 3088 et
1004 3012 1075 3087 hoc
1089 3010 1238 3087 docere⁰
1253 3009 1462 3111 possit.²⁰>

475 3134 581 3210 Item
596 3133 683 3211 aiio
697 3133 796 3210 mori
809 3132 870 3210 vel
886 3135 966 3211 cios
981 3133 1078 3232 ripa.

378 3256 490 3331 Irurr
510 3255 602 3332 siin
620 3255 718 3331 mari
737 3254 825 3330 vel²²
845 3254 985 3331 ineius
1005 3255 1103 3352 ripa,
1124 3253 1192 3328 in²²
1213 3254 1370 3330 flumine
1391 3253 1546 3353 publico
1566 3254 1627 3330 vel
1648 3253 1688 3330 in
1709 3255 1795 3353 ripa
1815 3253 1907 3343 eius,
1928 3263 1966 3330 et

375 3374 543 3450 maxime
557 3382 747 3472 quatenus
761 3372 862 3450 salsa
875 3371 1060 3470 attigerit,
1076 3381 1251 3449 mortuus
1266 3372 1495 3462 inveniatur,
1511 3372 1662 3449 nullum
1677 3373 1750 3449 erit
1765 3371 1969 3449 murdrum

377 3492 450 3568 nisi
473 3493 576 3568 forte
598 3493 638 3567 in
659 3500 765 3568 terra
787 3491 931 3567 occisus
955 3491 995 3566 in
1017 3516 1123 3567 mare
1146 3491 1207 3566 vel
1230 3491 1271 3565 in
1293 3490 1437 3566 flumen
1461 3499 1636 3567 mortuus
1660 3490 1882 3590 proiciatur,
1906 3489 1967 3566 vel

377 3609 486 3687 vivus
508 3608 684 3708 nequiter
707 3609 756 3685 sit
778 3607 1053 3708 precipitatus,
1077 3606 1208 3707 quod¹⁸
1231 3607 1386 3707 quidem
1409 3608 1483 3684 dici
1506 3607 1664 3708 posset*
1687 3608 1734 3684 de
1758 3608 1862 3685 omni
1884 3608 1968 3683 loco

377 3728 544 3828 publico,
563 3728 629 3827 qui
649 3727 689 3803 in
707 3727 849 3804 nullius
870 3728 978 3804 bonis
998 3753 1078 3804 esse
1099 3727 1238 3803 dicitur
1257 3727 1330 3803 nisi
1350 3735 1506 3803 tantum
1525 3726 1566 3803 in
1585 3725 1694 3802 bonis
1713 3725 1833 3826 ipsius
1854 3726 1967 3823 regis.

381 3847 423 3923 Si
443 3855 572 3923 autem
588 3847 694 3922 locus
712 3845 832 3921 fuerit
850 3845 1008 3921 alicuius
1027 3844 1298 3934 universitatis,
1318 3844 1422 3920 aliud
1442 3845 1526 3920 erit.
1547 3844 1738 3943 Nequiter
1757 3843 1853 3932 dico,
1873 3854 1919 3920 ut
1938 3843 1969 3920 si

379 3967 426 4042 de
444 3965 647 4041 submersis
664 3974 703 4041 et
720 3963 913 4064 oppressis
930 3971 969 4040 et
986 3963 1202 4039 huiusmodi
1219 3962 1430 4050 nuntietur,
1451 3961 1582 4038 statim
1600 3962 1783 4038 accedant
1801 3961 1851 4038 ad
1867 3987 1968 4037 mor-

378 4092 492 4160 tuum
512 4091 756 4159 coronatores
779 4091 986 4180 antequam
1007 4104 1171 4179 corpora
1193 4080 1429 4179 sepeliantur
1451 4089 1490 4157 et
1512 4088 1710 4156 mortuum
1733 4079 1905 4156 videant:
1931 4088 1969 4156 et

379 4200 623 4277 nihilominus
646 4198 879 4298 diligenter²⁸
901 4198 1097 4297 inquirant
1121 4225 1192 4298 per
1214 4198 1402 4273 decennes
1426 4207 1464 4274 et
1487 4196 1639 4274 villatas
1663 4206 1821 4297 accepto
1845 4222 1969 4274 sacra-

378 4329 509 4396 mento
528 4320 559 4396 si
577 4318 629 4394 ibi
647 4319 696 4395 sit
715 4317 859 4394 felonia
874 4317 936 4392 vel
953 4317 1223 4404 infortunium,
1242 4325 1281 4392 et
1299 4314 1510 4392 secundum
1528 4315 1599 4390 boc
1619 4314 1737 4391 faciat
1758 4341 1870 4391 suum
1889 4314 1969 4390 offi-

380 4438 492 4513 cium.
512 4437 571 4511 Et
588 4437 673 4513 ideo
691 4437 723 4512 si
740 4435 957 4512 huiusmodi
975 4459 1139 4532 corpora
1158 4433 1310 4533 sepulta
1331 4432 1476 4509 fuerint
1496 4433 1577 4509 sine
1596 4433 1681 4509 visu
1699 4442 1971 4510 coronatorum

380 4555 515 4630 villata
530 4553 603 4631 erit
620 4554 660 4629 in
675 4552 944 4630 misericordia.

479 4677 526 4754 Si
539 4683 714 4752 mortuus
726 4674 929 4773 iquoretor
942 4671 1030 4750 dcet
1043 4671 1249 4770 duplicata,
1263 4672 1465 4749 murdrum
1481 4671 1564 4749 erit.

382 4800 494 4875 Iram
508 4799 549 4875 in
561 4798 665 4874 omni
677 4821 769 4874 casu
783 4797 814 4873 si
828 4795 971 4872 occisus
984 4803 1100 4871 notus
1115 4794 1235 4872 fuerit
1248 4804 1287 4871 et
1301 4793 1505 4892 Anglicus,
1519 4794 1607 4871 licet
1623 4794 1850 4871 interfector
1863 4792 1971 4891 igno·

463 5014 753 5096 ¹subsequentibus,
772 5012 812 5088 V,
832 5013 906 5088 CM,
925 5011 992 5072 OC.
1032 5009 1228 5085 ”accusatum
1247 5011 1325 5084 MG,
1345 5011 1411 5072 OC.
1452 5009 1519 5087 ὀὶ,
1538 5012 1608 5087 ΟΒ,
1628 5012 1705 5087 MA,
1724 5012 1800 5074 MB.
1843 5009 1973 5088 stone,

382 5121 460 5197 MG,
484 5122 557 5182 ΟΜ.
602 5118 764 5180 ⁸mortuus
787 5114 847 5190 vel,
872 5115 950 5189 MG,
973 5113 1047 5175 ΟΜ.
1093 5110 1200 5174 ''⁸neo
1222 5115 1256 5172 ln
1277 5131 1427 5172 wreeoum
1449 5131 1506 5174 nec
1529 5111 1680 5186 insalsa,
1704 5113 1782 5187 MG,
1806 5113 1882 5187 ΟΜ,
1905 5113 1971 5175 OC.

382 5221 434 5258 ⁹¹¹⁰
445 5222 507 5285 dici
522 5226 639 5300 posset,
654 5217 738 5292 MG;
754 5216 819 5277 dre.
836 5223 953 5294 posset,
968 5215 1043 5291 cM,
1060 5215 1126 5277 ΟΟ.
1163 5211 1230 5247 ¹¹⁴²
1241 5213 1291 5273 vel
1307 5217 1372 5275 eius
1389 5217 1460 5292 ripa
1475 5217 1518 5289 in,
1534 5212 1608 5286 0A;
1624 5213 1674 5274 vel
1691 5217 1761 5293 ripa
1777 5215 1827 5275 vel
1842 5218 1887 5289 in,
1903 5215 1973 5290 OB,

382 5326 448 5387 ΜΒ
477 5321 544 5400 (vel
566 5325 631 5384 eius
655 5319 724 5396 in);
748 5318 799 5380 vel
822 5321 887 5388 eius
912 5319 983 5395 ripa
1006 5316 1056 5376 vel
1080 5317 1145 5377 eius
1169 5317 1214 5391 tn,
1239 5315 1320 5387 MA;
1345 5315 1395 5375 vel
1418 5317 1452 5375 in
1476 5319 1547 5394 ripa
1570 5315 1620 5375 vel
1644 5319 1678 5376 in
1702 5319 1780 5391 eius,
1805 5316 1872 5393 ΟΕ,
1898 5316 1971 5377 ΜΟ.

382 5426 448 5463 ²²²²²
460 5425 542 5505 quod
559 5423 622 5486 dici
639 5425 749 5501 possit,
769 5419 836 5494 LA,
854 5418 895 5479 Y.
935 5416 962 5453 ²⁴
974 5421 1084 5497 possit,
1103 5416 1180 5492 MA,
1200 5414 1274 5477 MC.
1315 5413 1434 5490 ι’οιιι.,
1453 5416 1523 5489 OB,
1544 5416 1620 5490 MA,
1640 5417 1716 5491 ΜΒ,
1737 5417 1802 5478 ΟΕ.
