4394 6342
374 493 424 561 46
905 481 1128 545 cancros:
1150 482 1212 543 nn
1235 481 1427 544 Lamnus

375 638 406 715 si
426 635 511 737 quis
531 636 572 712 in
593 634 673 712 solo
694 659 763 712 suo
785 632 948 711 alienam
968 632 1170 710 materiam
1190 631 1404 722 edificavit,
1425 633 1509 732 ipse
1528 631 1706 708 dominus
1728 629 1967 729 intellegitur

375 753 534 843 aedificii,
550 753 640 852 quia
654 777 767 830 omne
781 754 885 852 quod
900 752 1152 828 inaedificatur
1168 752 1249 830 solo
1264 751 1375 828 cedit.
1393 751 1478 828 Nec
1493 760 1625 828 tamen
1639 749 1699 826 is⁰⁹
1716 751 1782 849 qui
1797 750 1968 828 materiae

375 873 553 951 dominus
571 875 702 950 fuerat
720 871 896 950 dominus
914 897 996 948 esse
1011 871 1163 961 desinit,
1181 895 1251 948 nec
1269 895 1382 948 suum
1398 870 1565 948 eximere
1584 879 1725 970 potest,
1744 871 1811 946 sed
1830 895 1903 970 pro
1922 895 1967 947 eo

374 991 539 1093 duplum
556 999 827 1091 consequetur:
846 1000 885 1069 et
902 991 933 1066 si
951 990 1123 1068 dirutum
1140 988 1217 1068 sit⁷⁰
1234 989 1437 1068 aedificium
1454 990 1558 1090 quod
1576 1014 1688 1067 suum
1706 989 1826 1066 fuerit
1843 989 1966 1066 vindi·

375 1138 463 1191 care
483 1115 638 1213 poterit,
659 1113 730 1190 nisi
751 1112 871 1191 fuerit
891 1114 1055 1212 duplum
1075 1122 1312 1191 consecutus.
1334 1113 1373 1188 Ε
1394 1113 1588 1189 contrario
1609 1119 1738 1189 autern
1761 1113 1791 1190 si
1812 1110 1897 1212 quis
1918 1112 1967 1189 de

375 1235 406 1310 f.
422 1235 490 1328 10]
546 1259 616 1310 suo
645 1234 685 1311 in
714 1232 838 1310 alieno
868 1233 949 1311 solo
977 1232 1222 1310 aedificaverit
1250 1231 1354 1311 mala
1383 1233 1461 1310 fide
1489 1233 1692 1309 materiam
1721 1233 1968 1332 praesumitur

375 1355 549 1443 donasse,
563 1355 595 1431 si
608 1365 739 1432 autem
753 1354 956 1444 bonafide,
971 1354 1095 1432 solvat
1109 1353 1301 1431 dominus²
1316 1353 1386 1431 soli
1402 1353 1572 1453 pretium
1585 1353 1756 1430 materiae
1769 1362 1810 1430 et
1825 1377 1965 1430 merce·

375 1475 465 1553 dem
483 1475 696 1553 fabrorum.
717 1476 810 1552 Hoc
830 1483 962 1553 autem
981 1478 1085 1575 quod
1106 1476 1333 1576 pradictum
1353 1486 1411 1554 est
1431 1475 1558 1552 locum
1576 1475 1693 1552 babet
1713 1475 1744 1553 si
1765 1474 1966 1551 aedificium

375 1599 425 1676 sit
447 1597 650 1688 immobile,
673 1597 704 1674 si
726 1607 855 1676 autem
876 1598 1015 1676 mobile
1038 1597 1144 1675 aliud
1165 1598 1250 1675 erit.
1274 1597 1335 1676 Ut
1357 1623 1442 1674 ecce
1464 1597 1644 1674 horreum
1668 1597 1966 1676 frumentarium

375 1748 520 1800 novum
541 1747 590 1799 ex
612 1720 754 1799 tabulis
776 1719 912 1818 ligneis
935 1721 1085 1797 factum
1108 1720 1149 1796 in
1171 1719 1317 1820 predio
1342 1720 1561 1819 Sempronii
1584 1719 1766 1818 positum,
1790 1744 1870 1796 non
1892 1719 1967 1796 erit

378 1843 608 1942 Sempronii.
634 1843 734 1920 Haec
758 1843 891 1920 eadem
916 1841 1058 1942 species
1083 1842 1305 1919 recessionis
1330 1866 1402 1941 per
1425 1842 1602 1918 humanae
1625 1849 1775 1918 natura
1800 1839 1966 1918 solicitu-

376 1965 506 2044 dinem
526 1975 655 2065 potest
676 1965 864 2063 assignari
885 1965 926 2041 in
947 1964 1096 2042 litteris.
1120 1964 1281 2042 Littera
1302 1965 1415 2053 enim,
1438 1965 1527 2042 licet
1549 1964 1626 2041 sint
1648 1989 1784 2053 aureae,
1808 1962 1968 2062 perinde

374 2085 607 2163 membranis
620 2085 797 2162 cartisve²
811 2085 966 2176 cedunt,
982 2084 1093 2164 sicut⁸
1108 2110 1155 2160 ea
1169 2085 1249 2162 solo
1264 2086 1398 2163 cedere
1413 2085 1537 2163 solent
1553 2109 1638 2184 quae
1652 2084 1891 2161 adificantur
1907 2081 1967 2160 vel

376 2209 610 2284 inseruntur.
633 2209 711 2285 Sed
730 2207 770 2286 in
789 2206 963 2307 picturis*
982 2208 1056 2285 erit
1074 2207 1322 2284 contrarium.
1343 2206 1567 2284 Ridiculum
1585 2207 1687 2284 enim
1706 2216 1805 2284 esset
1824 2207 1966 2306 pretio·

377 2358 460 2411 sam
474 2333 667 2431 picturam
682 2327 906 2407 accessione⁸
922 2329 1055 2408 cedere
1070 2329 1259 2406 vilissima
1275 2329 1426 2406 tabuloe.
1444 2329 1503 2406 Et
1518 2329 1604 2406 ideo
1620 2329 1754 2406 tabula
1771 2328 1872 2406 cedit
1889 2329 1966 2428 pic·

376 2463 486 2542 turae,
507 2461 553 2529 ut
573 2451 614 2528 in
636 2451 833 2528 Institutis
855 2451 1019 2550 plenius,
1041 2458 1080 2527 et
1101 2450 1153 2527 ibi
1175 2449 1350 2527 inveniri⁰
1373 2451 1518 2550 poterit
1539 2451 1580 2527 in
1604 2451 1777 2539 Summa,
1801 2447 1904 2549 quod
1927 2449 1967 2525 in

376 2600 468 2652 casu
482 2575 649 2652 deterior
663 2582 722 2650 est
736 2572 907 2650 condicio
923 2572 1163 2672 possidentis.
1183 2574 1286 2650 Item
1302 2573 1341 2649 in
1358 2573 1503 2663 eodem,
1520 2573 1624 2674 quod
1640 2573 1774 2650 melior
1791 2570 1967 2672 propter'

380 2697 526 2796 duplex
554 2695 781 2773 beneficium
809 2695 1041 2793 possidendi.
1074 2696 1178 2772 Item
1208 2695 1248 2770 in
1277 2695 1423 2784 eodem,
1452 2696 1557 2794 quod
1587 2695 1653 2771 ubi
1684 2695 1846 2771 obscura
1876 2703 1968 2771 sunt
2088 2771 2092 2782 ,

376 2819 576 2917 utriusque
604 2818 691 2894 iura
719 2843 793 2919 pro
822 2842 1039 2916 possessore
1068 2816 1310 2894 iudicabitur.
1342 2819 1481 2894 Potest
1511 2817 1627 2893 etiam
1657 2817 1792 2894 eadem
1824 2817 1967 2916 species

378 2938 565 3038 assignari
588 2940 629 3016 in
652 2938 796 3016 textis.⁸
821 2940 928 3016 Nam
952 2940 983 3016 si
1008 2939 1173 3016 alienam
1196 2964 1413 3039 purpuram
1439 2939 1523 3038 quis
1548 2939 1715 3016 intexuit
1740 2939 1967 3016 vestimento

378 3088 459 3152 suo,
482 3063 571 3138 licet
592 3061 796 3161 pretiosior
819 3061 868 3138 sit
890 3086 1078 3160 purpura,
1101 3070 1233 3138 tamen
1255 3062 1356 3138 cedit
1379 3062 1607 3138 vestimento
1629 3062 1710 3139 vice
1734 3061 1966 3138 accessionis.

379 3183 483 3260 Item
503 3183 639 3260 eadem
657 3181 800 3281 species
821 3182 1042 3260 accessionis
1063 3190 1193 3281 potest
1215 3183 1402 3281 assignari
1423 3183 1465 3260 in
1485 3183 1708 3260 fructuariis
1730 3193 1769 3260 et
1790 3179 1967 3260 usuariis·

377 3305 479 3381 circa
496 3306 696 3381 fructuum
713 3302 992 3381 obventionem.
1593 3368 1594 3372 .

477 3429 543 3505 De
558 3428 769 3506 accessione
783 3451 870 3528 quc
882 3430 929 3528 fit
943 3428 1074 3506 &vina
1086 3438 1228 3506 natura
1243 3439 1281 3507 ct
1297 3427 1465 3506 bantana
1479 3438 1721 3528 cooperante.

379 3552 489 3629 Inus
506 3559 636 3628 autem
652 3551 814 3628 accessio
830 3551 904 3629 erit
921 3551 1051 3629 divina
1067 3561 1208 3629 natura
1225 3562 1264 3630 et
1280 3552 1450 3629 humana
1465 3560 1708 3652 cooperante,
1727 3562 1766 3629 et
1785 3553 1969 3651 quaritur

379 3695 427 3746 ex
444 3695 490 3746 ea
504 3669 727 3747 dominium.
746 3671 807 3748 Ut
823 3695 907 3748 ecce
925 3670 1053 3748 Titius
1070 3671 1234 3748 alienam
1251 3672 1428 3771 plantam
1444 3673 1485 3748 in
1503 3672 1583 3748 solo
1602 3697 1671 3748 suo
1688 3671 1830 3771 posuit,
1848 3673 1968 3772 ipsius

379 3791 452 3867 erit
469 3793 617 3890 planta.
636 3792 695 3868 Et
713 3818 763 3868 ex
780 3792 930 3870 diverso
948 3793 979 3870 si
999 3792 1126 3869 Titius
1146 3819 1255 3870 suam
1274 3792 1451 3892 plantam
1470 3794 1511 3869 in
1531 3793 1663 3869 Maevii
1682 3795 1763 3870 solo
1783 3794 1967 3894 posuerit,

379 3908 512 3987 Maevii
534 3909 608 3986 erit
630 3909 779 4010 planta,
803 3912 972 3988 simodo
995 3920 1159 4010 utroque
1183 3936 1274 3988 casu
1297 3911 1443 3990 radices
1468 3912 1601 4009 egerit.
1629 3911 1736 3989 Sed¹⁰
1761 3921 1968 4011 antequam

377 4031 524 4108 radices
540 4030 689 4128 egerit²¹
706 4030 935 4129 permanet²¹
951 4029 1032 4108 eius
1047 4031 1154 4107 cuius
1172 4031 1279 4129 prius
1297 4032 1439 4107 fuerat.
1457 4032 1515 4108 Et
1531 4030 1602 4107 hoc
1619 4030 1704 4108 est²⁸
1722 4032 1817 4108 adeo
1834 4057 1969 4107 verum

379 4158 424 4225 ut
439 4149 471 4226 si
485 4148 598 4226 vicini
614 4149 729 4226 arbor
743 4148 826 4227 ita²‘
841 4159 985 4227 terram
1003 4150 1097 4227 Titii
1113 4151 1296 4249 presserit
1312 4151 1414 4227 utin
1431 4149 1511 4228 eius
1529 4151 1654 4227 fundo
1671 4151 1817 4227 radices
1833 4149 1968 4249 egerit,

380 4270 475 4346 Titii
490 4271 563 4349 erit
578 4270 704 4346 arbor.
720 4269 839 4346 Ratio
855 4269 956 4346 enim
972 4294 1051 4346 non
1066 4268 1257 4368 permittit
1273 4279 1318 4346 ut
1334 4269 1491 4346 alterius
1508 4271 1558 4347 sit
1574 4296 1691 4370 quam
1706 4271 1787 4347 eius
1804 4270 1844 4346 in
1860 4270 1968 4345 cuius

380 4388 505 4464 fundo
520 4388 665 4465 radices
682 4387 815 4486 egerit.
833 4389 937 4464 Item
952 4388 984 4464 si
999 4387 1039 4464 in
1053 4389 1219 4464 confinio
1237 4387 1351 4464 arbor
1367 4388 1495 4488 posita
1510 4391 1559 4467 sit
1575 4399 1615 4467 et
1630 4391 1671 4465 in
1686 4387 1827 4464 vicini²⁸
1844 4387 1969 4464 fundo

380 4507 526 4584 radices
548 4506 682 4604 egerit,
704 4507 915 4583 communis
939 4507 1023 4595 erit,
1046 4531 1116 4582 nec
1139 4506 1266 4584 licebit
1289 4507 1413 4584 vicino
1436 4509 1581 4586 radices
1607 4509 1791 4586 excidere.
1817 4509 1875 4585 Bt
1897 4508 1969 4584 hoc

380 4690 407 4725 ⁸⁹
419 4691 478 4767 bia,
492 4692 561 4767 OB,
576 4692 652 4766 MA,
667 4691 742 4766 ΜΟ,
757 4691 835 4766 MG,
851 4692 913 4752 ΟΜ
922 4714 930 4766 ;
946 4713 1017 4766 om,
1032 4692 1106 4755 MB.
1144 4688 1171 4727 ²⁰
1183 4692 1290 4768 luent,
1306 4694 1372 4767 OC,
1389 4694 1467 4769 MG,
1483 4695 1555 4756 CM.

463 4791 621 4868 ²domino,
641 4793 709 4868 OC,
729 4793 811 4866 MB;
832 4792 977 4869 dominio,
996 4793 1071 4867 0A;
1092 4794 1234 4868 damiata,
1255 4795 1332 4869 ΜΛ,
1353 4795 1426 4857 ΜΟ.
1469 4794 1589 4858 ²cartis
1609 4817 1659 4872 ne,
1680 4796 1749 4871 OA,
1772 4795 1851 4867 MC;
1873 4797 1968 4855 cartis

384 4891 439 4970 (-Ι-
451 4893 521 4972 ne),
540 4894 616 4955 ΜΒ.
656 4891 670 4927 ⁸
681 4895 762 4969 Ona,
780 4894 850 4970 OA,
867 4896 937 4970 OB,
957 4895 1033 4971 ΜΒ,
1053 4895 1128 4972 ΜΟ,
1151 4894 1206 4972 (-Ι-
1220 4895 1322 4975 ΜΑ);
1342 4901 1370 4959 ai
1389 4904 1475 4973 tunc,
1494 4899 1566 4971 003
1587 4904 1672 4972 tunc,
1691 4897 1769 4958 ΜΟ.
1812 4894 1824 4929 ⁴
1835 4898 1970 4974 pictura,

380 4995 458 5070 MG,
477 4996 557 5070 CM;
576 4999 714 5075 pletum,
732 4996 799 5057 ΟΟ.
840 4994 944 5071 ⁶Om.,
963 4997 1033 5073 OB,
1053 4998 1128 5073 ΜΒ,
1147 4998 1214 5073 ΟΕ,
1238 4997 1293 5074 (-Ι-
1307 4998 1410 5077 ΜΑ);
1430 5019 1488 5077 per
1506 5003 1721 5072 accessionem,
1741 4997 1779 5059 V.
1820 4995 1969 5070 ‘intuert

379 5095 457 5171 MG,
469 5097 541 5157 CM.
569 5097 651 5172 'esa
662 5096 737 5170 OB;
748 5105 797 5158 est
806 5105 947 5176 propter,
958 5098 1036 5172 MG,
1047 5099 1127 5171 CM;
1139 5106 1187 5159 est
1198 5099 1335 5161 condicio
1347 5100 1533 5178 possidentis
1544 5106 1686 5178 propter,
1697 5100 1735 5160 V.
1764 5095 1892 5172 ‘tertia
1902 5097 1970 5172 OC,

284 5217 290 5228 ·
380 5198 620 5274 MB3vestibus,
632 5199 877 5274 OB;extractis,
890 5199 964 5260 ΟΜ.
999 5197 1264 5276 ἰιιιιητὶὶε,ΟΑ,
1278 5201 1354 5275 ΜΒ,
1367 5199 1435 5277 ΟΕ,
1449 5201 1523 5275 ΟΜ,
1537 5202 1610 5263 ΜΟ.
1646 5200 1712 5235 ²²²²²
1724 5201 1804 5275 Om,
1817 5200 1887 5275 OA,
1900 5199 1970 5273 OB,

381 5297 457 5371 ΜΛ,
473 5299 550 5373 ΜΒ,
566 5300 641 5374 ΜΟ,
657 5300 723 5360 ΟΕ.
761 5297 788 5335 ¹²
799 5319 861 5360 non
878 5306 1050 5380 permanet,
1067 5300 1144 5375 ΜΒ,
1161 5302 1242 5375 ΜΑς
1260 5321 1323 5363 non
1339 5307 1439 5382 egerit
1455 5310 1629 5382 permanet,
1646 5303 1714 5364 OB.
1753 5299 1873 5375 ²⁸Om.,
1892 5301 1970 5376 MG,

380 5400 454 5461 cM.
495 5399 576 5477 ²⁴in,
594 5401 663 5477 OB,
683 5402 759 5477 ΜΒ,
779 5400 845 5462 ΟΕ.
886 5400 1218 5478 15ι’ἱοίιιο,ΟΟ,Μ(ἱ,
1238 5403 1312 5464 cM.
