4392 6352
389 505 464 576 818
922 495 1146 558 BRACTON:
1168 494 1229 555 DE
1253 494 1446 557 LEGIBUS

391 657 505 746 cepto
528 655 661 725 nostro
684 647 745 722 vel
769 646 944 745 capitalis
969 645 1163 723 iustitiarii
1187 645 1321 722 nostri.
1348 645 1466 722 Teste
1490 653 1669 721 etcetera.
1696 645 1755 721 Et
1781 645 1879 722 sicut
1904 671 1983 721 non

391 764 504 843 debet
521 765 603 841 sine
619 763 724 840 brevi
741 765 984 864 respondere,
1001 765 1057 840 ita
1073 761 1156 841 nec²
1174 763 1287 841 debet
1305 763 1385 840 sine
1401 762 1540 838 iudicio
1559 762 1748 840 disseisiri.
1766 762 1825 840 Et
1843 764 1984 840 dicitur

391 883 476 960 ideo
499 884 613 960 breve
636 885 726 983 quia
747 909 828 961 rem
851 885 898 960 de
921 909 998 983 qua
1020 884 1153 981 agitur
1173 890 1213 959 et
1235 882 1487 959 intentionem
1510 882 1678 982 petentis
1701 883 1834 980 paucis
1857 881 1982 959 verbis

391 1003 558 1080 breviter
572 1012 746 1092 ennarat,
762 1003 860 1080 sicut
875 1003 970 1080 facit
985 1003 1122 1099 regula
1135 1000 1240 1090 iuris,
1256 1026 1340 1100 quae
1354 1025 1436 1077 rem
1452 1023 1535 1099 quae
1550 1009 1608 1079 est
1624 999 1792 1078 breviter
1807 1010 1981 1077 ennarat.

391 1123 449 1198 Et
471 1122 556 1198 ideo
578 1122 731 1200 videtur
752 1121 856 1221 quod
877 1120 958 1197 sine
979 1120 1084 1197 brevi
1106 1121 1184 1198 sive
1206 1119 1334 1196 libello
1356 1144 1434 1196 non
1457 1118 1609 1196 debeat⁸
1631 1119 1715 1219 quis
1739 1119 1919 1218 experiri⁸
1941 1120 1983 1194 in

390 1239 568 1327 iudici0,¹⁰
590 1265 639 1317 ne
659 1241 803 1316 mutari
825 1241 946 1339 possit
967 1239 1134 1338 petentis
1155 1239 1318 1315 intentio
1340 1238 1401 1315 vel
1422 1239 1560 1316 modus
1583 1237 1751 1338 petendi.
1776 1239 1880 1314 Item
1902 1239 1982 1316 sine

392 1359 497 1436 brevi
511 1387 589 1436 non
603 1360 716 1438 debet
731 1359 814 1458 quis
830 1358 1009 1459 experiri,
1023 1383 1093 1434 nec
1107 1365 1242 1434 tenens
1258 1358 1339 1434 sine
1354 1356 1460 1433 brevi
1475 1357 1708 1456 respondere
1723 1357 1772 1434 de
1787 1357 1981 1456 pertinen·

390 1479 454 1557 tiis
471 1502 550 1554 non
566 1479 689 1576 magis
708 1504 824 1578 quam
841 1478 890 1555 de
905 1477 991 1576 ipso
1006 1486 1239 1565 tenemento,
1258 1477 1355 1554 sicut
1374 1477 1421 1552 dc
1439 1485 1602 1575 pastura
1617 1486 1657 1553 et
1675 1476 1758 1552 aliis
1776 1475 1825 1552 de
1844 1475 1981 1575 quibus

390 1597 597 1674 vicecomes
624 1607 663 1674 et
689 1595 893 1673 comitatus
920 1621 998 1672 non
1025 1595 1167 1672 habent
1194 1595 1463 1692 cognitionem,
1491 1595 1590 1670 sicut
1617 1595 1665 1670 de
1693 1594 1837 1694 placito
1864 1595 1982 1671 namii

390 1717 511 1805 vetiti,
538 1741 611 1816 pro
636 1715 799 1793 servitiis
825 1725 864 1792 et
889 1714 1239 1802 consuetudinibus,
1267 1713 1357 1813 quia
1382 1713 1611 1812 ubicumque
1637 1713 1789 1811 loquela
1816 1714 1982 1790 deducta

391 1833 573 1911 fueritin
595 1834 768 1910 curiam¹¹
792 1833 1007 1909 baronum¹²
1029 1832 1090 1909 vel
1113 1831 1277 1908 aliorum
1300 1833 1365 1930 qui
1388 1831 1584 1908 libertates
1606 1832 1749 1909 habent
1773 1833 1821 1908 de
1845 1834 1981 1908 averiis

389 1952 513 2053 captis
532 1962 571 2029 et
588 1953 753 2030 detentis
770 1962 907 2029 contra
922 1952 1079 2028 vadium
1097 1961 1136 2028 et
1153 1950 1314 2050 plegios,
1333 1960 1371 2026 et
1390 1951 1545 2051 querela
1563 1951 1781 2049 pervenerit
1799 1953 1851 2028 ad
1867 1952 1981 2027 comi·

389 2080 528 2160 tatum,
550 2072 582 2147 si
602 2071 796 2148 contentio
816 2072 887 2147 fiat
906 2070 954 2147 de
973 2080 1090 2158 terra,
1112 2069 1273 2146 servitiis
1295 2078 1334 2146 et
1352 2068 1703 2157 consuetudinibus,
1726 2079 1898 2168 pastura,
1921 2069 1981 2145 vel

388 2191 617 2279 huiusmodi,
639 2216 723 2288 quae
742 2190 939 2288 pertinent
961 2190 1010 2265 ad
1031 2188 1195 2264 liberum
1214 2196 1477 2264 tenementum
1499 2187 1579 2264 sine
1601 2187 1746 2276 brevi,¹⁸
1768 2187 1981 2264 remanebit

390 2308 553 2406 loquela,
571 2318 609 2385 et
625 2306 816 2408 querens²⁴
831 2307 901 2384 sibi
918 2305 1118 2406 perquirat
1135 2307 1335 2405 perbreve
1352 2304 1410 2382 si²⁶
1427 2305 1603 2395 voluerit,
1620 2317 1660 2384 et
1677 2316 1811 2384 tenens
1830 2332 1982 2406 semper

389 2427 431 2502 in
446 2427 583 2503 seisina
598 2434 780 2503 moretur.
798 2427 856 2503 Et
872 2425 1054 2524 quoniam
1070 2425 1300 2524 quandoque
1315 2425 1501 2523 competit
1517 2425 1584 2500 uni
1602 2425 1700 2501 actio
1716 2425 1829 2501 unica
1845 2435 1981 2502 eontra

390 2570 523 2633 unum,
547 2545 778 2643 quandoque
801 2544 931 2644 plures
954 2543 1117 2620 contra²⁰
1139 2569 1261 2619 unum
1283 2545 1344 2619 vel
1367 2552 1503 2620 contra
1526 2543 1669 2642 plures,
1694 2544 1759 2642 qui
1782 2552 1917 2621 tenent
1941 2545 1981 2620 in

389 2665 582 2741 communi
597 2665 657 2740 vel
672 2663 881 2763 separatim
896 2672 935 2740 et
949 2689 1020 2762 per
1035 2689 1086 2752 se,
1102 2664 1331 2761 quandoque
1347 2670 1573 2760 competunt
1588 2662 1719 2761 plures
1736 2662 1903 2739 actiones
1920 2662 1980 2738 vel

389 2810 469 2859 una
483 2782 659 2881 pluribus
675 2783 740 2881 qui
754 2790 889 2860 tenent
904 2783 945 2857 in
960 2781 1153 2857 communi
1169 2788 1306 2856 contra
1320 2805 1442 2856 unum
1459 2780 1520 2856 vel
1537 2780 1679 2879 plures,
1698 2806 1863 2878 quarum
1880 2807 1979 2879 quae·

390 2902 481 2979 dam
500 2910 591 2978 sunt
610 2899 896 3000 praeiudiciales,
916 2926 962 2976 eo
983 2900 1087 2998 quod
1107 2899 1232 2999 primo
1252 2898 1393 2976 debent
1412 2899 1622 2988 terminari,
1646 2901 1856 2976 secundum
1876 2900 1980 2999 quod

390 3021 419 3098 f.
436 3019 554 3114 urb]
611 3030 701 3097 sunt
715 3017 929 3096 criminales
942 3018 1004 3095 vel
1017 3018 1156 3107 civiles,
1172 3027 1211 3094 et
1225 3019 1256 3093 si
1271 3043 1401 3094 omnes
1415 3017 1641 3107 criminales,
1656 3026 1750 3094 tunc
1764 3044 1843 3094 una
1858 3019 1981 3094 maior

389 3149 429 3216 ct
443 3139 567 3216 altera
581 3139 718 3227 minor,
734 3137 794 3213 vel
811 3138 840 3213 si
856 3163 935 3213 una
950 3136 1154 3212 criminalis
1171 3147 1209 3214 et
1227 3135 1348 3212 altera
1364 3137 1494 3225 civilis,
1511 3137 1571 3213 vcl
1589 3137 1619 3212 si
1636 3162 1766 3214 omnes
1783 3137 1922 3226 civiles,
1940 3138 1980 3212 in

390 3282 472 3333 rem
484 3256 572 3333 vel²²
587 3258 627 3332 in
641 3281 858 3356 personam,
874 3255 958 3333 etsi
973 3256 1013 3330 in
1029 3281 1121 3344 rem,
1137 3254 1198 3331 vel
1213 3280 1331 3353 super
1345 3255 1581 3354 possessione
1595 3255 1657 3331 vel
1673 3281 1790 3354 super
1806 3257 1979 3355 proprie·

388 3383 482 3452 tate.

489 3612 554 3688 De
567 3610 700 3688 ordine
714 3610 919 3687 actionum.

391 3728 519 3804 Ioso¹⁸
533 3729 580 3804 dc
595 3729 728 3805 ordine
742 3729 937 3805 actionum
952 3737 990 3805 et
1004 3728 1229 3804 iudiciorum
1244 3737 1284 3804 et
1298 3753 1382 3827 quae
1398 3729 1497 3805 actio
1512 3729 1623 3805 alteri
1639 3729 1776 3806 debeat
1792 3729 1979 3829 praeferri.

390 3851 449 3926 Et
465 3849 652 3948 imprimis
671 3849 867 3926 sciendum
886 3848 1039 3945 quodsi
1058 3848 1170 3923 alicui
1189 3847 1319 3946 plures
1339 3857 1561 3946 competant
1580 3849 1748 3924 actiones
1766 3848 1980 3925 criminales

389 3977 525 4044 contra
539 3993 660 4044 unum
676 3966 737 4044 vel
752 3967 894 4066 plures,
909 3966 976 4042 illa
992 3990 1076 4066 quae
1090 3967 1212 4042 maior
1227 3974 1285 4042 est
1301 3966 1428 4064 primo
1444 3965 1557 4044 debet
1572 3967 1782 4055 terminari,
1799 3993 1848 4044 ne
1864 3967 1979 4043 male·

390 4089 477 4164 ficia
497 4095 722 4164 remaneant
743 4085 936 4184 impunita
957 4094 996 4162 et
1017 4084 1271 4182 extinguatur
1293 4109 1420 4182 poena,
1443 4083 1515 4161 ut²⁹
1538 4086 1569 4162 si
1593 4087 1641 4161 de
1663 4085 1802 4161 minori
1824 4085 1980 4162 crimine

390 4207 498 4307 prius
525 4214 718 4304 ageretur,
747 4205 799 4281 sic
826 4204 997 4280 extincta
1024 4227 1190 4302 persona
1216 4201 1418 4290 criminosi,
1448 4203 1741 4300 extingueretur
1769 4203 1912 4303 poena²⁰
1940 4205 1981 4279 in

389 4325 535 4402 maiori.
556 4324 666 4400 Sicut
682 4323 802 4399 videri
819 4321 974 4420 poterit,
993 4330 1038 4398 ut
1056 4322 1087 4397 si
1098 4310 1189 4421 'quis
1207 4331 1406 4398 accusatus
1425 4323 1545 4398 fucrit
1563 4323 1610 4398 de
1629 4323 1726 4398 furti
1745 4323 1901 4399 crimine
1920 4322 1980 4399 vel

388 4441 591 4530 homicidii,
615 4441 680 4518 et²²
706 4439 879 4518 similiter
903 4438 953 4515 de
976 4439 1132 4516 crimine
1156 4439 1253 4515 laesae
1276 4439 1498 4528 maiestatis,
1524 4450 1563 4516 et
1589 4441 1796 4530 convictus,
1822 4442 1979 4538 gravius

390 4559 552 4658 punitur
570 4559 714 4635 crimen
731 4559 827 4634 laesae
845 4557 1055 4635 maiestatis
1074 4583 1190 4655 quam
1210 4557 1353 4634 crimen
1373 4559 1470 4635 furti
1490 4559 1551 4634 vel
1570 4558 1801 4647 homicidii,²²
1821 4559 1911 4658 quia
1931 4585 1979 4635 cx

389 4703 467 4754 uno
480 4679 653 4776 sequitur
665 4677 768 4775 quod
781 4676 1005 4753 criminosus
1017 4676 1196 4766 trahitur,
1211 4677 1408 4775 frangitur
1421 4686 1460 4754 et
1475 4678 1735 4776 suspenditur,
1749 4703 1798 4754 ex
1813 4678 1887 4754 alio
1900 4704 1979 4754 non

390 4797 562 4896 sequitur
576 4795 648 4872 nisi
662 4803 817 4872 tantum
832 4794 1041 4894 suspensio.
1056 4795 1115 4871 Et
1128 4796 1213 4872 ideo
1229 4797 1260 4872 si
1274 4795 1322 4872 de
1337 4796 1475 4872 minori
1491 4795 1647 4872 crimine
1662 4796 1770 4895 prius
1786 4805 1978 4895 ageretur,

388 5014 484 5090 loon,
506 5016 575 5092 OA,
597 5014 664 5091 LA,
686 5014 753 5090 OC,
775 5014 843 5090 ΟΕ,
865 5013 942 5088 MG,
965 5014 1039 5088 CM,
1061 5014 1135 5076 MC.
1179 5012 1305 5088 ⁸debet,
1327 5015 1366 5091 V,
1389 5015 1459 5090 OB,
1482 5016 1558 5091 ΜΒ,
1581 5016 1648 5091 CB,
1671 5016 1716 5088 Y;
1739 5015 1879 5090 debetur,
1903 5017 1977 5078 MA.

388 5117 440 5152 ⁹⁴⁰
452 5123 485 5178 in
501 5119 614 5180 iudicio
630 5115 827 5195 respondere,
844 5116 918 5188 CM,
936 5116 1003 5178 MG
1024 5115 1172 5193 (audiri).
1211 5115 1345 5190 1¹curia,
1363 5117 1432 5191 OA,
1450 5117 1522 5189 CE;
1540 5137 1616 5192 cur„
1635 5117 1728 5178 MSS.
1747 5138 1811 5178 var.
1852 5117 1878 5152 ¹²
1889 5116 1978 5177 baro-

387 5222 447 5292 nis,
464 5217 536 5292 003
554 5217 672 5293 baron,
689 5217 784 5279 MSS.
801 5237 866 5279 var.
906 5214 933 5251 ²⁸
944 5215 1030 5276 brevi
1049 5223 1091 5290 et,
1109 5217 1178 5293 OB,
1196 5216 1273 5292 MA,
1292 5217 1366 5278 ΜΒ.
1406 5215 1472 5250 ²⁴⁴⁵
1484 5237 1614 5296 querens
1634 5222 1824 5297 perquiritur
1844 5224 1881 5294 sl,
1902 5220 1978 5296 MG,

390 5320 469 5392 cM;
490 5319 668 5397 (perquirat
683 5322 719 5392 si,
736 5318 794 5396 V).
832 5317 858 5351 ¹⁰
870 5321 913 5391 in,
931 5318 997 5393 ΟΕ,
1014 5318 1053 5379 Υ.
1092 5315 1118 5352 ¹²
1130 5326 1172 5395 et,
1190 5320 1258 5395 OB,
1277 5319 1353 5394 MA,
1370 5319 1445 5379 ΜΒ.
1485 5316 1603 5394 1Ὀιιῑ,
1621 5320 1697 5394 MA,
1716 5321 1781 5382 LA.
1821 5319 1886 5355 ²⁰⁴⁰
1898 5320 1979 5396 Om,

389 5420 558 5495 MG,CM.
597 5416 663 5452 ¹¹¹¹¹
675 5419 755 5492 Om,
772 5417 849 5492 MG,
867 5418 942 5494 CM,
958 5418 998 5478 Y.
