4374 6366
742 435 802 497 DE
826 435 1031 498 PLACITIS
1054 435 1242 498 CORONAE
1715 443 1790 520 877

200 587 318 675 Quod
333 585 450 687 siper
464 585 633 686 patriam
647 612 687 663 se
703 586 909 663 defendere
924 612 1004 662 non
1019 588 1152 685 possit,
1169 587 1273 686 quod
1288 588 1423 665 doceat
1438 613 1593 664 causam
1609 615 1689 666 esse
1704 590 1790 665 nul·

199 706 278 782 lam
294 731 365 805 per
381 704 652 781 exhibitionem
669 705 749 780 eius
766 704 832 804 qui
848 705 1012 780 interfici
1029 705 1172 794 debuit,
1191 705 1360 805 alioquin
1378 706 1561 782 iudicium
1578 707 1791 796 sustinebit,

199 825 260 900 vel
279 821 338 901 si⁵⁸
357 824 526 922 patriam
545 824 777 899 recusaverit
796 825 904 922 quasi
924 849 996 922 pro
1015 823 1188 900 convicto
1208 823 1383 914 habetur,
1404 825 1460 900 ita
1478 825 1582 923 quod
1602 826 1642 901 in
1662 826 1791 924 patria

200 967 278 1018 non
294 941 438 1042 poterit
455 967 668 1018 remanere:
686 951 725 1018 et
743 942 773 1018 si
791 968 859 1016 rex
877 967 964 1017 eum
982 942 1022 1017 in
1039 943 1169 1041 patria
1186 943 1402 1031 sustineret,
1419 942 1490 1018 hoc
1508 953 1607 1020 esset
1626 945 1676 1020 ad
1694 943 1790 1019 iniu-

200 1060 298 1138 riam
313 1060 558 1160 appellantis.
578 1061 621 1136 Si
638 1070 768 1136 autem
784 1085 863 1136 non
880 1061 929 1138 sit
946 1061 1082 1159 aliquis
1100 1062 1165 1159 qui
1182 1061 1230 1137 ab
1248 1061 1356 1138 initio
1373 1061 1470 1138 bene
1487 1071 1639 1138 secutus
1659 1062 1790 1151 fuerit,

200 1203 269 1255 nec
286 1178 422 1278 aliquis
441 1179 507 1278 qui
525 1179 723 1278 appellum
739 1176 878 1255 habere
897 1179 1029 1278 possit,
1047 1189 1141 1255 tunc
1160 1181 1303 1278 poterit
1323 1178 1545 1277 inlagatus⁶⁹
1564 1180 1606 1256 in
1622 1180 1791 1278 patriam

201 1296 230 1372 f.
248 1298 340 1391 184]
395 1322 592 1374 remanere
608 1296 658 1372 ad
672 1321 808 1396 pacem
824 1296 967 1373 domini
983 1296 1095 1396 regis.

300 1422 406 1497 Item
423 1420 457 1498 ai
474 1428 682 1497 antenatus
698 1419 802 1518 filine
819 1445 868 1497 eu
885 1420 1062 1519 pluribus
1080 1419 1264 1515 telonium
1283 1422 1419 1516 fecerit
1436 1421 1478 1499 ia
1498 1422 1578 1499 nito
1596 1423 1733 1522 patria,
1753 1431 1793 1500 et

300 1539 421 1634 suerit
437 1539 638 1638 ntlopotas
653 1540 695 1617 in
712 1540 792 1616 uita
809 1540 942 1637 patria.

202 1664 315 1739 Iram
332 1673 414 1740 esto
429 1663 532 1762 quod
548 1663 632 1762 quis
649 1662 780 1763 plures
797 1662 973 1740 habuerit
990 1663 1100 1751 filios,
1118 1673 1156 1740 et
1175 1673 1379 1741 antenatus
1398 1665 1582 1741 feloniam
1599 1666 1733 1743 fecerit
1751 1666 1792 1742 in

200 1782 282 1859 vita
296 1782 418 1881 patris
434 1792 472 1858 et
487 1781 688 1880 utlagatus
703 1782 743 1857 in
758 1782 839 1857 vita
854 1783 987 1880 patris.
1005 1783 1169 1858 Mortuo
1184 1792 1297 1881 patre
1312 1783 1520 1860 videndum
1537 1793 1595 1860 est
1611 1785 1661 1859 ad
1678 1809 1792 1883 quem

201 1900 259 1977 ius
279 1910 316 1976 et
332 1899 523 1976 hereditas
540 1900 768 1976 descendere
788 1893 935 1976 debeat.
956 1900 1013 1976 Et
1032 1900 1186 1976 videtur
1203 1902 1308 1999 quod
1325 1927 1403 1976 non
1422 1900 1515 1976 fili0²
1534 1901 1723 2000 utlagato,
1743 1928 1792 1978 ex

201 2044 278 2117 quo
299 2045 370 2117 per
390 2018 624 2117 utlagariam
645 2017 849 2094 forisfecit²
870 2019 928 2094 ius
951 2019 1187 2107 succedendi,
1210 2029 1249 2095 et
1269 2043 1349 2094 non
1371 2019 1494 2096 solum
1517 2021 1703 2119 adeptum
1725 2020 1792 2096 sed

202 2137 501 2237 adipiscendum.
516 2136 623 2211 Non⁸
636 2162 730 2235 ergo
741 2136 958 2212 restituitur
971 2138 1021 2213 ad
1034 2137 1319 2225 successionem,
1333 2137 1423 2236 quia
1434 2138 1505 2212 hoc
1518 2145 1617 2214 esset
1630 2147 1675 2214 ut
1689 2139 1791 2214 vide·

201 2255 323 2331 turin
339 2254 601 2354 praeiudicium
618 2253 762 2332 domini
778 2254 966 2353 capitalis,
985 2256 1088 2353 quod
1105 2281 1186 2332 esse
1204 2279 1283 2330 non
1300 2255 1423 2330 debet.
1446 2256 1488 2331 Si
1507 2265 1638 2332 autem
1654 2255 1695 2332 in
1711 2256 1793 2331 vita

202 2372 324 2472 patris
344 2381 558 2449 moreretur
577 2399 664 2448 cum
683 2383 782 2450 esset
800 2374 1002 2450 restitutus
1022 2373 1103 2450 sine
1122 2372 1271 2461 herede,
1291 2382 1385 2449 tunc
1406 2373 1514 2472 quasi
1534 2399 1613 2449 non
1633 2383 1731 2450 esset
1752 2373 1792 2449 in

201 2517 330 2567 rerum
348 2500 489 2568 natura
506 2492 751 2568 descenderet
768 2490 959 2567 hereditas
978 2492 1028 2567 ad
1046 2491 1139 2567 alios
1157 2490 1314 2567 heredes
1332 2491 1626 2591 propinquiores
1646 2500 1691 2567 ut
1710 2490 1791 2589 qui·

200 2609 364 2685 busdam
382 2608 547 2698 videtur,
566 2610 670 2707 quod
689 2634 769 2685 non
787 2608 859 2686 est*
880 2635 1013 2685 verum
1034 2610 1244 2685 seumdum
1265 2608 1358 2686 alios
1378 2609 1444 2707 qui
1464 2608 1605 2685 melius.
1620 2609 1792 2685 sentiunt

201 2729 250 2804 de
265 2726 423 2804 talibus:
440 2728 532 2825 quia
546 2752 634 2803 cum
650 2736 855 2804 antenatus
872 2726 1061 2803 moriatur
1076 2727 1117 2802 in
1133 2727 1214 2802 vita
1231 2726 1352 2826 patris
1370 2728 1430 2802 vel
1447 2727 1606 2802 alterius
1623 2735 1791 2803 anteces-

201 2845 308 2935 soris,
326 2845 404 2921 sive
418 2843 626 2943 inlagatus⁸
644 2844 763 2922 fuerit
780 2845 859 2922 sive
873 2871 962 2934 non,
981 2845 1171 2921 forisfacit
1189 2844 1363 2921 omnibus
1381 2843 1581 2920 heredibus
1599 2844 1677 2920 suis
1694 2869 1790 2943 prae-

200 2963 370 3040 sentibus
386 2971 425 3040 et
441 2963 729 3062 apparentibus,
745 2962 901 3051 futuris,
918 2963 1005 3039 licet
1021 2972 1115 3039 tunc
1132 2988 1210 3038 non
1227 2961 1488 3051 existentibus,
1506 2963 1734 3062 propinquis
1751 2971 1790 3038 et

201 3081 368 3169 remotis,
389 3079 576 3157 fratribus
597 3090 635 3157 et
655 3081 859 3170 sororibus,
880 3091 918 3158 et
939 3083 1121 3158 decarne
1141 3080 1302 3181 propria
1322 3080 1561 3168 exeuntibus,
1584 3089 1710 3157 totum
1731 3081 1790 3157 ius

201 3201 305 3299 quod
320 3197 453 3276 habuit
469 3199 530 3275 die
546 3225 622 3298 quo
637 3199 782 3275 felonia
798 3199 875 3275 fuit
892 3207 1128 3298 perpetrata,
1145 3198 1206 3275 vel
1222 3199 1326 3297 quod
1342 3199 1376 3275 ei
1394 3199 1563 3275 accidere
1580 3197 1723 3297 posset⁶
1741 3196 1790 3273 ab
1835 3258 1838 3266 .

201 3317 329 3416 aliquo
344 3326 592 3406 antecessore,
607 3317 639 3394 si
654 3326 931 3394 antecessorem
946 3316 1221 3416 superviveret*
1237 3327 1277 3393 et
1293 3316 1477 3393 feloniam
1492 3342 1571 3392 non
1585 3315 1790 3392 commisis-

200 3444 270 3525 set,
283 3435 400 3534 etqui
412 3445 566 3512 mortuo
580 3445 817 3511 antecessore
831 3436 956 3512 futuri
970 3445 1095 3512 essent
1108 3436 1167 3512 sui
1180 3435 1336 3511 heredes
1351 3435 1382 3511 si
1396 3436 1454 3511 ius
1469 3435 1503 3511 ei
1518 3434 1789 3511 descendisset:

201 3553 292 3652 quia
312 3553 400 3629 licet
422 3555 567 3651 gradus
588 3579 731 3629 vacuus
754 3554 803 3630 sit
825 3580 896 3653 per
918 3562 1082 3630 mortem
1105 3579 1215 3630 suam
1238 3554 1269 3630 si
1293 3555 1342 3630 ad
1365 3578 1501 3652 pacem
1523 3552 1666 3629 domini
1688 3552 1790 3650 regis

200 3681 416 3747 moreretur
432 3671 513 3748 sine
532 3671 686 3761 felonia,
705 3681 902 3770 oporteret
920 3673 1024 3771 quod
1043 3673 1090 3748 de
1108 3671 1167 3748 eo⁸
1186 3672 1295 3747 fieret
1315 3670 1458 3747 mentio
1478 3672 1519 3747 in
1538 3672 1720 3747 descensu
1740 3669 1791 3745 ad

199 3790 357 3866 heredes
370 3789 417 3865 de
430 3814 544 3865 carne
559 3815 628 3864 sua
641 3799 823 3866 exeuntes
839 3791 902 3866 sic.
918 3790 976 3866 Et
990 3789 1093 3865 unde
1106 3789 1164 3865 ius
1179 3815 1202 3866 a
1215 3788 1285 3864 tali
1300 3798 1537 3865 antecessore
1553 3789 1790 3865 descendisse

200 3907 332 3982 debuit
350 3907 419 3983 tali
437 3915 483 3982 ut
500 3906 581 3982 filio
598 3916 636 3984 et
654 3907 784 3984 heredi
802 3906 847 3984 si⁰
864 3907 1021 3996 viveret,
1041 3905 1107 3983 et²⁰
1127 3906 1177 3982 a²²
1195 3906 1277 3996 tali,
1296 3906 1393 3983 tali¹²
1412 3917 1456 3983 ut
1475 3906 1555 3981 filio
1574 3915 1613 3982 et
1631 3905 1789 3982 heredi²⁸

200 4024 299 4102 talis.
317 4025 376 4100 Et
392 4023 523 4124 quod¹⁴
540 4025 613 4102 dici
630 4025 744 4102 debet
760 4027 808 4102 de
825 4026 1011 4102 fratribus
1028 4035 1066 4102 et
1084 4025 1275 4102 sororibus
1292 4035 1330 4101 et
1349 4025 1431 4101 aliis
1448 4023 1649 4100 heredibus
1668 4049 1789 4100 remo-

199 4142 373 4232 tioribus,
387 4143 554 4243 propriis
570 4143 697 4220 liberis
712 4169 790 4219 non
805 4143 1068 4220 existentibus.
1085 4144 1144 4219 Et
1161 4143 1212 4219 sic
1227 4169 1306 4218 non
1321 4142 1465 4241 poterit
1480 4142 1555 4217 dici
1572 4142 1790 4218 immediate

202 4264 305 4363 quod
321 4264 379 4339 ius
397 4263 591 4340 descendit
610 4289 633 4338 a
648 4263 718 4339 tali
736 4273 973 4341 antecessore
989 4265 1058 4341 tali
1077 4264 1208 4364 nepoti
1226 4263 1287 4338 vel
1305 4263 1425 4363 nepti,
1445 4263 1560 4338 fratri
1578 4262 1639 4338 vel
1658 4261 1790 4349 sorori,
1911 4340 1917 4345 ,

200 4383 262 4459 vel
272 4384 402 4460 heredi
414 4384 620 4472 remotiori,
632 4384 740 4459 nulla
754 4384 860 4461 facta
872 4385 1065 4461 mentione
1078 4386 1126 4460 de
1140 4411 1185 4460 eo
1198 4384 1263 4483 qui
1277 4383 1370 4460 obiit
1384 4384 1424 4459 in
1437 4383 1518 4459 vita
1531 4383 1789 4459 antecessoris.

202 4504 260 4581 Et
275 4505 328 4580 sic
344 4503 535 4579 forisfacit
551 4504 614 4579 ille
630 4505 696 4602 qui
712 4503 895 4580 feloniam
910 4505 1110 4594 commisit,
1127 4504 1204 4580 sive
1221 4504 1409 4580 moriatur
1425 4505 1465 4578 in
1481 4504 1563 4579 vita
1580 4511 1791 4580 antecesso-

202 4623 253 4700 ris
271 4624 348 4700 sive
364 4633 454 4722 post
467 4633 644 4711 mortem,
660 4633 699 4700 et
716 4624 793 4700 sive
809 4625 1008 4721 utlagatus
1024 4625 1085 4700 vel
1102 4625 1143 4700 in
1158 4624 1239 4701 vita
1255 4624 1502 4700 antecessoris
1521 4625 1734 4712 restitutus,
1752 4631 1792 4699 et

202 4744 254 4820 sic
271 4743 463 4821 forisfacit
481 4743 669 4820 actionem
686 4754 724 4820 et
742 4744 800 4823 ius
817 4744 992 4828 habitum
1007 4753 1047 4822 et
1062 4745 1291 4822 habendum.
1312 4745 1415 4821 Item
1432 4744 1684 4821 hereditatem
1702 4769 1791 4844 pro-

202 4961 230 4996 ⁸⁸
241 4968 268 5023 si
285 4982 352 5041 per,
370 4962 447 5035 MG,
464 4962 537 5022 ΟΜ.
575 4958 602 4994 ⁸⁹
614 4959 783 5039 utlagatus,
800 4963 839 5035 V,
857 4963 930 5023 CM.

283 5061 388 5138 ²0m.,
404 5061 481 5136 MG,
498 5062 571 5123 ΟΜ.
610 5059 835 5138 ²forisfecerit,
852 5063 930 5138 MG,
946 5065 1009 5124 CM
1018 5085 1026 5136 3
1045 5063 1213 5138 forisfacit,
1229 5063 1295 5126 OC.
1333 5063 1449 5137 ⁸nnnc,
1466 5063 1544 5137 MG,
1561 5064 1634 5124 ΟΜ.
1672 5061 1790 5138 ⁴easet,

199 5163 277 5238 MG,
299 5163 373 5238 CM,
393 5163 459 5225 OC.
501 5161 695 5241 “utlagatus
715 5162 784 5237 OB,
804 5164 881 5240 MA,
901 5166 979 5240 ΜΒ,
1000 5165 1073 5227 ΜΟ.
1116 5163 1251 5243 ‘possib
1273 5166 1349 5240 MA,
1370 5165 1445 5227 ΜΒ.
1489 5163 1728 5243 'super-vixerit,
1750 5165 1789 5240 V,

200 5264 266 5326 OC.
304 5263 376 5339 ⁸ca,
392 5264 461 5338 OB,
476 5264 552 5337 MA,
569 5264 646 5338 ΜΒ,
663 5261 729 5337 ΟΕ,
746 5264 819 5326 ΜΟ.
857 5264 909 5299 ⁹⁴⁸
921 5265 1001 5340 Om,
1018 5267 1087 5343 OB,
1102 5268 1179 5344 MA,
1195 5268 1271 5328 ΜΒ.
1310 5264 1375 5300 ¹¹¹¹¹
1387 5270 1442 5343 ita,
1459 5267 1526 5342 LA,
1544 5266 1613 5341 OA,
1631 5265 1698 5342 ΟΕ,
1715 5265 1788 5327 ΜΟ.

201 5365 227 5402 ²²
239 5366 320 5441 Om,
336 5366 413 5442 MG,
430 5366 503 5427 CM.
542 5363 569 5398 ¹⁴
580 5365 662 5441 om,
678 5365 747 5442 OB,
765 5366 840 5442 MA,
858 5367 933 5428 ΜΒ.
