4432 6336
624 477 685 538 DE
708 477 1011 550 ADQUIRENDO
1034 478 1192 539 RERUM
1216 478 1417 540 DOMINIO
1747 487 1819 556 158
1958 497 1962 506 '

228 628 368 704 Monte
386 626 585 726 Begonis¹²
604 654 706 704 armo
725 638 763 705 et
782 629 842 706 die
861 655 937 728 quo
956 629 1050 706 obiit
1069 630 1146 706 fuit
1165 631 1205 705 in
1224 630 1361 707 seisina
1379 630 1427 706 de
1446 630 1675 728 quibusdam
1693 631 1819 720 terris,

227 746 352 845 etqui
371 746 554 823 dixerunt
573 747 676 845 quod
701 747 852 844 [non]¹⁸
872 749 925 823 sic
945 749 1052 846 apud
1072 747 1325 824 Lincolniam.
1349 749 1406 826 Et
1427 750 1493 847 qui
1513 750 1695 826 dixerunt
1716 750 1819 848 quod

227 865 433 964 predictus
447 866 627 964 Rogemus
639 891 718 942 non
731 866 809 942 fuit
820 865 969 943 seisitus
984 891 1085 942 anno
1098 878 1137 944 et
1149 868 1210 943 die
1224 893 1300 966 quo
1313 867 1418 956 obiit,
1432 867 1522 966 quia
1535 868 1600 944 diu
1613 878 1705 945 ante
1718 894 1818 945 mor-

226 993 306 1059 tem
325 1009 435 1060 suam
453 983 559 1060 dedit
577 994 722 1061 terram
741 984 846 1060 illam
866 985 1018 1062 cuidam
1039 986 1204 1061 Iohanni
1225 988 1272 1061 de
1292 985 1561 1083 Lungevilers,
1582 986 1648 1085 qui
1668 1012 1820 1086 semper

227 1109 363 1200 postea
380 1102 564 1178 remansit
581 1101 622 1177 in
639 1103 777 1181 seisina
794 1129 914 1201 usque
933 1104 982 1180 ad
1000 1114 1164 1181 mortem
1182 1105 1303 1203 ipsius
1322 1105 1480 1203 Rogeri,
1499 1115 1538 1182 et
1556 1106 1724 1183 excoluit
1741 1116 1817 1183 ter·

227 1245 312 1295 ram
326 1218 433 1296 illam
447 1229 487 1297 et
502 1221 617 1297 blada
633 1222 818 1320 expendit
833 1232 873 1299 et
890 1222 1062 1299 redditus
1079 1231 1119 1299 et
1135 1223 1303 1321 expletio
1321 1223 1434 1321 cepit,
1452 1232 1492 1300 et
1508 1223 1626 1300 etiam
1643 1225 1819 1323 quintam

227 1337 413 1414 decimam
426 1338 533 1415 dedit
544 1339 699 1415 domino
713 1340 806 1438 regi.
821 1340 879 1416 Et
893 1341 996 1417 unde
1008 1341 1049 1415 in
1062 1341 1197 1417 itinere
1210 1342 1379 1418 eiusdem
1393 1352 1431 1419 et
1446 1342 1580 1419 eodem
1595 1368 1696 1418 anno
1711 1344 1818 1442 apud

227 1454 509 1545 Lancastriam,
522 1458 685 1534 convicti
698 1458 859 1536 fuerunt
873 1461 1060 1536 iuratores
1074 1486 1146 1561 per
1158 1460 1322 1558 triginta
1335 1487 1402 1538 sex
1415 1460 1554 1537 milites
1568 1463 1616 1538 de
1630 1461 1817 1538 comitati-

226 1576 297 1654 bus
312 1576 481 1652 Eboraci
495 1586 534 1653 et
547 1575 797 1667 Lancastriae,
811 1577 909 1654 sicut
923 1578 1141 1656 continetur
1155 1579 1196 1654 in
1210 1578 1399 1678 principio
1414 1579 1541 1655 rotuli.
1558 1581 1616 1656 Et
1630 1582 1734 1656 unde
1749 1580 1816 1656 tri·

226 1693 338 1792 ganta
352 1719 419 1771 sex
433 1694 572 1772 milites
588 1695 770 1772 dixenmt
786 1698 889 1794 quod
904 1696 1006 1772 idem
1022 1697 1202 1795 Rogerus
1218 1697 1322 1774 venit
1340 1698 1389 1773 ad
1404 1698 1630 1775 comitatum
1647 1697 1817 1776 Lances·

225 1814 309 1891 triae
329 1824 369 1891 et
391 1814 498 1892 dedit
518 1815 670 1890 cuidam
694 1814 859 1890 Iohanni
881 1815 930 1891 de
952 1813 1209 1913 Lungevilers
1231 1824 1376 1892 terram
1399 1815 1506 1892 illam
1528 1842 1599 1915 per
1621 1817 1817 1915 quandam

225 1941 385 2022 cartam,
402 1942 442 2010 et
456 1932 633 2008 liberavit
649 1932 683 2010 ei
698 1934 901 2009 certamin
918 1933 1034 2032 pleno
1051 1935 1247 2023 comitatu,
1265 1936 1331 2011 sed
1347 1936 1482 2033 Roger
1499 1961 1650 2035 semper
1667 1962 1816 2013 reman-

227 2050 277 2129 sit
297 2051 339 2127 in
360 2051 498 2128 seisina
518 2077 639 2150 usque
661 2052 712 2128 ad
732 2060 908 2141 mortem,
931 2062 971 2130 et
993 2052 1095 2152 cepit
1117 2053 1247 2129 omnia
1267 2053 1438 2151 expletia
1459 2063 1498 2130 et
1521 2055 1665 2152 legavit
1688 2054 1817 2131 omnia

226 2169 392 2260 mobilia,
416 2178 456 2247 et
480 2195 692 2268 numquam
716 2170 859 2247 amovit
885 2169 1043 2248 ballivos
1069 2196 1139 2248 nec
1164 2171 1370 2248 servientes
1396 2198 1484 2248 suos
1510 2198 1605 2270 quos
1631 2173 1683 2249 ibi
1707 2172 1816 2273 prius

227 2298 421 2388 posuerat,
436 2289 561 2365 necin
575 2289 703 2387 aliquo
718 2298 864 2366 statum
879 2315 991 2366 suum
1006 2289 1183 2366 mutavit.
1200 2289 1259 2366 Et
1274 2290 1377 2367 unde
1393 2291 1444 2366 ibi
1461 2291 1723 2369 adiudicatum
1739 2292 1818 2368 fuit

227 2408 331 2506 quod
348 2407 528 2505 lisgerus
546 2407 641 2484 obiit
660 2407 821 2496 seisitus‚
840 2415 879 2485 et
898 2409 1002 2505 quod
1021 2409 1222 2485 duodecim
1241 2409 1289 2485 de
1308 2409 1494 2486 comitatu
1512 2408 1724 2486 Lincolniae
1742 2410 1816 2487 fal·

226 2553 312 2604 sum
329 2527 506 2604 fecenrnt
523 2536 818 2616 sacramentum,
836 2536 875 2603 et
892 2526 978 2603 ideo
996 2527 1159 2603 convicti
1178 2527 1269 2626 quia
1285 2527 1463 2605 dicebant
1481 2527 1729 2618 eontrarium,
1750 2526 1817 2604 et¹⁹

227 2646 331 2744 quod
358 2645 485 2743 prima
512 2644 640 2721 iurata
666 2645 841 2721 convicta
869 2644 946 2721 fuit
974 2670 1046 2744 per
1073 2644 1320 2722 secundam.²⁰
1351 2645 1458 2723 Illud
1486 2646 1588 2723 idem
1616 2647 1816 2724 invenietis

226 2764 367 2840 ibidem
381 2764 429 2840 de
443 2764 577 2840 eodem
591 2765 748 2861 Rogero
763 2773 802 2840 et
818 2763 994 2839 Henrico
1009 2764 1057 2840 de
1073 2763 1228 2850 Mare‚²¹
1245 2763 1361 2863 quia²²
1377 2763 1479 2840 idem
1495 2763 1704 2862 Rogems²⁸
1720 2790 1816 2842 sem·
1842 2817 1847 2826 ·

225 2909 296 2982 per
312 2883 415 2982 cepit
431 2882 600 2982 expletia
615 2909 737 2982 usque
753 2884 803 2958 ad
819 2891 994 2959 mortem.
1014 2883 1118 2959 Item
1133 2891 1216 2960 esto
1233 2883 1336 2980 quod
1353 2906 1442 2960 cum
1458 2882 1624 2959 donator
1641 2893 1680 2960 et
1698 2884 1816 2960 dona·

225 3002 347 3078 tarius
366 3001 423 3078 ita
442 3002 588 3079 fuerint
608 3001 721 3078 simul
740 3001 780 3078 in
800 3001 948 3090 seisina,
970 3001 1074 3100 quod
1094 3001 1317 3078 donatarius
1337 3026 1419 3077 rem
1441 3001 1494 3076 sic
1514 3004 1647 3078 datam
1667 3001 1817 3078 dederit

225 3121 355 3199 alicui:
373 3120 557 3221 queriarr
572 3145 623 3196 an
637 3119 765 3197 valeat
780 3120 948 3196 donatio.
965 3121 1027 3197 Re
1042 3145 1134 3195 vera
1150 3145 1228 3196 non
1243 3120 1358 3209 valet,
1375 3119 1466 3218 quia
1481 3129 1617 3196 neuter
1634 3118 1816 3196 illorum²‘

225 3240 421 3317 inducitur
440 3239 482 3316 in
501 3263 664 3316 vacuam
685 3238 972 3338 possessionem.
997 3237 1068 3314 Si²⁸
1091 3245 1222 3315 autem
1243 3236 1358 3313 cum¹⁸
1381 3238 1494 3315 ambo
1516 3239 1557 3314 iu
1580 3239 1816 3337 possessione

227 3359 374 3437 fuerint
392 3359 557 3435 donator
576 3357 687 3434 alteri
705 3357 864 3446 dederit,
884 3367 922 3434 et
942 3356 1111 3455 primum
1130 3357 1375 3434 donatarium
1394 3356 1557 3445 eiecerit,
1577 3357 1717 3434 eiectus
1738 3381 1817 3433 non

225 3478 479 3580 recuperabit,
495 3479 586 3576 quia
601 3477 777 3555 seisinam
792 3502 954 3553 vacuam
969 3488 1008 3555 et
1023 3503 1094 3576 per
1110 3503 1149 3554 se
1164 3502 1243 3553 non
1258 3477 1404 3566 habuit,
1420 3503 1489 3554 nec
1505 3478 1700 3577 possidere
1715 3479 1815 3554 ince-

226 3598 286 3698 pit
304 3622 354 3675 ex
373 3623 449 3696 quo
469 3599 634 3673 donator
651 3596 846 3696 possidere
865 3622 944 3673 non
963 3596 1085 3672 desiit.
1107 3596 1210 3679 Cum
1230 3605 1361 3673 autem
1379 3605 1542 3695 uterque
1561 3597 1615 3672 sic
1636 3597 1756 3672 fuerit
1776 3597 1816 3672 in

226 3716 462 3815 possessione
482 3726 564 3793 tam
584 3717 749 3792 donator
770 3740 887 3814 quam
907 3715 1130 3792 donatarius
1151 3723 1241 3814 post
1262 3715 1520 3803 donationem,
1542 3724 1581 3792 et
1603 3714 1716 3792 simul
1737 3715 1815 3790 exi·

226 3835 352 3911 verint
376 3860 400 3909 a
424 3834 671 3933 possessione,
697 3858 776 3910 non
801 3832 912 3910 aliter
936 3832 1126 3932 perpendi
1151 3833 1294 3931 poterit
1320 3834 1368 3910 de
1393 3833 1593 3910 voluntate
1619 3833 1816 3909 donatoris

226 3980 343 4054 quam
354 3979 426 4054 per
438 3979 563 4042 usum,
576 3953 668 4052 quia
679 3977 751 4053 per
764 3951 956 4028 exteriora
968 3950 1215 4050 presumitur
1228 3951 1276 4027 de
1289 3950 1544 4041 interioribus,
1560 3948 1626 4028 et²'
1641 3950 1815 4050 quamvis

128 4112 132 4118 ·
225 4073 266 4150 in
286 4097 437 4150 recessu
458 4071 658 4170 utriusque
681 4072 845 4146 donator
868 4069 1045 4146 saisinam
1065 4068 1312 4146 liberaverit²⁸
1335 4069 1548 4158 donatario,
1571 4069 1815 4147 nihilominus

225 4201 357 4268 tamen
373 4190 512 4267 habere
530 4189 675 4290 poterit
692 4190 863 4267 animum
881 4187 1101 4287 possidendi
1119 4197 1159 4265 et
1177 4187 1341 4264 retinere
1359 4188 1636 4286 possessionem
1654 4187 1814 4264 civilem.

227 4310 363 4386 Homo
389 4309 491 4385 enim
517 4309 727 4386 secundum
754 4306 893 4384 faciem
918 4306 1062 4383 iudicat
1089 4315 1133 4383 ut
1160 4305 1285 4394 homo,
1313 4306 1415 4382 solus
1443 4304 1600 4382 autem²⁰
1628 4305 1722 4381 deus
1750 4329 1816 4381 cor

224 4429 387 4506 hominis
407 4430 592 4518 intuetur,
613 4429 679 4526 qui
698 4427 806 4504 novit
827 4426 1049 4503 abscondita
1070 4427 1194 4503 cordis
1214 4436 1255 4503 et
1276 4450 1386 4503 renes
1407 4435 1603 4502 scrutatur
1625 4433 1664 4503 et
1685 4427 1813 4514 corda,

224 4548 375 4625 nullum
398 4547 499 4623 enim
521 4555 710 4624 secretum
732 4548 838 4644 apud
860 4546 986 4622 deum.
1010 4546 1090 4621 Per
1111 4571 1225 4622 usum
1247 4543 1395 4642 igitur⁸⁰
1419 4544 1561 4643 poterit
1585 4545 1726 4621 veritas
1750 4544 1814 4620 de·

225 4666 374 4754 clarari,
395 4666 462 4742 sed
481 4666 619 4742 sicum
639 4665 767 4741 animo
787 4664 1003 4741 revertendi
1023 4664 1218 4740 recesserit
1239 4664 1404 4740 donator
1425 4689 1449 4738 a
1469 4663 1706 4762 possessione
1727 4687 1816 4739 cum

227 4784 473 4861 donatarium
499 4783 695 4860 induxerit
723 4782 763 4858 in
790 4782 1078 4883 possessionem,
1107 4790 1148 4858 et
1175 4806 1267 4858 mox
1294 4806 1468 4858 reversus
1498 4806 1738 4880 quacumque
1766 4781 1815 4858 de

224 4999 410 5080 ²'Vegonia
426 5001 470 5074 V;
489 5002 648 5080 Regionis,
664 5001 733 5076 OB,
750 5001 826 5077 MA,
844 5000 919 5061 ΜΒ.
958 4997 985 5033 ²⁸
997 4999 1078 5074 Om,
1093 4998 1188 5060 MSS.
1226 4996 1292 5032 ¹¹¹¹¹
1305 4998 1384 5074 Om.,
1402 4998 1470 5072 OA,
1488 4998 1554 5059 LA.
1594 4995 1620 5032 ²²
1633 4998 1727 5073 Mari,
1744 4997 1814 5071 OB,

225 5101 301 5176 MA,
317 5102 393 5177 MB,
409 5103 476 5177 ΟΕ,
491 5102 571 5175 CM;
588 5103 682 5178 Mar,
696 5101 770 5175 OA;
787 5104 897 5175 Mam,
912 5101 950 5161 V.
989 5098 1053 5133 ’Μ’
1064 5107 1097 5160 et
1111 5098 1192 5177 quod
1209 5100 1361 5178 Rogerus,
1376 5098 1446 5174 OB,
1462 5100 1539 5173 MA,
1555 5099 1631 5177 MB,
1649 5099 1813 5173 cE,·cM;

224 5202 306 5278 quod
322 5200 403 5262 idem
420 5202 573 5281 Rogatus,
589 5201 666 5263 MG.
704 5201 858 5276 '‘eorum,
875 5203 915 5277 V,
932 5202 1010 5275 MG,
1027 5202 1094 5278 OC,
1111 5202 1168 5263 OB
1191 5200 1285 5278 (corr.
1304 5199 1458 5279 illorum).
1498 5199 1630 5263 ⁸³·“aed
1647 5221 1727 5276 cum,
1744 5201 1813 5277 OB,

225 5299 302 5378 MA,
319 5302 396 5375 MB,
412 5303 486 5364 CM.
524 5301 551 5337 ¹¹
563 5303 644 5379 Om,
661 5304 731 5376 OB,
748 5303 824 5379 MA,
841 5304 918 5364 ΜΒ.
956 5301 1148 5376 ²⁸liberavit,
1165 5304 1204 5377 V,
1221 5303 1295 5364 CM.
1335 5301 1464 5379 ²⁹enim,
1482 5303 1550 5377 OC,
1568 5304 1645 5364 MG.
1685 5301 1814 5379 ³⁰enim,

224 5402 294 5478 OB,
309 5404 384 5479 MA,
398 5403 475 5478 MB,
489 5404 570 5476 CM;
583 5424 669 5483 ergo,
683 5404 760 5466 MG.
