4432 6340
627 543 687 604 DE
710 543 1014 617 ADQUIBBNDO
1036 545 1195 608 RERUM
1217 544 1420 606 DOMINIO
1748 552 1821 626 197

231 719 303 793 per
318 695 487 771 medium
504 694 613 793 quasi
629 719 700 793 per
716 694 847 794 plures
863 695 1020 792 gradus.
1042 696 1084 772 Si
1103 705 1233 773 autem
1250 695 1381 772 nullus
1398 696 1554 772 omnino
1573 695 1821 794 provenerit⁸²

229 812 338 890 heres
352 812 511 911 aprimo
524 813 652 910 gradu
663 813 704 888 in
715 813 817 890 linea
829 823 934 891 recta
947 813 1211 903 descendente,
1228 821 1315 906 <et
1328 816 1454 891 frater
1466 824 1672 892 antenatus
1686 815 1822 893 obierit

230 931 271 1005 in
292 929 373 1007 vita
395 930 518 1029 patris
540 931 750 1008 communis
773 932 853 1008 sine
875 932 1025 1020 herede,
1049 933 1110 1009 vel
1133 932 1164 1010 si
1185 931 1393 1008 heredem⁸⁸
1415 933 1592 1010 habuerit
1615 943 1654 1009 et
1677 934 1718 1008 in
1740 934 1823 1009 vita

230 1049 353 1147 patris
368 1047 607 1125 defecerint³⁹
621 1075 752 1127 omnes
766 1052 909 1127 fratres
922 1051 1192 1149 praemortui>
1209 1059 1303 1126 tunc
1318 1051 1389 1128 fiat
1403 1052 1641 1150 computatio
1657 1078 1680 1127 a
1695 1052 1821 1150 primo

229 1167 357 1264 gradu
372 1167 602 1256 immediate,
621 1167 719 1245 sicut
737 1193 761 1243 a
776 1170 969 1246 communi
987 1169 1129 1267 stipite,
1149 1195 1172 1246 a
1190 1179 1303 1268 patre
1320 1168 1409 1245 vel⁴⁰
1427 1179 1551 1246 matre
1568 1169 1821 1246 existentibus

229 1285 271 1361 in
288 1284 437 1375 saisina,
455 1312 576 1385 usque
596 1289 646 1363 ad
664 1288 828 1364 fratrem
846 1288 908 1363 vel
928 1313 1097 1364 sororem
1115 1289 1157 1364 in
1174 1286 1276 1365 linea
1294 1288 1559 1366 transversali:
1581 1289 1646 1387 qui
1666 1288 1821 1387 quidem

229 1428 318 1479 cum
332 1404 509 1481 seisinam
524 1431 633 1481 suam
649 1404 896 1495 obtinuerint,
913 1406 1062 1483 faciunt
1079 1407 1251 1506 stipitem
1265 1405 1331 1483 et⁴²
1347 1406 1489 1483 lineam
1504 1415 1649 1483 rectam
1666 1407 1819 1482 descen-

230 1521 356 1599 dendo
380 1532 570 1621 quantum
593 1524 643 1599 ad
668 1550 756 1600 suos
780 1524 947 1601 heredes.
976 1525 1018 1600 Si
1044 1534 1173 1601 autem
1196 1533 1372 1624 tempore
1398 1525 1600 1601 descensus
1625 1525 1728 1601 filius
1752 1524 1820 1602 et⁴²

228 1639 310 1716 filia
323 1640 534 1718 defecerint
549 1649 588 1718 et
600 1641 757 1720 heredes
771 1642 974 1720 habuerint
989 1653 1096 1720 recta
1108 1643 1211 1719 linea
1225 1643 1501 1733 descendendo,
1517 1643 1686 1720 scilicet⁴⁸
1701 1668 1819 1743 nepo-

229 1771 287 1840 tes
301 1763 362 1839 vel
375 1772 511 1862 neptes
527 1763 587 1839 vel
600 1761 802 1851 ulterius,‘⁴
817 1773 856 1840 et
870 1763 1027 1862 quidam
1042 1763 1253 1840 defecerint
1268 1773 1308 1840 et
1323 1763 1481 1862 quidam
1496 1790 1586 1853 non,
1601 1789 1672 1863 per
1688 1790 1819 1841 omnes

228 1883 375 1980 gradus
393 1893 432 1961 et
451 1909 521 1982 per
540 1909 670 1961 omnes
689 1909 873 1983 personas
892 1910 963 1983 per
982 1910 1077 1983 quas
1096 1885 1154 1961 ius
1175 1885 1411 1960 descendisse
1431 1885 1563 1961 debuit
1584 1887 1614 1962 si
1634 1885 1818 1974 viverent,

228 2004 300 2080 fiat
319 2005 557 2103 computatio
578 2005 779 2081 descensus
800 2014 839 2081 et
859 2005 951 2081 iuris
972 2005 1023 2080 ad
1043 2005 1151 2081 illum
1172 2006 1237 2104 qui
1260 2014 1453 2103 superstes
1474 2005 1559 2083 est⁴⁶
1580 2015 1620 2082 et
1641 2006 1751 2104 petit.
1776 2005 1819 2083 Si

227 2133 360 2202 autem
374 2125 473 2201 tales
489 2123 696 2224 aliquando
711 2125 924 2214 extiterint,
941 2135 980 2202 et
997 2125 1209 2203 defecerint
1227 2126 1383 2202 omnino
1400 2127 1440 2202 in
1457 2126 1528 2202 tali
1546 2127 1648 2202 linea
1666 2127 1818 2203 descen·

228 2245 343 2321 dente
363 2245 404 2321 in
423 2244 503 2321 vita
525 2245 783 2334 antecessoris,
804 2255 898 2322 tunc
919 2245 1009 2344 quia
1028 2246 1088 2321 ius
1109 2247 1316 2323 revertitur
1337 2247 1385 2322 de
1406 2248 1631 2324 necessitate
1652 2248 1703 2324 ad
1725 2247 1818 2324 alios

228 2365 293 2462 qui
313 2373 405 2441 sunt
423 2365 464 2440 in
484 2365 559 2441 alia
577 2364 680 2442 linea
697 2366 956 2455 transversafi,
977 2366 1047 2443 fiat
1068 2367 1306 2466 computatio
1327 2367 1535 2467 parentela
1556 2378 1594 2445 et
1616 2369 1818 2444 descensus

228 2511 252 2562 a
273 2485 399 2584 primo
420 2487 547 2583 gradu
568 2495 607 2563 et
628 2487 821 2563 communi
844 2487 975 2586 stipite
995 2513 1118 2587 usque
1140 2489 1190 2564 ad
1210 2488 1340 2576 talem,
1364 2514 1434 2587 per
1457 2515 1588 2565 omnes
1610 2490 1756 2586 gradus
1778 2498 1819 2566 et

228 2630 411 2704 personas
430 2606 481 2682 ad
499 2632 595 2704 quas
613 2607 673 2682 ius
691 2607 886 2685 descendit
904 2607 999 2684 dum
1018 2609 1201 2698 viverent,
1221 2609 1282 2686 vel
1301 2608 1530 2685 descendere
1549 2609 1682 2686 debuit
1702 2610 1733 2686 si
1753 2637 1817 2685 ex·

228 2734 429 2824 pectarent
451 2727 555 2824 quod
576 2727 733 2803 heredes
755 2737 893 2817 essent,
916 2727 1091 2805 omissis⁴⁸
1114 2729 1187 2806 illis
1211 2728 1386 2806 omnibus
1409 2730 1475 2828 qui
1497 2731 1641 2807 mortui
1664 2741 1755 2808 sunt
1777 2730 1820 2806 in

227 2846 309 2922 vita
323 2846 582 2935 antecessoris,
597 2871 641 2922 ac
656 2848 686 2924 si
701 2872 912 2947 numquam
927 2858 1055 2926 essent
1069 2850 1110 2925 in
1124 2876 1254 2926 rerum
1269 2848 1451 2926 natura.‘'
1468 2850 1526 2927 Et
1543 2852 1574 2927 si
1590 2849 1751 2927 ulterius
1769 2851 1820 2928 ad

228 2965 394 3065 aliquem
412 2965 471 3042 ius
488 2967 737 3057 descenderit,
757 2965 854 3043 fiet⁴⁸
871 2993 941 3066 per
959 2967 1088 3044 omnia
1105 2976 1151 3044 ut
1170 2993 1289 3066 supra
1308 2968 1454 3044 dictum
1472 2977 1531 3045 est
1551 2969 1599 3044 de
1616 2968 1818 3044 heredibus

226 3083 473 3163 inferioribus
498 3093 605 3160 recta
628 3084 729 3160 linea
754 3085 815 3160 vel
841 3085 1088 3163 transversaii
1114 3085 1363 3163 venientibus.
1393 3086 1478 3163 Illis
1506 3096 1637 3164 autem
1663 3087 1818 3163 omnino

228 3202 490 3280 deficientibus
508 3204 558 3280 ad
576 3229 671 3301 quos
689 3204 749 3279 ius
766 3203 989 3280 descendit⁴⁰
1007 3203 1169 3281 inferius
1187 3205 1228 3280 in
1244 3204 1347 3280 linea
1364 3214 1469 3282 recta
1487 3205 1740 3282 descendente
1757 3205 1818 3281 vel

227 3322 487 3410 transversali,
511 3320 705 3420 oportebit
729 3322 776 3399 de
801 3322 1025 3399 necessitate
1050 3323 1153 3421 quod
1178 3323 1236 3399 ius
1262 3323 1511 3422 proprietatis
1537 3323 1743 3401 descendat
1769 3323 1820 3400 ad

226 3446 407 3538 parentes
420 3437 515 3516 seu⁶⁰
527 3449 712 3537 cognatos
725 3440 791 3538 qui
804 3438 1311 3517 suntinlineatransversali
1320 3441 1559 3528 ascendente,
1570 3440 1817 3517 sicutadfra

228 3567 328 3634 trem
344 3557 417 3646 avi,
432 3567 471 3634 et
487 3557 540 3634 sic
554 3558 594 3634 in
608 3558 710 3635 linea
725 3559 979 3635 descendente
994 3584 1065 3658 per
1081 3585 1212 3635 omnes
1226 3559 1383 3637 heredes
1400 3585 1488 3637 suos
1503 3586 1625 3659 usque
1644 3561 1693 3636 ad
1710 3561 1820 3636 illum

227 3677 293 3775 qui
318 3676 434 3776 petit:
461 3685 500 3753 et
527 3676 557 3752 si
583 3701 714 3752 omnes
739 3676 836 3754 tales
862 3675 1086 3766 defecerint,
1113 3687 1206 3754 tunc
1234 3678 1283 3753 ad
1311 3678 1536 3777 superiores,
1564 3679 1740 3756 videlicet
1767 3680 1818 3755 ad

229 3795 392 3871 fratrem
409 3794 544 3892 proavi
560 3803 599 3871 et
614 3819 746 3871 omnes
760 3794 918 3871 heredes
935 3821 1035 3884 suos,
1052 3805 1091 3872 et
1108 3795 1161 3872 sic
1178 3797 1225 3873 de
1241 3797 1367 3893 gradu
1384 3796 1424 3872 in
1440 3797 1607 3894 gradum
1624 3807 1663 3874 et
1680 3797 1818 3874 herede

228 3914 269 3990 in
290 3914 480 4002 heredem,
502 3939 623 4011 usque
645 3913 696 3989 ad
717 3912 827 3990 illum
850 3913 916 4011 qui
939 3913 1048 4012 petit.
1073 3913 1275 3990 Dividitur
1298 3914 1556 4013 quandoque¹¹1
1579 3916 1819 4015 computatio

228 4032 430 4109 descensus
446 4057 519 4131 per
532 4031 663 4130 plures
679 4031 799 4107 lineas
814 4041 853 4108 et
869 4057 941 4130 per
957 4031 1088 4129 plures
1104 4032 1262 4130 gradus,
1279 4040 1441 4131 propter
1457 4033 1643 4109 heredum
1659 4033 1817 4133 plurali·

228 4160 351 4227 tatem
369 4151 434 4249 qui
454 4151 598 4227 cadunt
617 4150 658 4225 in
679 4151 912 4237 descensum,
933 4150 1109 4226 videlicet
1128 4149 1194 4226 ubi
1215 4150 1405 4226 hereditas
1427 4151 1622 4229 descendit
1643 4150 1819 4250 pluribus

228 4269 392 4357 filiabus,
408 4294 573 4368 quarum
588 4293 720 4344 omnes
736 4278 826 4345 sunt
842 4267 1056 4357 coheredes,
1072 4268 1281 4367 participes
1297 4278 1335 4345 et
1352 4293 1522 4368 capaces.
1540 4269 1599 4345 Et
1614 4268 1708 4345 ubi⁶²
1723 4269 1818 4345 divi-

229 4387 336 4463 ditur
358 4387 416 4462 ius
440 4386 690 4485 proprietatis
714 4387 755 4462 in
778 4412 962 4486 personas
986 4387 1130 4486 plures,
1155 4396 1195 4463 et
1219 4389 1334 4486 plura
1357 4387 1498 4486 capita,
1525 4395 1564 4462 et
1589 4388 1819 4486 quandoque

228 4505 258 4580 f.
273 4505 343 4597 68]
398 4503 547 4590 bifarie,
578 4504 756 4593 trifarie,¹
786 4504 1023 4604 quadrifarie
1053 4529 1124 4604 per
1156 4504 1441 4594 subdivisiones,
1473 4506 1683 4583 secundum
1715 4507 1818 4605 quod

227 4625 389 4702 inferius
410 4625 450 4700 in
472 4625 693 4701 narratione
713 4623 806 4701 iuris
828 4649 899 4722 per
920 4624 1035 4700 breve
1057 4624 1106 4699 de
1127 4633 1232 4700 recto
1253 4624 1495 4701 manifestius
1519 4624 1734 4724 apparebit.
1760 4625 1818 4700 Et

227 4742 294 4819 ubi
315 4742 491 4841 quaelibet
511 4768 676 4842 persona
697 4742 791 4818 facit
812 4742 882 4818 sibi
904 4741 1074 4841 stipitem
1095 4742 1136 4819 in
1156 4743 1282 4841 primo
1303 4743 1430 4842 gradu
1451 4752 1490 4820 et
1511 4743 1652 4820 lineam
1673 4753 1818 4821 rectam

228 4959 254 4996 ⁸⁷
266 4965 454 5039 pervenerit,
469 4961 509 5035 V,
525 4961 593 5034 OB,
610 4962 686 5036 MA,
701 4961 777 5036 ΜΒ,
793 4961 871 5036 MG,
887 4961 928 5036 Y,
944 4962 1016 5021 CM.
1055 4959 1082 4993 ⁸⁸
1093 4958 1232 5034 heredes,
1248 4961 1318 5035 OA,
1334 4960 1401 5037 ΟΕ,
1418 4959 1485 5021 OB.
1524 4959 1551 4993 ⁸⁰
1562 4960 1724 5037 defecerit,
1742 4960 1818 5035 MA,

228 5062 304 5137 MB,
321 5062 361 5137 Y,
377 5062 456 5138 MG,
473 5061 546 5122 cM.
585 5060 672 5123 ‘⁰vel
689 5083 718 5136 a,
734 5061 773 5137 V,
790 5061 855 5123 ΟΕ.
894 5061 920 5095 ⁴¹
932 5065 976 5137 in,
993 5061 1060 5136 LA,
1078 5062 1151 5122 MC.
1191 5059 1217 5094 ⁴²
1228 5060 1288 5138 vel,
1305 5063 1345 5137 V,
1363 5063 1431 5139 OB,
1450 5064 1526 5139 MA,
1545 5063 1619 5124 ΜΒ.
1659 5060 1725 5095 “““
1736 5062 1818 5138 Om.,

226 5161 292 5222 LA.
331 5159 358 5195 ⁴⁶
370 5162 451 5236 Om.,
468 5162 537 5237 OB,
554 5162 629 5222 ΜΒ.
668 5161 734 5196 ⁴⁶⁴⁷
746 5163 826 5239 Om.,
843 5162 911 5236 OC,
928 5162 993 5223 LA.
1032 5159 1059 5195 ‘⁸
1071 5163 1151 5238 Om.,
1168 5162 1241 5236 OA;
1261 5162 1326 5238 fiat,
1344 5165 1383 5238 V,
1400 5165 1440 5240 Y,
1459 5164 1533 5225 MA
1573 5163 1817 5241 ⁴⁹succadit,Y,

227 5262 305 5339 MG,
321 5262 391 5338 OB,
408 5263 484 5338 MA,
501 5262 577 5338 MB,
595 5263 667 5325 MC.
707 5261 733 5297 ³⁰
745 5264 804 5340 vel,
821 5264 861 5338 V,
878 5265 918 5338 Y,
935 5266 1004 5340 OB,
1022 5265 1098 5339 MA,
1115 5265 1192 5341 MB,
1209 5266 1286 5342 MG,
1305 5267 1378 5327 CM.
1419 5265 1445 5300 ⁸¹
1458 5265 1635 5345 aliquando,
1653 5267 1722 5344 OB,
1741 5267 1816 5340 MA,

227 5362 309 5436 MB3
324 5369 425 5423 autem
439 5362 616 5442 aliquando,
630 5364 668 5424 V.
704 5362 731 5397 ⁸²
742 5363 796 5441 ibi,
810 5366 849 5438 V,
864 5365 933 5441 OB,
948 5367 1024 5442 MA,
1039 5366 1114 5427 MB.

310 5462 459 5524 ¹trifarie
472 5471 515 5538 et,
529 5462 598 5538 OA,
612 5463 680 5540 LA,
692 5465 760 5540 OC,
774 5466 847 5527 MC.
