4392 6352
375 505 449 574 aas
907 499 1130 563 nuncrou:
1153 501 1213 561 ou
1238 501 1430 564 ancisus

375 655 451 736 tus,
471 647 503 724 si
520 657 737 726 warantum
756 648 861 724 n0n⁸'
881 649 1069 739 habuerit,
1088 648 1189 749 pro⁸⁸
1208 649 1410 727 voluntate
1429 651 1530 749 regis
1551 651 1733 728 iudicium
1753 652 1964 728 sustinebit.

376 763 462 840 Er‘
492 765 524 842 si
551 776 768 844 warantum
797 767 1001 844 habuerit⁴⁰
1031 777 1070 845 et
1098 768 1417 857 warantizaverit,
1448 769 1674 846 liberabitur
1704 778 1743 846 et
1774 771 1966 846 tenebitur

375 894 582 963 warantus.
600 887 642 962 Si
656 896 786 963 autem
798 886 913 963 cum⁴²
926 896 1144 965 warantum
1157 887 1440 965 nominaverit⁴²
1455 887 1690 965 subtraxerit
1704 915 1744 966 se
1758 899 1965 978 warantis,

376 1003 588 1100 exigendus
606 1004 678 1084 erit
697 1013 735 1081 et
753 1007 1000 1104 utlagandus.
1023 1007 1100 1083 Sed
1117 1007 1181 1084 ille
1199 1007 1264 1105 qui
1282 1016 1420 1106 captus
1439 1016 1508 1096 est,
1527 1033 1606 1083 non
1624 1008 1697 1085 erit
1716 1017 1878 1107 propter
1896 1007 1967 1084 hoc

376 1125 626 1202 dimittendus
648 1149 718 1200 nec
737 1124 962 1201 liberabitur
984 1126 1056 1201 nisi
1076 1127 1180 1224 quod
1200 1125 1401 1225 culpabilis
1423 1152 1501 1203 non
1524 1127 1573 1203 sit
1594 1127 1766 1224 posuerit
1789 1152 1829 1204 se
1851 1152 1968 1226 super

376 1243 556 1342 patriam,
573 1251 612 1319 et
628 1243 659 1318 si
675 1245 777 1320 forte
793 1269 881 1320 cum
896 1244 1043 1320 venerit
1059 1244 1107 1321 de
1123 1246 1312 1321 warentia
1328 1243 1361 1321 ei
1378 1244 1574 1334 defecerit,
1593 1246 1688 1322 bene
1705 1246 1849 1345 poterit
1865 1246 1967 1322 inter

376 1385 439 1437 eos
453 1361 503 1435 ad
517 1361 688 1438 duellum
701 1362 904 1461 perveniri.
920 1363 997 1439 Est
1012 1372 1051 1440 et
1065 1362 1171 1438 uliud
1184 1387 1307 1460 genus
1321 1363 1488 1439 criminis
1503 1365 1606 1461 quod
1622 1364 1692 1439 sub
1709 1364 1860 1440 nomine
1877 1364 1966 1441 falsi

375 1479 594 1556 continetur
610 1489 648 1557 et
665 1480 793 1579 tangit
810 1505 992 1557 coronam
1009 1481 1153 1557 domini
1170 1480 1283 1579 reffl's,
1302 1490 1341 1558 et
1359 1481 1538 1558 ultimum
1556 1482 1703 1559 inducit
1722 1483 1965 1581 supplicium,

376 1598 474 1674 sicut
489 1598 536 1674 de
552 1597 625 1676 illis
642 1599 707 1698 qui
723 1599 862 1676 falsam
879 1599 1071 1677 fabricant
1086 1609 1292 1689 monetam,
1309 1601 1430 1698 etqui
1447 1598 1522 1676 de⁴⁸
1540 1625 1617 1676 non
1634 1600 1800 1699 reproba
1817 1601 1966 1677 faciunt

375 1715 591 1815 reprobam,
612 1717 709 1794 sicut
729 1726 820 1794 sunt
840 1726 1055 1794 retonsores
1077 1717 1334 1806 denariorum,
1356 1719 1530 1817 quicum
1552 1719 1691 1795 sintin
1714 1719 1877 1794 seisina⁴⁴
1900 1745 1965 1795 sae·

374 1837 462 1934 pius
480 1862 558 1912 non
577 1836 766 1934 contingit
785 1837 888 1935 ipsos
907 1836 1060 1912 liberari
1080 1863 1150 1935 per
1168 1838 1331 1913 waranti
1351 1837 1600 1914 vocationem.
1624 1837 1755 1913 Socios
1776 1846 1906 1914 autem
1926 1846 1966 1913 et

374 1954 614 2031 coadiutores
639 1964 677 2031 et
702 1954 896 2031 ministros
921 1952 1062 2030 habere
1087 1964 1250 2052 possunt
1275 1955 1315 2030 in
1340 1953 1411 2030 hoc
1435 1981 1563 2054 opere,
1590 1981 1684 2054 quos
1711 1957 1742 2032 si
1769 1956 1967 2055 appellare

374 2071 566 2150 voluerint
584 2074 801 2149 audientur.

474 2196 540 2272 De
554 2195 807 2274 ocndtots’one
822 2196 1001 2275 thesauri.

375 2319 459 2394 Esr
473 2318 575 2394 inter
587 2327 714 2395 cetera
727 2320 856 2418 gravis
871 2321 1122 2420 presumptio
1135 2330 1270 2398 contra
1285 2347 1416 2420 regem
1432 2331 1471 2397 et
1487 2321 1716 2420 dignitatem
1732 2331 1770 2399 et
1785 2345 1967 2398 coronam

376 2461 497 2525 suam,
518 2436 628 2534 quae⁴⁶
649 2438 803 2536 quidem
824 2449 881 2516 est
903 2441 1011 2538 quasi
1032 2439 1176 2515 crimen
1197 2439 1306 2528 funi,
1328 2440 1470 2517 scilicet
1491 2440 1696 2516 ocnrltatio
1717 2438 1887 2516 thesauri
1910 2440 1965 2515 in·

375 2557 480 2632 venti
505 2556 742 2634 fraudulosa.
769 2558 829 2634 Ut
854 2558 885 2635 si
909 2559 993 2656 quis
1019 2567 1219 2635 accusatus
1244 2559 1364 2635 fuerit
1389 2559 1493 2657 quod
1517 2559 1741 2635 thesaurum
1766 2559 1966 2646 invenerit,

374 2677 516 2754 scilicet
533 2686 740 2776 argentum
755 2677 816 2754 vel
835 2703 973 2753 aurum
990 2677 1050 2753 vel
1069 2676 1174 2754 aliud
1191 2702 1314 2776 genus
1331 2677 1489 2766 metalli,
1508 2702 1747 2777 quocumque
1764 2678 1860 2766 loco,
1878 2703 1966 2754 cum

376 2821 494 2895 super
519 2793 589 2871 hoc
616 2796 736 2872 fuerit
763 2797 869 2895 apud
896 2794 1015 2872 bonos
1042 2804 1081 2872 et
1108 2821 1245 2893 graves
1273 2795 1499 2873 diffamatus
1528 2822 1599 2894 per
1626 2797 1805 2895 patriam,
1834 2797 1967 2874 statim

375 2915 405 2992 f.
422 2918 515 3009 120]
571 2914 803 2991 attachietur
826 2915 929 3012 quod
953 2914 1002 2991 sit
1025 2938 1155 2991 coram
1179 2914 1391 2992 iustitiariis
1416 2915 1456 2990 in
1481 2915 1650 2991 adventu
1675 2939 1819 3003 eorum,
1844 2915 1909 2991 ubi
1935 2915 1966 2991 si

375 3033 575 3131 negaverit
589 3033 641 3110 se¹
656 3033 800 3131 aliquid
814 3033 1013 3120 invenisse,
1028 3032 1172 3130 poterit
1185 3033 1327 3109 veritas
1342 3059 1414 3131 per
1428 3033 1596 3132 patriam
1612 3033 1809 3122 declarari,
1826 3043 1967 3110 etcum

282 3219 286 3228 .
375 3153 468 3229 non¹
489 3154 538 3231 sit
558 3154 606 3229 de
626 3152 754 3250 aliquo
776 3151 937 3240 saisitus,
958 3150 1158 3250 poterunt⁸
1178 3160 1310 3229 tamen
1331 3158 1467 3227 contra
1488 3150 1630 3250 ipsum⁴
1652 3177 1732 3228 esse
1755 3176 1965 3251 praesump·

375 3272 498 3350 tiones
521 3270 750 3370 probabiles,
775 3270 912 3368 quibus
935 3270 1117 3347 standum
1141 3269 1213 3346 erit
1238 3270 1357 3346 donec
1381 3296 1453 3368 per
1476 3270 1645 3370 patriam
1668 3269 1856 3369 probetur
1879 3294 1966 3346 con-

376 3392 550 3468 trarium.
574 3392 768 3467 Potenmt
792 3397 922 3465 autem
945 3387 1043 3464 tales
1065 3413 1147 3465 esse
1171 3388 1502 3488 praesumptiones,
1525 3397 1570 3464 ut
1594 3389 1626 3465 si
1650 3389 1762 3466 solito
1786 3388 1903 3466 ditius
1927 3415 1967 3464 se

375 3509 550 3586 habuerit
567 3509 608 3584 in
624 3509 793 3585 vestibus
809 3507 861 3585 et⁶
880 3507 963 3583 aliis
979 3506 1226 3595 ornamentis,
1244 3507 1335 3583 cibis
1354 3516 1392 3583 et
1410 3506 1565 3604 potibus
1583 3505 1636 3584 et⁰
1654 3507 1882 3596 huiusmodi,
1901 3506 1967 3605 qui

376 3656 464 3706 cum
477 3645 595 3729 super
606 3627 677 3703 hoc
690 3627 885 3703 convictus
901 3626 1031 3714 fuerit,
1046 3626 1119 3702 erit
1132 3626 1254 3724 gaolae
1268 3626 1576 3715 committendus,
1591 3634 1631 3703 et
1646 3635 1782 3725 postea
1796 3627 1968 3724 graviter

376 3777 449 3851 pro
466 3750 666 3827 voluntate
683 3747 827 3824 domirii
846 3747 946 3846 regis
964 3747 1219 3823 redimendus.
1239 3747 1298 3822 Et
1316 3772 1395 3822 non
1413 3746 1534 3823 refert
1554 3773 1631 3844 quo
1649 3747 1732 3823 loco
1751 3746 1966 3824 huiusmodi

375 3872 579 3950 thesaurus
597 3870 814 3946 inveniatur
833 3869 1043 3946 secundum
1061 3877 1239 3967 tempora
1257 3868 1453 3956 moderna,
1473 3868 1560 3944 licet
1580 3868 1693 3944 ahter
1711 3869 1783 3943 hoc
1802 3867 1966 3967 antiqui·

376 4002 439 4070 tus
457 3992 576 4068 fuerit
592 3992 848 4068 observatum.
867 3991 943 4066 Est
961 3997 1090 4065 autem
1107 3989 1309 4065 thesmrus
1327 3989 1502 4086 quaedam
1518 3997 1629 4065 vetus
1647 3989 1835 4089 depositio
1853 4013 1966 4087 pecu·

376 4113 448 4188 niae
466 4112 527 4188 vel
547 4113 703 4188 alterius
723 4111 868 4187 metalli
889 4110 996 4185 cuius
1015 4135 1093 4185 non
1113 4109 1235 4186 extat⁷
1255 4110 1371 4185 modo
1390 4110 1584 4198 memoria,
1606 4121 1651 4187 ut
1670 4112 1748 4186 iam
1770 4111 1967 4186 dominum

376 4259 455 4309 non
470 4231 620 4321 habeat,
637 4241 675 4309 et
692 4231 744 4307 sie
761 4231 822 4306 fit⁸
836 4229 916 4307 eius
933 4231 998 4328 qui
1015 4231 1202 4306 invenerit
1218 4238 1263 4305 ut
1280 4255 1359 4306 non
1376 4231 1533 4306 alterius
1550 4231 1610 4306 sit.
1628 4231 1816 4329 Alioquin
1833 4231 1966 4330 quuis

377 4353 521 4458 aliquid
539 4353 636 4428 lucri
654 4377 770 4429 causa
787 4352 849 4428 vel
866 4361 991 4428 metus
1011 4352 1073 4427 vel
1092 4350 1273 4427 custodiae
1291 4351 1547 4427 recondiderit
1567 4351 1638 4427 sub
1657 4362 1774 4441 terra,
1795 4377 1873 4428 non
1894 4352 1967 4427 erit

376 4474 578 4550 thesaurus
602 4473 709 4548 cuius
733 4470 863 4548 etiam⁹
887 4471 1040 4547 furtum
1064 4471 1150 4548 fit.¹⁰
1176 4470 1397 4548 Thesaurus
1422 4471 1568 4547 donum
1593 4472 1761 4548 fortunae
1785 4473 1967 4561 ereditur,

377 4603 416 4671 et
433 4618 546 4669 nemo
564 4617 761 4668 servorum
779 4617 897 4691 opera
914 4590 1138 4669 thesaunrm
1157 4617 1324 4691 quaerere
1344 4591 1456 4668 debet
1475 4618 1544 4668 nec
1563 4604 1727 4692 propter
1744 4594 1968 4671 thesaurum

377 4811 403 4845 ⁸⁷
415 4810 495 4886 Om,
512 4811 581 4887 OB,
598 4812 672 4871 MA.
712 4807 778 4844 ⁸⁸⁴⁰
790 4809 870 4886 Om.,
886 4808 955 4884 OB,
972 4810 1048 4885 MA,
1066 4810 1140 4871 MB.
1180 4808 1298 4887 ⁸⁹Om.,
1317 4811 1383 4884 LA,
1402 4811 1442 4885 Y,
1460 4812 1532 4872 MC.
1573 4810 1599 4844 ⁴²
1611 4812 1692 4886 Om.,
1709 4813 1778 4887 OB,
1797 4813 1872 4887 MA,
1892 4810 1994 4902 MB,'„

377 4913 443 4975 ΟΕ.
482 4911 507 4946 ⁴²
519 4916 724 4973 nominaverit
739 4919 780 4985 et,
797 4912 866 4987 OB,
882 4912 958 4986 MA,
975 4911 1056 4983 MB;
1073 4931 1153 4972 nom
1170 4915 1233 4989 qui,
1250 4911 1315 4972 ΟΕ.
1354 4910 1431 4973 ⁴³de
1448 4932 1493 4984 re,
1510 4914 1548 4974 V.
1588 4912 1615 4946 ⁴⁴
1625 4917 1779 4990 saisinam,
1797 4915 1875 4990 MG,
1894 4915 1967 4975 ΟΜ.

377 5012 403 5048 “
415 5013 507 5092 quod,
524 5014 593 5088 OB,
611 5013 688 5086 MA,
706 5013 780 5072 ΜΒ.

460 5112 565 5189 ¹Om.,
585 5112 654 5189 OB,
676 5113 751 5187 MA,
773 5112 847 5174 ΜΒ.
891 5110 997 5187 ¹0m.,
1018 5112 1095 5188 MA,
1116 5113 1191 5174 ΜΒ.
1234 5111 1386 5191 'poterit
1407 5115 1446 5190 V,
1468 5115 1534 5176 OC.
1577 5113 1680 5192 ⁴«rum,
1701 5118 1770 5191 OB,
1793 5116 1869 5191 MA,
1892 5120 1968 5194 MB,

379 5214 444 5276 ΟΕ.
491 5213 547 5276 'et
571 5219 614 5287 in,
638 5215 677 5290 V,
702 5215 771 5290 OB,
797 5216 871 5274 ΜΑ.
919 5211 974 5274 “et
999 5213 1079 5290 aliis,
1105 5215 1172 5288 LA,
1199 5215 1238 5289 Y,
1264 5215 1336 5275 MC.
1385 5213 1532 5293 'existat
1559 5207 1638 5292 MA,
1661 5218 1733 5290 CE;
1760 5223 1875 5292 extitit,
1900 5219 1966 5281 OC.

377 5314 472 5388 ⁸erit,
490 5314 560 5388 OB,
577 5315 653 5390 MA,
671 5315 753 5388 MB;
771 5335 841 5390 om,
859 5315 931 5387 LA,
950 5313 990 5376 de
1008 5317 1074 5375 iure
1092 5314 1229 5377 naturali
1248 5315 1294 5392 lit,
1314 5317 1358 5390 V;
1378 5321 1430 5392 sit,
1449 5316 1516 5392 CB,
1536 5319 1608 5379 CM.
1650 5317 1787 5394 ’cutm
1807 5320 1881 5398 MC,
1901 5322 1967 5384 LA.

378 5416 404 5451 ²⁰
415 5421 466 5492 sit,
482 5416 549 5490 ΟΕ,
564 5416 637 5478 ΟΜ.
