<?xml version="1.0" encoding="UTF-8"?>
<!DOCTYPE html PUBLIC "-//W3C//DTD XHTML 1.0 Transitional//EN"
    "http://www.w3.org/TR/xhtml1/DTD/xhtml1-transitional.dtd">
<html xmlns="http://www.w3.org/1999/xhtml" xml:lang="en" lang="en">
 <head>
  <title>
</title>
<meta http-equiv="Content-Type" content="text/html;charset=utf-8" />
  <meta name='ocr-system' content='tesseract 3.04.00' />
  <meta name='ocr-capabilities' content='ocr_page ocr_carea ocr_par ocr_line ocrx_word'/>
</head>
<body>
  <div class='ocr_page' id='page_1' title='image "./bractondelegibu01histgoog_0077.png"; bbox 0 0 4394 6342; ppageno 0'>
   <div class='ocr_carea' id='block_1_1' title="bbox 631 501 1824 576">
    <p class='ocr_par' dir='ltr' id='par_1_1' title="bbox 631 501 1824 576">
     <span class='ocr_line' id='line_1_1' title="bbox 631 501 1824 576; baseline -0.001 -12"><span class='ocrx_word' id='word_1_1' title='bbox 631 503 692 564; x_wconf 88' lang='lat' dir='ltr'>DE</span> <span class='ocrx_word' id='word_1_2' title='bbox 716 501 1017 576; x_wconf 82' lang='lat' dir='ltr'>ADQUIRENDO</span> <span class='ocrx_word' id='word_1_3' title='bbox 1041 502 1198 563; x_wconf 85' lang='lat' dir='ltr'>RERUM</span> <span class='ocrx_word' id='word_1_4' title='bbox 1221 501 1424 563; x_wconf 89' lang='lat' dir='ltr'>DOMINIO</span> <span class='ocrx_word' id='word_1_5' title='bbox 1775 507 1824 574; x_wconf 78' lang='grc'>59</span> 
     </span>
    </p>
   </div>
   <div class='ocr_carea' id='block_1_2' title="bbox 234 650 1824 754">
    <p class='ocr_par' dir='ltr' id='par_1_2' title="bbox 234 650 1824 754">
     <span class='ocr_line' id='line_1_2' title="bbox 234 650 1824 754; baseline -0.003 -22"><span class='ocrx_word' id='word_1_6' title='bbox 234 656 335 754; x_wconf 87' lang='lat' dir='ltr'>regis</span> <span class='ocrx_word' id='word_1_7' title='bbox 349 653 560 754; x_wconf 88' lang='lat' dir='ltr'>respiciunt</span> <span class='ocrx_word' id='word_1_8' title='bbox 574 665 613 733; x_wconf 91' lang='lat' dir='ltr'>et</span> <span class='ocrx_word' id='word_1_9' title='bbox 628 656 679 732; x_wconf 86' lang='lat' dir='ltr'>ad</span> <span class='ocrx_word' id='word_1_10' title='bbox 694 653 859 753; x_wconf 78' lang='lat' dir='ltr'><strong>aliquem</strong></span> <span class='ocrx_word' id='word_1_11' title='bbox 874 653 1079 730; x_wconf 79' lang='lat' dir='ltr'>transferri</span> <span class='ocrx_word' id='word_1_12' title='bbox 1095 679 1174 730; x_wconf 93' lang='lat' dir='ltr'>non</span> <span class='ocrx_word' id='word_1_13' title='bbox 1189 651 1415 753; x_wconf 86' lang='lat' dir='ltr'>poterunt,⁸⁰</span> <span class='ocrx_word' id='word_1_14' title='bbox 1431 652 1504 729; x_wconf 88' lang='lat' dir='ltr'>nisi</span> <span class='ocrx_word' id='word_1_15' title='bbox 1520 650 1645 729; x_wconf 80' lang='lat' dir='ltr'>sicut³²</span> <span class='ocrx_word' id='word_1_16' title='bbox 1661 651 1824 728; x_wconf 84' lang='lat' dir='ltr'>iustitia·</span> 
     </span>
    </p>
   </div>
   <div class='ocr_carea' id='block_1_3' title="bbox 233 771 1828 5028">
    <p class='ocr_par' dir='ltr' id='par_1_3' title="bbox 233 771 1826 1482">
     <span class='ocr_line' id='line_1_3' title="bbox 234 771 1825 876; baseline -0.004 -22"><span class='ocrx_word' id='word_1_17' title='bbox 234 777 299 854; x_wconf 87' lang='lat' dir='ltr'>riis</span> <span class='ocrx_word' id='word_1_18' title='bbox 323 774 467 853; x_wconf 91' lang='lat' dir='ltr'>domini</span> <span class='ocrx_word' id='word_1_19' title='bbox 489 773 633 873; x_wconf 82' lang='lat' dir='ltr'>regis,³²</span> <span class='ocrx_word' id='word_1_20' title='bbox 657 776 755 853; x_wconf 92' lang='lat' dir='ltr'>sicut</span> <span class='ocrx_word' id='word_1_21' title='bbox 778 775 881 853; x_wconf 92' lang='lat' dir='ltr'>visus</span> <span class='ocrx_word' id='word_1_22' title='bbox 906 776 1031 851; x_wconf 85' lang='lat' dir='ltr'>franci</span> <span class='ocrx_word' id='word_1_23' title='bbox 1055 775 1186 876; x_wconf 82' lang='lat' dir='ltr'><strong>plegii,</strong></span> <span class='ocrx_word' id='word_1_24' title='bbox 1211 772 1425 874; x_wconf 82' lang='lat' dir='ltr'>placitum³⁸</span> <span class='ocrx_word' id='word_1_25' title='bbox 1449 774 1498 850; x_wconf 89' lang='lat' dir='ltr'>de</span> <span class='ocrx_word' id='word_1_26' title='bbox 1521 773 1642 850; x_wconf 86' lang='lat' dir='ltr'>vetito</span> <span class='ocrx_word' id='word_1_27' title='bbox 1666 771 1825 861; x_wconf 87' lang='lat' dir='ltr'>namii,⁸⁴</span> 
     </span>
     <span class='ocr_line' id='line_1_4' title="bbox 233 893 1825 995; baseline -0.003 -20"><span class='ocrx_word' id='word_1_28' title='bbox 233 898 450 975; x_wconf 79' lang='lat' dir='ltr'><strong>emendatio</strong></span> <span class='ocrx_word' id='word_1_29' title='bbox 466 896 780 995; x_wconf 83' lang='lat' dir='ltr'>transgressionis</span> <span class='ocrx_word' id='word_1_30' title='bbox 798 897 1014 987; x_wconf 88' lang='lat' dir='ltr'>assisarum,</span> <span class='ocrx_word' id='word_1_31' title='bbox 1032 895 1214 973; x_wconf 87' lang='lat' dir='ltr'>iudicium</span> <span class='ocrx_word' id='word_1_32' title='bbox 1230 897 1438 986; x_wconf 89' lang='lat' dir='ltr'>latronum,</span> <span class='ocrx_word' id='word_1_33' title='bbox 1457 893 1582 973; x_wconf 79' lang='lat' dir='ltr'>sicut³⁶</span> <span class='ocrx_word' id='word_1_34' title='bbox 1602 897 1650 972; x_wconf 87' lang='lat' dir='ltr'>de</span> <span class='ocrx_word' id='word_1_35' title='bbox 1667 895 1741 972; x_wconf 85' lang='lat' dir='ltr'>illis</span> <span class='ocrx_word' id='word_1_36' title='bbox 1759 895 1825 995; x_wconf 91' lang='lat' dir='ltr'>qui</span> 
     </span>
     <span class='ocr_line' id='line_1_5' title="bbox 233 1018 1826 1117; baseline -0.003 -22"><span class='ocrx_word' id='word_1_37' title='bbox 233 1019 376 1097; x_wconf 86' lang='lat' dir='ltr'>habent</span> <span class='ocrx_word' id='word_1_38' title='bbox 397 1019 489 1096; x_wconf 81' lang='lat' dir='ltr'>solre</span> <span class='ocrx_word' id='word_1_39' title='bbox 509 1027 548 1096; x_wconf 87' lang='lat' dir='ltr'>et</span> <span class='ocrx_word' id='word_1_40' title='bbox 569 1018 660 1096; x_wconf 86' lang='lat' dir='ltr'>sake</span> <span class='ocrx_word' id='word_1_41' title='bbox 681 1028 721 1095; x_wconf 91' lang='lat' dir='ltr'>et</span> <span class='ocrx_word' id='word_1_42' title='bbox 740 1018 957 1095; x_wconf 92' lang='lat' dir='ltr'>huiusmodi</span> <span class='ocrx_word' id='word_1_43' title='bbox 979 1043 1063 1117; x_wconf 87' lang='lat' dir='ltr'>quae</span> <span class='ocrx_word' id='word_1_44' title='bbox 1083 1019 1214 1094; x_wconf 89' lang='lat' dir='ltr'>omnia</span> <span class='ocrx_word' id='word_1_45' title='bbox 1235 1019 1430 1117; x_wconf 81' lang='lat' dir='ltr'>pertinent</span> <span class='ocrx_word' id='word_1_46' title='bbox 1452 1019 1503 1094; x_wconf 90' lang='lat' dir='ltr'>ad</span> <span class='ocrx_word' id='word_1_47' title='bbox 1524 1042 1671 1117; x_wconf 87' lang='lat' dir='ltr'>pacem,</span> <span class='ocrx_word' id='word_1_48' title='bbox 1693 1026 1733 1095; x_wconf 91' lang='lat' dir='ltr'>et</span> <span class='ocrx_word' id='word_1_49' title='bbox 1755 1041 1826 1116; x_wconf 92' lang='lat' dir='ltr'>per</span> 
     </span>
     <span class='ocr_line' id='line_1_6' title="bbox 234 1139 1826 1240; baseline -0.002 -22"><span class='ocrx_word' id='word_1_50' title='bbox 234 1167 468 1240; x_wconf 85' lang='lat' dir='ltr'>consequens</span> <span class='ocrx_word' id='word_1_51' title='bbox 496 1141 546 1217; x_wconf 87' lang='lat' dir='ltr'>ad</span> <span class='ocrx_word' id='word_1_52' title='bbox 572 1165 764 1218; x_wconf 91' lang='lat' dir='ltr'>coronam.</span> <span class='ocrx_word' id='word_1_53' title='bbox 793 1141 897 1217; x_wconf 89' lang='lat' dir='ltr'>Item</span> <span class='ocrx_word' id='word_1_54' title='bbox 923 1140 998 1217; x_wconf 92' lang='lat' dir='ltr'>dici</span> <span class='ocrx_word' id='word_1_55' title='bbox 1024 1141 1169 1239; x_wconf 90' lang='lat' dir='ltr'>poterit</span> <span class='ocrx_word' id='word_1_56' title='bbox 1196 1140 1304 1239; x_wconf 86' lang='lat' dir='ltr'>quasi</span> <span class='ocrx_word' id='word_1_57' title='bbox 1332 1165 1394 1216; x_wconf 88' lang='lat' dir='ltr'>res</span> <span class='ocrx_word' id='word_1_58' title='bbox 1421 1163 1548 1228; x_wconf 77' lang='lat' dir='ltr'>sacrae,</span> <span class='ocrx_word' id='word_1_59' title='bbox 1575 1164 1636 1216; x_wconf 91' lang='lat' dir='ltr'>res</span> <span class='ocrx_word' id='word_1_60' title='bbox 1664 1139 1758 1216; x_wconf 88' lang='lat' dir='ltr'>data</span> <span class='ocrx_word' id='word_1_61' title='bbox 1785 1139 1826 1215; x_wconf 93' lang='lat' dir='ltr'>in</span> 
     </span>
     <span class='ocr_line' id='line_1_7' title="bbox 233 1259 1826 1359; baseline 0 -22"><span class='ocrx_word' id='word_1_62' title='bbox 233 1261 393 1340; x_wconf 87' lang='lat' dir='ltr'>liberam</span> <span class='ocrx_word' id='word_1_63' title='bbox 411 1261 667 1338; x_wconf 88' lang='lat' dir='ltr'>elemosinam.</span> <span class='ocrx_word' id='word_1_64' title='bbox 688 1262 766 1339; x_wconf 87' lang='lat' dir='ltr'>Est</span> <span class='ocrx_word' id='word_1_65' title='bbox 783 1261 885 1338; x_wconf 91' lang='lat' dir='ltr'>enim</span> <span class='ocrx_word' id='word_1_66' title='bbox 902 1262 1023 1338; x_wconf 90' lang='lat' dir='ltr'>libera</span> <span class='ocrx_word' id='word_1_67' title='bbox 1041 1259 1246 1338; x_wconf 87' lang='lat' dir='ltr'>elemosina</span> <span class='ocrx_word' id='word_1_68' title='bbox 1265 1272 1304 1339; x_wconf 88' lang='lat' dir='ltr'>et</span> <span class='ocrx_word' id='word_1_69' title='bbox 1322 1261 1445 1359; x_wconf 89' lang='lat' dir='ltr'>magis</span> <span class='ocrx_word' id='word_1_70' title='bbox 1464 1261 1595 1352; x_wconf 81' lang='lat' dir='ltr'>libem,</span> <span class='ocrx_word' id='word_1_71' title='bbox 1616 1262 1826 1338; x_wconf 84' lang='lat' dir='ltr'>secundum</span> 
     </span>
     <span class='ocr_line' id='line_1_8' title="bbox 235 1383 1014 1482; baseline 0.001 -23"><span class='ocrx_word' id='word_1_72' title='bbox 235 1385 338 1482; x_wconf 91' lang='lat' dir='ltr'>quod</span> <span class='ocrx_word' id='word_1_73' title='bbox 354 1383 515 1460; x_wconf 91' lang='lat' dir='ltr'>inveniri</span> <span class='ocrx_word' id='word_1_74' title='bbox 532 1383 676 1482; x_wconf 86' lang='lat' dir='ltr'>poterit</span> <span class='ocrx_word' id='word_1_75' title='bbox 691 1384 797 1460; x_wconf 89' lang='lat' dir='ltr'>infra</span> <span class='ocrx_word' id='word_1_76' title='bbox 813 1385 860 1460; x_wconf 90' lang='lat' dir='ltr'>de</span> <span class='ocrx_word' id='word_1_77' title='bbox 877 1383 1014 1460; x_wconf 89' lang='lat' dir='ltr'>assisis.</span> 
     </span>
    </p>

    <p class='ocr_par' dir='ltr' id='par_1_4' title="bbox 234 1507 1828 4140">
     <span class='ocr_line' id='line_1_9' title="bbox 336 1507 1255 1606; baseline 0.003 -24"><span class='ocrx_word' id='word_1_78' title='bbox 336 1507 436 1601; x_wconf 68' lang='lat' dir='ltr'>Quae</span> <span class='ocrx_word' id='word_1_79' title='bbox 451 1507 659 1605; x_wconf 72' lang='lat' dir='ltr'>eaiyaotar</span> <span class='ocrx_word' id='word_1_80' title='bbox 673 1508 725 1584; x_wconf 85' lang='lat' dir='ltr'>ad</span> <span class='ocrx_word' id='word_1_81' title='bbox 740 1507 810 1585; x_wconf 82' lang='lat' dir='ltr'>boc</span> <span class='ocrx_word' id='word_1_82' title='bbox 824 1508 930 1606; x_wconf 82' lang='lat' dir='ltr'>qaod</span> <span class='ocrx_word' id='word_1_83' title='bbox 944 1507 1071 1585; x_wconf 83' lang='lat' dir='ltr'>ualeat</span> <span class='ocrx_word' id='word_1_84' title='bbox 1086 1508 1255 1586; x_wconf 76' lang='lat' dir='ltr'>donatio.</span> 
     </span>
     <span class='ocr_line' id='line_1_10' title="bbox 235 1630 1826 1732; baseline 0.002 -26"><span class='ocrx_word' id='word_1_85' title='bbox 235 1630 499 1706; x_wconf 77' lang='lat' dir='ltr'>anunum⁸⁶</span> <span class='ocrx_word' id='word_1_86' title='bbox 522 1640 580 1708; x_wconf 90' lang='lat' dir='ltr'>est</span> <span class='ocrx_word' id='word_1_87' title='bbox 604 1632 721 1709; x_wconf 90' lang='lat' dir='ltr'>etiam</span> <span class='ocrx_word' id='word_1_88' title='bbox 744 1657 828 1731; x_wconf 82' lang='lat' dir='ltr'>quae</span> <span class='ocrx_word' id='word_1_89' title='bbox 850 1631 1086 1729; x_wconf 78' lang='lat' dir='ltr'>exigantur⁸&#39;</span> <span class='ocrx_word' id='word_1_90' title='bbox 1111 1633 1255 1709; x_wconf 90' lang='lat' dir='ltr'>adhoc</span> <span class='ocrx_word' id='word_1_91' title='bbox 1279 1635 1382 1732; x_wconf 91' lang='lat' dir='ltr'>quod</span> <span class='ocrx_word' id='word_1_92' title='bbox 1406 1633 1533 1710; x_wconf 87' lang='lat' dir='ltr'>valeat</span> <span class='ocrx_word' id='word_1_93' title='bbox 1558 1633 1715 1711; x_wconf 88' lang='lat' dir='ltr'>donatio</span> <span class='ocrx_word' id='word_1_94' title='bbox 1739 1657 1826 1709; x_wconf 91' lang='lat' dir='ltr'>cum</span> 
     </span>
     <span class='ocr_line' id='line_1_11' title="bbox 235 1753 1826 1854; baseline 0.001 -24"><span class='ocrx_word' id='word_1_95' title='bbox 235 1755 264 1831; x_wconf 85' lang='lat' dir='ltr'>f.</span> <span class='ocrx_word' id='word_1_96' title='bbox 281 1754 375 1848; x_wconf 77' lang='lat' dir='ltr'>llb]</span> <span class='ocrx_word' id='word_1_97' title='bbox 430 1754 586 1843; x_wconf 87' lang='lat' dir='ltr'>effectu,</span> <span class='ocrx_word' id='word_1_98' title='bbox 605 1753 695 1852; x_wconf 90' lang='lat' dir='ltr'>quia</span> <span class='ocrx_word' id='word_1_99' title='bbox 712 1762 867 1853; x_wconf 86' lang='lat' dir='ltr'>oportet</span> <span class='ocrx_word' id='word_1_100' title='bbox 885 1755 989 1852; x_wconf 93' lang='lat' dir='ltr'>quod</span> <span class='ocrx_word' id='word_1_101' title='bbox 1007 1755 1056 1832; x_wconf 90' lang='lat' dir='ltr'>sit</span> <span class='ocrx_word' id='word_1_102' title='bbox 1074 1780 1181 1830; x_wconf 90' lang='lat' dir='ltr'>mera</span> <span class='ocrx_word' id='word_1_103' title='bbox 1200 1765 1238 1832; x_wconf 92' lang='lat' dir='ltr'>et</span> <span class='ocrx_word' id='word_1_104' title='bbox 1257 1781 1369 1854; x_wconf 90' lang='lat' dir='ltr'>pura,</span> <span class='ocrx_word' id='word_1_105' title='bbox 1388 1754 1508 1831; x_wconf 90' lang='lat' dir='ltr'>libera</span> <span class='ocrx_word' id='word_1_106' title='bbox 1526 1764 1565 1832; x_wconf 90' lang='lat' dir='ltr'>et</span> <span class='ocrx_word' id='word_1_107' title='bbox 1583 1781 1663 1831; x_wconf 93' lang='lat' dir='ltr'>non</span> <span class='ocrx_word' id='word_1_108' title='bbox 1681 1762 1826 1844; x_wconf 87' lang='lat' dir='ltr'>coacta,</span> 
     </span>
     <span class='ocr_line' id='line_1_12' title="bbox 234 1876 1827 1977; baseline 0.001 -25"><span class='ocrx_word' id='word_1_109' title='bbox 234 1901 304 1952; x_wconf 86' lang='lat' dir='ltr'>nec</span> <span class='ocrx_word' id='word_1_110' title='bbox 321 1902 392 1977; x_wconf 93' lang='lat' dir='ltr'>per</span> <span class='ocrx_word' id='word_1_111' title='bbox 407 1887 554 1954; x_wconf 91' lang='lat' dir='ltr'>metum</span> <span class='ocrx_word' id='word_1_112' title='bbox 571 1902 641 1951; x_wconf 92' lang='lat' dir='ltr'>nec</span> <span class='ocrx_word' id='word_1_113' title='bbox 658 1903 730 1977; x_wconf 92' lang='lat' dir='ltr'>per</span> <span class='ocrx_word' id='word_1_114' title='bbox 746 1877 824 1953; x_wconf 93' lang='lat' dir='ltr'>vim</span> <span class='ocrx_word' id='word_1_115' title='bbox 842 1886 1006 1954; x_wconf 89' lang='lat' dir='ltr'>extorta.</span> <span class='ocrx_word' id='word_1_116' title='bbox 1027 1877 1130 1953; x_wconf 89' lang='lat' dir='ltr'>Item</span> <span class='ocrx_word' id='word_1_117' title='bbox 1149 1877 1252 1975; x_wconf 94' lang='lat' dir='ltr'>quod</span> <span class='ocrx_word' id='word_1_118' title='bbox 1271 1877 1435 1977; x_wconf 84' lang='lat' dir='ltr'>pecunia</span> <span class='ocrx_word' id='word_1_119' title='bbox 1452 1876 1513 1953; x_wconf 90' lang='lat' dir='ltr'>vel</span> <span class='ocrx_word' id='word_1_120' title='bbox 1532 1878 1729 1953; x_wconf 89' lang='lat' dir='ltr'>servitium</span> <span class='ocrx_word' id='word_1_121' title='bbox 1747 1902 1827 1953; x_wconf 93' lang='lat' dir='ltr'>non</span> 
     </span>
     <span class='ocr_line' id='line_1_13' title="bbox 235 1998 1827 2098; baseline 0.001 -24"><span class='ocrx_word' id='word_1_122' title='bbox 235 1999 477 2089; x_wconf 87' lang='lat' dir='ltr'>interveniat,</span> <span class='ocrx_word' id='word_1_123' title='bbox 499 2023 547 2074; x_wconf 90' lang='lat' dir='ltr'>ne</span> <span class='ocrx_word' id='word_1_124' title='bbox 569 1999 683 2076; x_wconf 88' lang='lat' dir='ltr'>cadat</span> <span class='ocrx_word' id='word_1_125' title='bbox 704 1998 744 2074; x_wconf 90' lang='lat' dir='ltr'>in</span> <span class='ocrx_word' id='word_1_126' title='bbox 766 2024 921 2075; x_wconf 88' lang='lat' dir='ltr'>causam</span> <span class='ocrx_word' id='word_1_127' title='bbox 943 1999 1147 2097; x_wconf 90' lang='lat' dir='ltr'>emptionis</span> <span class='ocrx_word' id='word_1_128' title='bbox 1169 2008 1208 2076; x_wconf 91' lang='lat' dir='ltr'>et</span> <span class='ocrx_word' id='word_1_129' title='bbox 1231 1998 1471 2089; x_wconf 89' lang='lat' dir='ltr'>venditionis,</span> <span class='ocrx_word' id='word_1_130' title='bbox 1496 2001 1586 2098; x_wconf 91' lang='lat' dir='ltr'>quia</span> <span class='ocrx_word' id='word_1_131' title='bbox 1608 2000 1640 2076; x_wconf 93' lang='lat' dir='ltr'>si</span> <span class='ocrx_word' id='word_1_132' title='bbox 1663 1999 1827 2098; x_wconf 90' lang='lat' dir='ltr'>pecunia</span> 
     </span>
     <span class='ocr_line' id='line_1_14' title="bbox 235 2119 1825 2219; baseline 0.001 -22"><span class='ocrx_word' id='word_1_133' title='bbox 235 2122 484 2198; x_wconf 88' lang='lat' dir='ltr'>intervenerit</span> <span class='ocrx_word' id='word_1_134' title='bbox 497 2119 550 2196; x_wconf 93' lang='lat' dir='ltr'>ibi</span> <span class='ocrx_word' id='word_1_135' title='bbox 564 2122 637 2198; x_wconf 88' lang='lat' dir='ltr'>erit</span> <span class='ocrx_word' id='word_1_136' title='bbox 653 2119 809 2219; x_wconf 85' lang='lat' dir='ltr'>emptio,</span> <span class='ocrx_word' id='word_1_137' title='bbox 826 2122 857 2196; x_wconf 91' lang='lat' dir='ltr'>si</span> <span class='ocrx_word' id='word_1_138' title='bbox 872 2130 1002 2197; x_wconf 87' lang='lat' dir='ltr'>autem</span> <span class='ocrx_word' id='word_1_139' title='bbox 1017 2120 1226 2210; x_wconf 89' lang='lat' dir='ltr'>servitium,</span> <span class='ocrx_word' id='word_1_140' title='bbox 1242 2120 1293 2197; x_wconf 93' lang='lat' dir='ltr'>ibi</span> <span class='ocrx_word' id='word_1_141' title='bbox 1309 2121 1381 2198; x_wconf 88' lang='lat' dir='ltr'>erit</span> <span class='ocrx_word' id='word_1_142' title='bbox 1397 2121 1541 2198; x_wconf 87' lang='lat' dir='ltr'>servitii</span> <span class='ocrx_word' id='word_1_143' title='bbox 1556 2121 1825 2199; x_wconf 88' lang='lat' dir='ltr'>remuneratio.</span> 
     </span>
     <span class='ocr_line' id='line_1_15' title="bbox 235 2240 1826 2341; baseline 0.001 -23"><span class='ocrx_word' id='word_1_144' title='bbox 235 2243 304 2319; x_wconf 94' lang='lat' dir='ltr'>Ad</span> <span class='ocrx_word' id='word_1_145' title='bbox 320 2242 390 2318; x_wconf 94' lang='lat' dir='ltr'>hoc</span> <span class='ocrx_word' id='word_1_146' title='bbox 407 2240 565 2319; x_wconf 80' lang='lat' dir='ltr'>autem⁸⁸</span> <span class='ocrx_word' id='word_1_147' title='bbox 583 2242 686 2341; x_wconf 90' lang='lat' dir='ltr'>quod</span> <span class='ocrx_word' id='word_1_148' title='bbox 703 2241 831 2319; x_wconf 86' lang='lat' dir='ltr'>valeat</span> <span class='ocrx_word' id='word_1_149' title='bbox 848 2242 1016 2331; x_wconf 90' lang='lat' dir='ltr'>donatio,</span> <span class='ocrx_word' id='word_1_150' title='bbox 1034 2251 1190 2341; x_wconf 87' lang='lat' dir='ltr'>oportet</span> <span class='ocrx_word' id='word_1_151' title='bbox 1208 2243 1434 2319; x_wconf 90' lang='lat' dir='ltr'>donatorem</span> <span class='ocrx_word' id='word_1_152' title='bbox 1452 2269 1533 2320; x_wconf 88' lang='lat' dir='ltr'>esse</span> <span class='ocrx_word' id='word_1_153' title='bbox 1550 2243 1674 2341; x_wconf 88' lang='lat' dir='ltr'>plenae</span> <span class='ocrx_word' id='word_1_154' title='bbox 1691 2242 1826 2332; x_wconf 78' lang='lat' dir='ltr'>aetatis,</span> 
     </span>
     <span class='ocr_line' id='line_1_16' title="bbox 235 2364 1826 2463; baseline 0.001 -23"><span class='ocrx_word' id='word_1_155' title='bbox 235 2364 326 2462; x_wconf 84' lang='lat' dir='ltr'>quia</span> <span class='ocrx_word' id='word_1_156' title='bbox 342 2365 373 2440; x_wconf 91' lang='lat' dir='ltr'>si</span> <span class='ocrx_word' id='word_1_157' title='bbox 389 2365 515 2441; x_wconf 91' lang='lat' dir='ltr'>minor</span> <span class='ocrx_word' id='word_1_158' title='bbox 531 2364 778 2442; x_wconf 91' lang='lat' dir='ltr'>donationem</span> <span class='ocrx_word' id='word_1_159' title='bbox 794 2364 929 2440; x_wconf 87' lang='lat' dir='ltr'>fecerit</span> <span class='ocrx_word' id='word_1_160' title='bbox 945 2389 1024 2439; x_wconf 93' lang='lat' dir='ltr'>non</span> <span class='ocrx_word' id='word_1_161' title='bbox 1040 2365 1194 2454; x_wconf 91' lang='lat' dir='ltr'>valebit,</span> <span class='ocrx_word' id='word_1_162' title='bbox 1212 2365 1304 2462; x_wconf 86' lang='lat' dir='ltr'>quia</span> <span class='ocrx_word' id='word_1_163' title='bbox 1319 2364 1360 2441; x_wconf 90' lang='lat' dir='ltr'>in</span> <span class='ocrx_word' id='word_1_164' title='bbox 1377 2365 1572 2463; x_wconf 87' lang='lat' dir='ltr'>integrum</span> <span class='ocrx_word' id='word_1_165' title='bbox 1588 2364 1826 2454; x_wconf 86' lang='lat' dir='ltr'>restituetur,</span> 
     </span>
     <span class='ocr_line' id='line_1_17' title="bbox 235 2485 1827 2587; baseline -0.002 -22"><span class='ocrx_word' id='word_1_166' title='bbox 235 2488 267 2565; x_wconf 90' lang='lat' dir='ltr'>si</span> <span class='ocrx_word' id='word_1_167' title='bbox 281 2487 457 2577; x_wconf 90' lang='lat' dir='ltr'>voluerit,</span> <span class='ocrx_word' id='word_1_168' title='bbox 473 2511 561 2562; x_wconf 92' lang='lat' dir='ltr'>cum</span> <span class='ocrx_word' id='word_1_169' title='bbox 575 2487 794 2585; x_wconf 91' lang='lat' dir='ltr'>pervenerit</span> <span class='ocrx_word' id='word_1_170' title='bbox 808 2487 859 2562; x_wconf 90' lang='lat' dir='ltr'>ad</span> <span class='ocrx_word' id='word_1_171' title='bbox 873 2495 1036 2562; x_wconf 87' lang='lat' dir='ltr'>aetatem.</span> <span class='ocrx_word' id='word_1_172' title='bbox 1055 2488 1159 2563; x_wconf 91' lang='lat' dir='ltr'>Item</span> <span class='ocrx_word' id='word_1_173' title='bbox 1175 2485 1306 2586; x_wconf 81' lang='lat' dir='ltr'>qu0d⁸⁹</span> <span class='ocrx_word' id='word_1_174' title='bbox 1322 2512 1392 2564; x_wconf 90' lang='lat' dir='ltr'>suo</span> <span class='ocrx_word' id='word_1_175' title='bbox 1407 2487 1561 2563; x_wconf 90' lang='lat' dir='ltr'>nomine</span> <span class='ocrx_word' id='word_1_176' title='bbox 1577 2487 1772 2587; x_wconf 89' lang='lat' dir='ltr'>possideat</span> <span class='ocrx_word' id='word_1_177' title='bbox 1788 2494 1827 2565; x_wconf 92' lang='lat' dir='ltr'>et</span> 
     </span>
     <span class='ocr_line' id='line_1_18' title="bbox 235 2607 1826 2708; baseline 0.001 -24"><span class='ocrx_word' id='word_1_178' title='bbox 235 2634 314 2684; x_wconf 91' lang='lat' dir='ltr'>non</span> <span class='ocrx_word' id='word_1_179' title='bbox 333 2608 469 2697; x_wconf 90' lang='lat' dir='ltr'>alieno,</span> <span class='ocrx_word' id='word_1_180' title='bbox 491 2608 661 2706; x_wconf 89' lang='lat' dir='ltr'>alioquin</span> <span class='ocrx_word' id='word_1_181' title='bbox 680 2607 712 2684; x_wconf 89' lang='lat' dir='ltr'>si</span> <span class='ocrx_word' id='word_1_182' title='bbox 733 2607 933 2685; x_wconf 86' lang='lat' dir='ltr'>donaverit</span> <span class='ocrx_word' id='word_1_183' title='bbox 953 2608 1123 2685; x_wconf 90' lang='lat' dir='ltr'>revocari</span> <span class='ocrx_word' id='word_1_184' title='bbox 1144 2608 1288 2708; x_wconf 90' lang='lat' dir='ltr'>poterit</span> <span class='ocrx_word' id='word_1_185' title='bbox 1309 2609 1479 2685; x_wconf 91' lang='lat' dir='ltr'>donatio.</span> <span class='ocrx_word' id='word_1_186' title='bbox 1503 2611 1606 2685; x_wconf 92' lang='lat' dir='ltr'>Item</span> <span class='ocrx_word' id='word_1_187' title='bbox 1629 2609 1678 2685; x_wconf 93' lang='lat' dir='ltr'>ad</span> <span class='ocrx_word' id='word_1_188' title='bbox 1700 2609 1826 2685; x_wconf 90' lang='lat' dir='ltr'>minus</span> 
     </span>
     <span class='ocr_line' id='line_1_19' title="bbox 235 2729 1826 2830; baseline -0.001 -23"><span class='ocrx_word' id='word_1_189' title='bbox 235 2734 340 2830; x_wconf 93' lang='lat' dir='ltr'>quod</span> <span class='ocrx_word' id='word_1_190' title='bbox 356 2733 406 2809; x_wconf 91' lang='lat' dir='ltr'>sit</span> <span class='ocrx_word' id='word_1_191' title='bbox 421 2756 522 2808; x_wconf 90' lang='lat' dir='ltr'>sanae</span> <span class='ocrx_word' id='word_1_192' title='bbox 539 2729 678 2806; x_wconf 89' lang='lat' dir='ltr'>mentis</span> <span class='ocrx_word' id='word_1_193' title='bbox 695 2739 734 2806; x_wconf 90' lang='lat' dir='ltr'>et</span> <span class='ocrx_word' id='word_1_194' title='bbox 750 2729 859 2804; x_wconf 86' lang='lat' dir='ltr'>bonae</span> <span class='ocrx_word' id='word_1_195' title='bbox 874 2729 1077 2818; x_wconf 88' lang='lat' dir='ltr'>memoriae,</span> <span class='ocrx_word' id='word_1_196' title='bbox 1095 2731 1268 2827; x_wconf 88' lang='lat' dir='ltr'>quamvis</span> <span class='ocrx_word' id='word_1_197' title='bbox 1286 2731 1478 2828; x_wconf 89' lang='lat' dir='ltr'>impotens</span> <span class='ocrx_word' id='word_1_198' title='bbox 1497 2732 1555 2806; x_wconf 92' lang='lat' dir='ltr'>sui</span> <span class='ocrx_word' id='word_1_199' title='bbox 1574 2729 1639 2807; x_wconf 81' lang='lat' dir='ltr'>et⁴⁰</span> <span class='ocrx_word' id='word_1_200' title='bbox 1659 2731 1700 2807; x_wconf 93' lang='lat' dir='ltr'>in</span> <span class='ocrx_word' id='word_1_201' title='bbox 1717 2731 1826 2829; x_wconf 84' lang='lat' dir='ltr'>aegri·</span> 
     </span>
     <span class='ocr_line' id='line_1_20' title="bbox 234 2851 1826 2950; baseline -0.001 -20"><span class='ocrx_word' id='word_1_202' title='bbox 234 2855 370 2930; x_wconf 91' lang='lat' dir='ltr'>tudine</span> <span class='ocrx_word' id='word_1_203' title='bbox 385 2863 426 2930; x_wconf 87' lang='lat' dir='ltr'>et</span> <span class='ocrx_word' id='word_1_204' title='bbox 442 2854 542 2930; x_wconf 87' lang='lat' dir='ltr'>lecto</span> <span class='ocrx_word' id='word_1_205' title='bbox 559 2852 713 2928; x_wconf 87' lang='lat' dir='ltr'>mortali</span> <span class='ocrx_word' id='word_1_206' title='bbox 731 2851 975 2940; x_wconf 88' lang='lat' dir='ltr'>constitutus,</span> <span class='ocrx_word' id='word_1_207' title='bbox 993 2851 1083 2950; x_wconf 90' lang='lat' dir='ltr'>quia</span> <span class='ocrx_word' id='word_1_208' title='bbox 1100 2852 1141 2926; x_wconf 92' lang='lat' dir='ltr'>in</span> <span class='ocrx_word' id='word_1_209' title='bbox 1159 2852 1228 2928; x_wconf 89' lang='lat' dir='ltr'>tali</span> <span class='ocrx_word' id='word_1_210' title='bbox 1247 2859 1352 2928; x_wconf 88' lang='lat' dir='ltr'>statu</span> <span class='ocrx_word' id='word_1_211' title='bbox 1371 2853 1478 2928; x_wconf 86' lang='lat' dir='ltr'>facta</span> <span class='ocrx_word' id='word_1_212' title='bbox 1497 2853 1653 2928; x_wconf 90' lang='lat' dir='ltr'>donatio</span> <span class='ocrx_word' id='word_1_213' title='bbox 1672 2852 1826 2940; x_wconf 88' lang='lat' dir='ltr'>valebit,</span> 
     </span>
     <span class='ocr_line' id='line_1_21' title="bbox 236 2973 1827 3072; baseline 0.001 -21"><span class='ocrx_word' id='word_1_214' title='bbox 236 2973 267 3052; x_wconf 91' lang='lat' dir='ltr'>si</span> <span class='ocrx_word' id='word_1_215' title='bbox 292 2976 420 3052; x_wconf 89' lang='lat' dir='ltr'>omnia</span> <span class='ocrx_word' id='word_1_216' title='bbox 444 2983 676 3051; x_wconf 86' lang='lat' dir='ltr'>concurrant</span> <span class='ocrx_word' id='word_1_217' title='bbox 701 2998 785 3072; x_wconf 86' lang='lat' dir='ltr'>quae</span> <span class='ocrx_word' id='word_1_218' title='bbox 809 2974 977 3050; x_wconf 92' lang='lat' dir='ltr'>validam</span> <span class='ocrx_word' id='word_1_219' title='bbox 1003 2974 1153 3050; x_wconf 85' lang='lat' dir='ltr'>faciunt</span> <span class='ocrx_word' id='word_1_220' title='bbox 1180 2975 1437 3050; x_wconf 89' lang='lat' dir='ltr'>donationem.</span> <span class='ocrx_word' id='word_1_221' title='bbox 1465 2975 1560 3050; x_wconf 91' lang='lat' dir='ltr'>Non</span> <span class='ocrx_word' id='word_1_222' title='bbox 1585 2973 1687 3050; x_wconf 93' lang='lat' dir='ltr'>enim</span> <span class='ocrx_word' id='word_1_223' title='bbox 1714 2975 1827 3052; x_wconf 88' lang='lat' dir='ltr'>debet</span> 
     </span>
     <span class='ocr_line' id='line_1_22' title="bbox 236 3095 1827 3194; baseline 0 -21"><span class='ocrx_word' id='word_1_224' title='bbox 236 3097 348 3173; x_wconf 88' lang='lat' dir='ltr'>alicui</span> <span class='ocrx_word' id='word_1_225' title='bbox 368 3122 498 3173; x_wconf 92' lang='lat' dir='ltr'>rerum</span> <span class='ocrx_word' id='word_1_226' title='bbox 518 3121 676 3174; x_wconf 88' lang='lat' dir='ltr'>suarum</span> <span class='ocrx_word' id='word_1_227' title='bbox 696 3095 977 3171; x_wconf 87' lang='lat' dir='ltr'>administratio</span> <span class='ocrx_word' id='word_1_228' title='bbox 996 3095 1171 3171; x_wconf 85' lang='lat' dir='ltr'>interdici</span> <span class='ocrx_word' id='word_1_229' title='bbox 1192 3096 1253 3172; x_wconf 88' lang='lat' dir='ltr'>vel</span> <span class='ocrx_word' id='word_1_230' title='bbox 1273 3095 1473 3194; x_wconf 88' lang='lat' dir='ltr'>dispositio</span> <span class='ocrx_word' id='word_1_231' title='bbox 1493 3122 1582 3172; x_wconf 90' lang='lat' dir='ltr'>cum</span> <span class='ocrx_word' id='word_1_232' title='bbox 1602 3097 1827 3174; x_wconf 85' lang='lat' dir='ltr'>infirmitate</span> 
     </span>
     <span class='ocr_line' id='line_1_23' title="bbox 236 3216 1827 3317; baseline 0.001 -23"><span class='ocrx_word' id='word_1_233' title='bbox 236 3229 432 3317; x_wconf 82' lang='lat' dir='ltr'>gravetur,</span> <span class='ocrx_word' id='word_1_234' title='bbox 456 3219 549 3294; x_wconf 93' lang='lat' dir='ltr'>dum</span> <span class='ocrx_word' id='word_1_235' title='bbox 571 3226 703 3294; x_wconf 90' lang='lat' dir='ltr'>tamen</span> <span class='ocrx_word' id='word_1_236' title='bbox 726 3216 776 3292; x_wconf 87' lang='lat' dir='ltr'>sit</span> <span class='ocrx_word' id='word_1_237' title='bbox 798 3217 906 3291; x_wconf 87' lang='lat' dir='ltr'>bonae</span> <span class='ocrx_word' id='word_1_238' title='bbox 928 3216 1131 3307; x_wconf 78' lang='lat' dir='ltr'>memoria,</span> <span class='ocrx_word' id='word_1_239' title='bbox 1156 3219 1248 3316; x_wconf 89' lang='lat' dir='ltr'>quia</span> <span class='ocrx_word' id='word_1_240' title='bbox 1269 3227 1364 3294; x_wconf 91' lang='lat' dir='ltr'>tunc</span> <span class='ocrx_word' id='word_1_241' title='bbox 1388 3217 1514 3317; x_wconf 92' lang='lat' dir='ltr'>primo</span> <span class='ocrx_word' id='word_1_242' title='bbox 1537 3244 1688 3296; x_wconf 88' lang='lat' dir='ltr'>necesse</span> <span class='ocrx_word' id='word_1_243' title='bbox 1712 3218 1827 3295; x_wconf 87' lang='lat' dir='ltr'>habet</span> 
     </span>
     <span class='ocr_line' id='line_1_24' title="bbox 236 3337 1828 3442; baseline 0.001 -26"><span class='ocrx_word' id='word_1_244' title='bbox 236 3339 440 3439; x_wconf 89' lang='lat' dir='ltr'>providere</span> <span class='ocrx_word' id='word_1_245' title='bbox 465 3337 621 3416; x_wconf 81' lang='lat' dir='ltr'>familiae</span> <span class='ocrx_word' id='word_1_246' title='bbox 645 3347 684 3414; x_wconf 90' lang='lat' dir='ltr'>et</span> <span class='ocrx_word' id='word_1_247' title='bbox 710 3338 925 3416; x_wconf 85' lang='lat' dir='ltr'>domesticis</span> <span class='ocrx_word' id='word_1_248' title='bbox 952 3338 1094 3416; x_wconf 90' lang='lat' dir='ltr'>suiset</span> <span class='ocrx_word' id='word_1_249' title='bbox 1121 3339 1357 3438; x_wconf 88' lang='lat' dir='ltr'>parentibus,</span> <span class='ocrx_word' id='word_1_250' title='bbox 1384 3350 1424 3416; x_wconf 91' lang='lat' dir='ltr'>et</span> <span class='ocrx_word' id='word_1_251' title='bbox 1451 3341 1643 3442; x_wconf 89' lang='lat' dir='ltr'>stipendia</span> <span class='ocrx_word' id='word_1_252' title='bbox 1669 3343 1761 3418; x_wconf 90' lang='lat' dir='ltr'>dare</span> <span class='ocrx_word' id='word_1_253' title='bbox 1788 3351 1828 3419; x_wconf 87' lang='lat' dir='ltr'>et</span> 
     </span>
     <span class='ocr_line' id='line_1_25' title="bbox 235 3460 1826 3562; baseline 0.001 -24"><span class='ocrx_word' id='word_1_254' title='bbox 235 3470 469 3538; x_wconf 86' lang='lat' dir='ltr'>testamenta</span> <span class='ocrx_word' id='word_1_255' title='bbox 480 3461 670 3548; x_wconf 87' lang='lat' dir='ltr'>ordinare,</span> <span class='ocrx_word' id='word_1_256' title='bbox 684 3460 854 3559; x_wconf 92' lang='lat' dir='ltr'>alioquin</span> <span class='ocrx_word' id='word_1_257' title='bbox 866 3462 1107 3559; x_wconf 89' lang='lat' dir='ltr'>contingeret</span> <span class='ocrx_word' id='word_1_258' title='bbox 1120 3462 1238 3539; x_wconf 89' lang='lat' dir='ltr'>talem</span> <span class='ocrx_word' id='word_1_259' title='bbox 1253 3463 1437 3538; x_wconf 90' lang='lat' dir='ltr'>damnum</span> <span class='ocrx_word' id='word_1_260' title='bbox 1452 3463 1592 3539; x_wconf 90' lang='lat' dir='ltr'>sentire</span> <span class='ocrx_word' id='word_1_261' title='bbox 1607 3463 1687 3540; x_wconf 90' lang='lat' dir='ltr'>sine</span> <span class='ocrx_word' id='word_1_262' title='bbox 1700 3463 1826 3562; x_wconf 88' lang='lat' dir='ltr'>eulpa.</span> 
     </span>
     <span class='ocr_line' id='line_1_26' title="bbox 239 3581 1827 3683; baseline 0.001 -25"><span class='ocrx_word' id='word_1_263' title='bbox 239 3583 318 3658; x_wconf 89' lang='lat' dir='ltr'>Sed</span> <span class='ocrx_word' id='word_1_264' title='bbox 342 3581 524 3680; x_wconf 91' lang='lat' dir='ltr'>quoniam</span> <span class='ocrx_word' id='word_1_265' title='bbox 548 3581 755 3680; x_wconf 88' lang='lat' dir='ltr'>aliquando</span> <span class='ocrx_word' id='word_1_266' title='bbox 781 3583 1050 3660; x_wconf 86' lang='lat' dir='ltr'>fraudulenter</span> <span class='ocrx_word' id='word_1_267' title='bbox 1074 3582 1175 3658; x_wconf 89' lang='lat' dir='ltr'>fiunt</span> <span class='ocrx_word' id='word_1_268' title='bbox 1200 3591 1314 3660; x_wconf 89' lang='lat' dir='ltr'>cartae</span> <span class='ocrx_word' id='word_1_269' title='bbox 1339 3593 1378 3660; x_wconf 92' lang='lat' dir='ltr'>et</span> <span class='ocrx_word' id='word_1_270' title='bbox 1406 3583 1505 3659; x_wconf 85' lang='lat' dir='ltr'>falso</span> <span class='ocrx_word' id='word_1_271' title='bbox 1531 3583 1597 3661; x_wconf 86' lang='lat' dir='ltr'>et⁴¹</span> <span class='ocrx_word' id='word_1_272' title='bbox 1624 3586 1827 3683; x_wconf 76' lang='lat' dir='ltr'>fingrmtur</span> 
     </span>
     <span class='ocr_line' id='line_1_27' title="bbox 238 3702 1828 3793; baseline 0.002 -13"><span class='ocrx_word' id='word_1_273' title='bbox 238 3704 462 3781; x_wconf 89' lang='lat' dir='ltr'>donationes</span> <span class='ocrx_word' id='word_1_274' title='bbox 486 3702 581 3792; x_wconf 90' lang='lat' dir='ltr'>fieri,</span> <span class='ocrx_word' id='word_1_275' title='bbox 605 3728 693 3779; x_wconf 89' lang='lat' dir='ltr'>cum</span> <span class='ocrx_word' id='word_1_276' title='bbox 716 3728 795 3779; x_wconf 92' lang='lat' dir='ltr'>non</span> <span class='ocrx_word' id='word_1_277' title='bbox 818 3703 928 3793; x_wconf 90' lang='lat' dir='ltr'>fiant,</span> <span class='ocrx_word' id='word_1_278' title='bbox 951 3703 1037 3779; x_wconf 92' lang='lat' dir='ltr'>ideo</span> <span class='ocrx_word' id='word_1_279' title='bbox 1063 3706 1114 3781; x_wconf 88' lang='lat' dir='ltr'>ad</span> <span class='ocrx_word' id='word_1_280' title='bbox 1137 3705 1357 3781; x_wconf 88' lang='lat' dir='ltr'>vertitatem</span> <span class='ocrx_word' id='word_1_281' title='bbox 1383 3704 1653 3782; x_wconf 89' lang='lat' dir='ltr'>declarandam</span> <span class='ocrx_word' id='word_1_282' title='bbox 1679 3708 1751 3785; x_wconf 93' lang='lat' dir='ltr'>erit</span> <span class='ocrx_word' id='word_1_283' title='bbox 1778 3708 1828 3783; x_wconf 90' lang='lat' dir='ltr'>ad</span> 
     </span>
     <span class='ocr_line' id='line_1_28' title="bbox 237 3824 1828 3928; baseline 0.002 -27"><span class='ocrx_word' id='word_1_284' title='bbox 237 3824 405 3924; x_wconf 88' lang='lat' dir='ltr'>patriam</span> <span class='ocrx_word' id='word_1_285' title='bbox 428 3834 467 3901; x_wconf 90' lang='lat' dir='ltr'>et</span> <span class='ocrx_word' id='word_1_286' title='bbox 488 3824 680 3901; x_wconf 89' lang='lat' dir='ltr'>visnetum</span> <span class='ocrx_word' id='word_1_287' title='bbox 703 3826 988 3901; x_wconf 91' lang='lat' dir='ltr'>recurrendum.</span> <span class='ocrx_word' id='word_1_288' title='bbox 1014 3825 1220 3924; x_wconf 90' lang='lat' dir='ltr'>Inquisitio</span> <span class='ocrx_word' id='word_1_289' title='bbox 1243 3826 1343 3904; x_wconf 90' lang='lat' dir='ltr'>enim</span> <span class='ocrx_word' id='word_1_290' title='bbox 1366 3828 1632 3928; x_wconf 89' lang='lat' dir='ltr'>multipliciter</span> <span class='ocrx_word' id='word_1_291' title='bbox 1654 3828 1828 3906; x_wconf 90' lang='lat' dir='ltr'>variatur</span> 
     </span>
     <span class='ocr_line' id='line_1_29' title="bbox 237 3945 1828 4048; baseline 0.002 -25"><span class='ocrx_word' id='word_1_292' title='bbox 237 3946 447 4023; x_wconf 86' lang='lat' dir='ltr'>secundum</span> <span class='ocrx_word' id='word_1_293' title='bbox 465 3945 692 4022; x_wconf 89' lang='lat' dir='ltr'>varietatem</span> <span class='ocrx_word' id='word_1_294' title='bbox 710 3947 963 4044; x_wconf 89' lang='lat' dir='ltr'>querelarum,</span> <span class='ocrx_word' id='word_1_295' title='bbox 982 3955 1022 4022; x_wconf 90' lang='lat' dir='ltr'>et</span> <span class='ocrx_word' id='word_1_296' title='bbox 1040 3945 1206 4044; x_wconf 88' lang='lat' dir='ltr'>exempli</span> <span class='ocrx_word' id='word_1_297' title='bbox 1225 3972 1341 4023; x_wconf 91' lang='lat' dir='ltr'>causa</span> <span class='ocrx_word' id='word_1_298' title='bbox 1358 3948 1429 4024; x_wconf 90' lang='lat' dir='ltr'>fiat</span> <span class='ocrx_word' id='word_1_299' title='bbox 1446 3949 1642 4048; x_wconf 89' lang='lat' dir='ltr'>inquisitio</span> <span class='ocrx_word' id='word_1_300' title='bbox 1660 3976 1732 4048; x_wconf 90' lang='lat' dir='ltr'>per</span> <span class='ocrx_word' id='word_1_301' title='bbox 1749 3950 1828 4026; x_wconf 84' lang='lat' dir='ltr'>haec</span> 
     </span>
     <span class='ocr_line' id='line_1_30' title="bbox 237 4063 365 4140; baseline 0.008 -1"><span class='ocrx_word' id='word_1_302' title='bbox 237 4063 365 4140; x_wconf 84' lang='lat' dir='ltr'>verba.</span> 
     </span>
    </p>

    <p class='ocr_par' dir='ltr' id='par_1_5' title="bbox 336 4187 1828 4288">
     <span class='ocr_line' id='line_1_31' title="bbox 336 4187 1828 4288; baseline 0.007 -27"><span class='ocrx_word' id='word_1_303' title='bbox 336 4187 464 4265; x_wconf 84' lang='lat' dir='ltr'>Breve</span> <span class='ocrx_word' id='word_1_304' title='bbox 483 4187 694 4265; x_wconf 80' lang='lat' dir='ltr'>vicecomiti</span> <span class='ocrx_word' id='word_1_305' title='bbox 713 4188 900 4265; x_wconf 83' lang='lat' dir='ltr'>directum</span> <span class='ocrx_word' id='word_1_306' title='bbox 920 4189 971 4265; x_wconf 86' lang='lat' dir='ltr'>ad</span> <span class='ocrx_word' id='word_1_307' title='bbox 990 4189 1260 4288; x_wconf 78' lang='lat' dir='ltr'>inquirendam</span> <span class='ocrx_word' id='word_1_308' title='bbox 1279 4190 1321 4267; x_wconf 83' lang='lat' dir='ltr'>io</span> <span class='ocrx_word' id='word_1_309' title='bbox 1341 4213 1417 4288; x_wconf 83' lang='lat' dir='ltr'>qao</span> <span class='ocrx_word' id='word_1_310' title='bbox 1438 4201 1544 4268; x_wconf 81' lang='lat' dir='ltr'>stota</span> <span class='ocrx_word' id='word_1_311' title='bbox 1563 4192 1642 4286; x_wconf 79' lang='lat' dir='ltr'>fait</span> <span class='ocrx_word' id='word_1_312' title='bbox 1661 4193 1828 4272; x_wconf 76' lang='lat' dir='ltr'>donator</span> 
     </span>
    </p>

    <p class='ocr_par' dir='ltr' id='par_1_6' title="bbox 235 4306 1827 5028">
     <span class='ocr_line' id='line_1_32' title="bbox 337 4306 875 4406; baseline -0.002 -21"><span class='ocrx_word' id='word_1_313' title='bbox 337 4309 492 4406; x_wconf 78' lang='lat' dir='ltr'>quoodo</span> <span class='ocrx_word' id='word_1_314' title='bbox 508 4306 602 4402; x_wconf 75' lang='lat' dir='ltr'>fecit</span> <span class='ocrx_word' id='word_1_315' title='bbox 618 4307 875 4384; x_wconf 74' lang='lat' dir='ltr'>deiectionem.</span> 
     </span>
     <span class='ocr_line' id='line_1_33' title="bbox 237 4429 1827 4533; baseline 0.005 -26"><span class='ocrx_word' id='word_1_316' title='bbox 237 4431 333 4508; x_wconf 78' lang='lat' dir='ltr'>Rnx</span> <span class='ocrx_word' id='word_1_317' title='bbox 346 4430 557 4507; x_wconf 90' lang='lat' dir='ltr'>vicecomiti</span> <span class='ocrx_word' id='word_1_318' title='bbox 573 4429 747 4507; x_wconf 89' lang='lat' dir='ltr'>salutem.</span> <span class='ocrx_word' id='word_1_319' title='bbox 765 4430 1015 4530; x_wconf 86' lang='lat' dir='ltr'>Praecipimus</span> <span class='ocrx_word' id='word_1_320' title='bbox 1031 4431 1101 4507; x_wconf 92' lang='lat' dir='ltr'>tibi</span> <span class='ocrx_word' id='word_1_321' title='bbox 1118 4433 1222 4530; x_wconf 90' lang='lat' dir='ltr'>quod</span> <span class='ocrx_word' id='word_1_322' title='bbox 1238 4433 1445 4533; x_wconf 91' lang='lat' dir='ltr'>assumptis</span> <span class='ocrx_word' id='word_1_323' title='bbox 1462 4444 1589 4512; x_wconf 88' lang='lat' dir='ltr'>tecum</span> <span class='ocrx_word' id='word_1_324' title='bbox 1605 4438 1827 4515; x_wconf 81' lang='lat' dir='ltr'>custodibus</span> 
     </span>
     <span class='ocr_line' id='line_1_34' title="bbox 237 4551 1827 4653; baseline 0.004 -24"><span class='ocrx_word' id='word_1_325' title='bbox 237 4551 468 4652; x_wconf 92' lang='lat' dir='ltr'>placitorum</span> <span class='ocrx_word' id='word_1_326' title='bbox 483 4575 631 4627; x_wconf 86' lang='lat' dir='ltr'>coronae</span> <span class='ocrx_word' id='word_1_327' title='bbox 645 4560 796 4641; x_wconf 86' lang='lat' dir='ltr'>nostrae,</span> <span class='ocrx_word' id='word_1_328' title='bbox 811 4561 851 4629; x_wconf 92' lang='lat' dir='ltr'>et</span> <span class='ocrx_word' id='word_1_329' title='bbox 866 4560 1052 4650; x_wconf 83' lang='lat' dir='ltr'>praterea</span> <span class='ocrx_word' id='word_1_330' title='bbox 1068 4553 1268 4630; x_wconf 91' lang='lat' dir='ltr'>duodecim</span> <span class='ocrx_word' id='word_1_331' title='bbox 1283 4554 1470 4653; x_wconf 82' lang='lat' dir='ltr'>legalibus</span> <span class='ocrx_word' id='word_1_332' title='bbox 1487 4566 1526 4634; x_wconf 90' lang='lat' dir='ltr'>et</span> <span class='ocrx_word' id='word_1_333' title='bbox 1543 4558 1713 4636; x_wconf 90' lang='lat' dir='ltr'>discretis</span> <span class='ocrx_word' id='word_1_334' title='bbox 1729 4558 1827 4636; x_wconf 89' lang='lat' dir='ltr'>mili-</span> 
     </span>
     <span class='ocr_line' id='line_1_35' title="bbox 237 4671 1827 4777; baseline 0.005 -27"><span class='ocrx_word' id='word_1_335' title='bbox 237 4673 340 4750; x_wconf 91' lang='lat' dir='ltr'>tibus</span> <span class='ocrx_word' id='word_1_336' title='bbox 361 4674 411 4750; x_wconf 88' lang='lat' dir='ltr'>de</span> <span class='ocrx_word' id='word_1_337' title='bbox 431 4671 616 4750; x_wconf 90' lang='lat' dir='ltr'>comitatu</span> <span class='ocrx_word' id='word_1_338' title='bbox 637 4680 706 4748; x_wconf 92' lang='lat' dir='ltr'>tuo</span> <span class='ocrx_word' id='word_1_339' title='bbox 729 4673 866 4749; x_wconf 91' lang='lat' dir='ltr'>detali</span> <span class='ocrx_word' id='word_1_340' title='bbox 888 4672 1047 4763; x_wconf 87' lang='lat' dir='ltr'>visneto,</span> <span class='ocrx_word' id='word_1_341' title='bbox 1069 4674 1112 4750; x_wconf 92' lang='lat' dir='ltr'>in</span> <span class='ocrx_word' id='word_1_342' title='bbox 1133 4676 1294 4773; x_wconf 90' lang='lat' dir='ltr'>propria</span> <span class='ocrx_word' id='word_1_343' title='bbox 1315 4700 1482 4777; x_wconf 89' lang='lat' dir='ltr'>persona</span> <span class='ocrx_word' id='word_1_344' title='bbox 1503 4688 1573 4755; x_wconf 88' lang='lat' dir='ltr'>tua</span> <span class='ocrx_word' id='word_1_345' title='bbox 1596 4680 1753 4758; x_wconf 86' lang='lat' dir='ltr'>accedas</span> <span class='ocrx_word' id='word_1_346' title='bbox 1777 4682 1827 4758; x_wconf 86' lang='lat' dir='ltr'>ad</span> 
     </span>
     <span class='ocr_line' id='line_1_36' title="bbox 235 4794 1825 4897; baseline 0.005 -26"><span class='ocrx_word' id='word_1_347' title='bbox 235 4794 356 4872; x_wconf 88' lang='lat' dir='ltr'>talem</span> <span class='ocrx_word' id='word_1_348' title='bbox 376 4795 503 4870; x_wconf 91' lang='lat' dir='ltr'>locum</span> <span class='ocrx_word' id='word_1_349' title='bbox 523 4802 565 4870; x_wconf 88' lang='lat' dir='ltr'>et</span> <span class='ocrx_word' id='word_1_350' title='bbox 587 4819 658 4893; x_wconf 91' lang='lat' dir='ltr'>per</span> <span class='ocrx_word' id='word_1_351' title='bbox 679 4818 813 4870; x_wconf 91' lang='lat' dir='ltr'>eorum</span> <span class='ocrx_word' id='word_1_352' title='bbox 835 4805 1117 4872; x_wconf 88' lang='lat' dir='ltr'>sacramentum</span> <span class='ocrx_word' id='word_1_353' title='bbox 1140 4796 1345 4894; x_wconf 88' lang='lat' dir='ltr'>diligenter</span> <span class='ocrx_word' id='word_1_354' title='bbox 1367 4799 1538 4897; x_wconf 87' lang='lat' dir='ltr'>inquiras</span> <span class='ocrx_word' id='word_1_355' title='bbox 1563 4801 1594 4877; x_wconf 90' lang='lat' dir='ltr'>si</span> <span class='ocrx_word' id='word_1_356' title='bbox 1615 4802 1704 4878; x_wconf 88' lang='lat' dir='ltr'>talis</span> <span class='ocrx_word' id='word_1_357' title='bbox 1727 4811 1825 4879; x_wconf 88' lang='lat' dir='ltr'>etce-</span> 
     </span>
     <span class='ocr_line' id='line_1_37' title="bbox 237 4914 1825 5028; baseline 0.005 -36"><span class='ocrx_word' id='word_1_358' title='bbox 237 4925 332 5028; x_wconf 85' lang='lat' dir='ltr'>tera.</span> <span class='ocrx_word' id='word_1_359' title='bbox 350 4916 425 4991; x_wconf 91' lang='lat' dir='ltr'>Vel</span> <span class='ocrx_word' id='word_1_360' title='bbox 443 4915 571 4992; x_wconf 86' lang='lat' dir='ltr'>aliter:</span> <span class='ocrx_word' id='word_1_361' title='bbox 589 4914 840 5014; x_wconf 78' lang='lat' dir='ltr'>Praecipimus</span> <span class='ocrx_word' id='word_1_362' title='bbox 857 4914 926 4992; x_wconf 89' lang='lat' dir='ltr'>tibi</span> <span class='ocrx_word' id='word_1_363' title='bbox 944 4918 1048 5014; x_wconf 91' lang='lat' dir='ltr'>quod</span> <span class='ocrx_word' id='word_1_364' title='bbox 1063 4941 1193 4993; x_wconf 90' lang='lat' dir='ltr'>coram</span> <span class='ocrx_word' id='word_1_365' title='bbox 1209 4925 1249 4994; x_wconf 92' lang='lat' dir='ltr'>te</span> <span class='ocrx_word' id='word_1_366' title='bbox 1266 4927 1306 4995; x_wconf 87' lang='lat' dir='ltr'>et</span> <span class='ocrx_word' id='word_1_367' title='bbox 1322 4943 1451 4996; x_wconf 90' lang='lat' dir='ltr'>coram</span> <span class='ocrx_word' id='word_1_368' title='bbox 1469 4921 1690 4999; x_wconf 89' lang='lat' dir='ltr'>custodibus</span> <span class='ocrx_word' id='word_1_369' title='bbox 1708 4925 1825 5022; x_wconf 86' lang='lat' dir='ltr'>placi·</span> 
     </span>
    </p>
   </div>
   <div class='ocr_carea' id='block_1_4' title="bbox 235 5113 1826 5501">
    <p class='ocr_par' dir='ltr' id='par_1_7' title="bbox 235 5113 1826 5501">
     <span class='ocr_line' id='line_1_38' title="bbox 235 5113 1824 5205; baseline -0.002 -27"><span class='ocrx_word' id='word_1_370' title='bbox 235 5114 416 5194; x_wconf 82' lang='lat' dir='ltr'>⁸⁰possnnt,</span> <span class='ocrx_word' id='word_1_371' title='bbox 448 5116 522 5191; x_wconf 83' lang='lat' dir='ltr'>HA,</span> <span class='ocrx_word' id='word_1_372' title='bbox 553 5114 592 5176; x_wconf 87' lang='lat' dir='ltr'>V.</span> <span class='ocrx_word' id='word_1_373' title='bbox 643 5113 733 5192; x_wconf 84' lang='lat' dir='ltr'>⁸²sit‚</span> <span class='ocrx_word' id='word_1_374' title='bbox 764 5115 840 5192; x_wconf 83' lang='lat' dir='ltr'>MA,</span> <span class='ocrx_word' id='word_1_375' title='bbox 872 5116 953 5189; x_wconf 82' lang='lat' dir='ltr'>MB3</span> <span class='ocrx_word' id='word_1_376' title='bbox 982 5120 1057 5191; x_wconf 87' lang='lat' dir='ltr'>sint,</span> <span class='ocrx_word' id='word_1_377' title='bbox 1086 5118 1163 5194; x_wconf 86' lang='lat' dir='ltr'>cM,</span> <span class='ocrx_word' id='word_1_378' title='bbox 1191 5120 1264 5180; x_wconf 83' lang='lat' dir='ltr'>HA.</span> <span class='ocrx_word' id='word_1_379' title='bbox 1315 5119 1434 5198; x_wconf 81' lang='lat' dir='ltr'>³²Om.‚</span> <span class='ocrx_word' id='word_1_380' title='bbox 1463 5123 1531 5197; x_wconf 85' lang='lat' dir='ltr'>OA,</span> <span class='ocrx_word' id='word_1_381' title='bbox 1561 5123 1627 5200; x_wconf 83' lang='lat' dir='ltr'>LA,</span> <span class='ocrx_word' id='word_1_382' title='bbox 1661 5123 1717 5202; x_wconf 52' lang='grc'>(4-</span> <span class='ocrx_word' id='word_1_383' title='bbox 1730 5127 1824 5205; x_wconf 78' lang='lat' dir='ltr'>Mc),</span> 
     </span>
     <span class='ocr_line' id='line_1_39' title="bbox 238 5214 1826 5304; baseline 0.006 -26"><span class='ocrx_word' id='word_1_384' title='bbox 238 5215 403 5296; x_wconf 54' lang='lat' dir='ltr'>”placita</span> <span class='ocrx_word' id='word_1_385' title='bbox 425 5219 500 5293; x_wconf 79' lang='lat' dir='ltr'>HA,</span> <span class='ocrx_word' id='word_1_386' title='bbox 520 5216 559 5277; x_wconf 92' lang='lat' dir='ltr'>V.</span> <span class='ocrx_word' id='word_1_387' title='bbox 602 5214 753 5293; x_wconf 81' lang='lat' dir='ltr'>⁸⁴namio‚</span> <span class='ocrx_word' id='word_1_388' title='bbox 776 5217 821 5291; x_wconf 86' lang='lat' dir='ltr'>V;</span> <span class='ocrx_word' id='word_1_389' title='bbox 842 5221 923 5278; x_wconf 86' lang='lat' dir='ltr'>enim</span> <span class='ocrx_word' id='word_1_390' title='bbox 943 5223 1049 5296; x_wconf 83' lang='lat' dir='ltr'>namii,</span> <span class='ocrx_word' id='word_1_391' title='bbox 1071 5221 1153 5293; x_wconf 79' lang='lat' dir='ltr'>MA3</span> <span class='ocrx_word' id='word_1_392' title='bbox 1176 5242 1194 5281; x_wconf 82' lang='lat' dir='ltr'>a</span> <span class='ocrx_word' id='word_1_393' title='bbox 1216 5225 1321 5296; x_wconf 77' lang='lat' dir='ltr'>namtt,</span> <span class='ocrx_word' id='word_1_394' title='bbox 1343 5223 1418 5296; x_wconf 79' lang='lat' dir='ltr'>0A;</span> <span class='ocrx_word' id='word_1_395' title='bbox 1441 5244 1510 5300; x_wconf 84' lang='lat' dir='ltr'>om,</span> <span class='ocrx_word' id='word_1_396' title='bbox 1533 5225 1599 5286; x_wconf 85' lang='lat' dir='ltr'>LA.</span> <span class='ocrx_word' id='word_1_397' title='bbox 1644 5224 1714 5286; x_wconf 75' lang='lat' dir='ltr'>&#39;‘et</span> <span class='ocrx_word' id='word_1_398' title='bbox 1735 5230 1826 5304; x_wconf 84' lang='lat' dir='ltr'>sicut,</span> 
     </span>
     <span class='ocr_line' id='line_1_40' title="bbox 238 5317 1826 5408; baseline -0.013 -26"><span class='ocrx_word' id='word_1_399' title='bbox 238 5319 316 5396; x_wconf 87' lang='lat' dir='ltr'>MG,</span> <span class='ocrx_word' id='word_1_400' title='bbox 331 5319 405 5382; x_wconf 85' lang='lat' dir='ltr'>cM.</span> <span class='ocrx_word' id='word_1_401' title='bbox 440 5317 468 5354; x_wconf 83' lang='lat'>⁸·</span> <span class='ocrx_word' id='word_1_402' title='bbox 478 5317 651 5393; x_wconf 80' lang='lat' dir='ltr'>dicendum,</span> <span class='ocrx_word' id='word_1_403' title='bbox 667 5319 745 5394; x_wconf 86' lang='lat' dir='ltr'>MG,</span> <span class='ocrx_word' id='word_1_404' title='bbox 760 5318 799 5379; x_wconf 90' lang='lat' dir='ltr'>V.</span> <span class='ocrx_word' id='word_1_405' title='bbox 834 5317 861 5352; x_wconf 72' lang='lat'>⁸²</span> <span class='ocrx_word' id='word_1_406' title='bbox 874 5323 1050 5398; x_wconf 63' lang='lat' dir='ltr'>exiguntur,</span> <span class='ocrx_word' id='word_1_407' title='bbox 1065 5322 1134 5396; x_wconf 86' lang='lat' dir='ltr'>OB,</span> <span class='ocrx_word' id='word_1_408' title='bbox 1151 5323 1227 5397; x_wconf 78' lang='lat' dir='ltr'>Mn,</span> <span class='ocrx_word' id='word_1_409' title='bbox 1243 5322 1284 5397; x_wconf 76' lang='lat' dir='ltr'>Y,</span> <span class='ocrx_word' id='word_1_410' title='bbox 1299 5323 1337 5385; x_wconf 75' lang='lat' dir='ltr'>v,</span> <span class='ocrx_word' id='word_1_411' title='bbox 1374 5322 1402 5357; x_wconf 72' lang='grc' dir='ltr'>ε·</span> <span class='ocrx_word' id='word_1_412' title='bbox 1413 5323 1494 5402; x_wconf 69' lang='lat' dir='ltr'>om,</span> <span class='ocrx_word' id='word_1_413' title='bbox 1512 5326 1590 5402; x_wconf 58' lang='lat' dir='ltr'>MG,</span> <span class='ocrx_word' id='word_1_414' title='bbox 1606 5329 1680 5390; x_wconf 43' lang='lat' dir='ltr'>CM·</span> <span class='ocrx_word' id='word_1_415' title='bbox 1718 5325 1745 5362; x_wconf 73' lang='lat' dir='ltr'>a</span> <span class='ocrx_word' id='word_1_416' title='bbox 1756 5349 1826 5408; x_wconf 80' lang='lat' dir='ltr'>pro,</span> 
     </span>
     <span class='ocr_line' id='line_1_41' title="bbox 238 5418 1350 5501; baseline 0.002 -18"><span class='ocrx_word' id='word_1_417' title='bbox 238 5422 316 5497; x_wconf 87' lang='lat' dir='ltr'>MG,</span> <span class='ocrx_word' id='word_1_418' title='bbox 337 5422 411 5483; x_wconf 86' lang='lat' dir='ltr'>cM.</span> <span class='ocrx_word' id='word_1_419' title='bbox 455 5418 575 5496; x_wconf 82' lang='lat' dir='ltr'>⁴⁰Om.,</span> <span class='ocrx_word' id='word_1_420' title='bbox 597 5420 666 5497; x_wconf 88' lang='lat' dir='ltr'>OB,</span> <span class='ocrx_word' id='word_1_421' title='bbox 689 5420 765 5496; x_wconf 87' lang='grc' dir='ltr'>ΜΒ,</span> <span class='ocrx_word' id='word_1_422' title='bbox 788 5421 863 5482; x_wconf 88' lang='lat' dir='ltr'>MG.</span> <span class='ocrx_word' id='word_1_423' title='bbox 908 5419 1027 5495; x_wconf 87' lang='lat' dir='ltr'>⁴²Om.,</span> <span class='ocrx_word' id='word_1_424' title='bbox 1051 5423 1128 5499; x_wconf 88' lang='lat' dir='ltr'>MG,</span> <span class='ocrx_word' id='word_1_425' title='bbox 1152 5423 1226 5498; x_wconf 80' lang='lat' dir='ltr'>cM,</span> <span class='ocrx_word' id='word_1_426' title='bbox 1249 5425 1290 5501; x_wconf 90' lang='lat' dir='ltr'>Y,</span> <span class='ocrx_word' id='word_1_427' title='bbox 1312 5424 1350 5486; x_wconf 87' lang='lat' dir='ltr'>V.</span> 
     </span>
    </p>
   </div>
   <div class='ocr_carea' id='block_1_5' title="bbox 0 0 2206 6340">
    <p class='ocr_par' dir='ltr' id='par_1_8' title="bbox 0 0 2206 6340">
     <span class='ocr_line' id='line_1_42' title="bbox 0 0 2206 6340; baseline 0 0"><span class='ocrx_word' id='word_1_428' title='bbox 0 0 2206 6340; x_wconf 95' lang='lat' dir='ltr'> </span> 
     </span>
    </p>
   </div>
  </div>
 </body>
</html>
