4432 6340
398 491 472 560 262
931 483 1153 545 BRACTON:
1176 483 1237 544 DE
1260 485 1453 546 LEGIBUS

397 633 520 733 possit
532 633 718 734 placitare
732 644 770 711 et
783 634 1013 734 implacitari
1026 660 1097 733 per
1110 636 1224 711 breve
1237 634 1286 711 de
1300 643 1416 724 recto,
1432 644 1470 712 et
1484 635 1717 733 respondere
1732 645 1821 712 ante
1834 644 1989 734 tempus

398 752 625 850 legitimum,
648 762 797 829 etcum
820 763 918 830 esset
942 753 1231 852 quatuordecim
1253 753 1314 829 vel
1338 752 1554 851 quindecim
1578 778 1778 830 annorum.
1804 755 1863 828 Et
1886 755 1990 830 unde

399 870 551 946 videtur
567 871 670 969 quod
684 871 773 947 talis
789 879 881 947 aetas
897 872 1156 970 intellegenda
1172 872 1221 949 sit
1238 872 1285 948 de
1303 872 1455 970 socagio
1471 881 1510 948 et
1526 897 1605 947 non
1622 873 1671 948 de
1687 873 1804 948 feodo
1820 872 1989 961 militari,

399 989 490 1088 quia
506 988 548 1064 in
565 989 634 1065 tali
652 998 765 1066 oetate
784 998 912 1089 potest
931 989 1134 1088 disponere
1153 991 1283 1066 domui
1302 1015 1379 1066 suae
1399 1000 1437 1067 et
1455 988 1595 1067 habere
1613 1013 1705 1068 cove
1724 991 1804 1067 aad
1822 990 1930 1089 depe,
1950 999 1989 1068 et

398 1109 562 1208 septimo
576 1133 677 1184 anno
689 1107 905 1184 consentire
917 1107 1173 1197 matrimonio,
1188 1117 1227 1185 et
1242 1108 1368 1186 virum
1383 1109 1569 1186 sustinere
1585 1133 1687 1185 anuo
1703 1109 1987 1200 duodecimo.)

398 1227 563 1302 Plenam
597 1226 727 1326 itaque
761 1227 976 1303 custodiam
1010 1225 1153 1303 habent
1190 1227 1333 1303 domini
1370 1227 1554 1326 capitales
1591 1229 1795 1305 feodorum
1832 1253 1990 1305 suorum

397 1345 569 1422 omnium
589 1345 670 1422 sine
689 1345 862 1445 personis
882 1345 1077 1434 heredum,
1098 1343 1356 1445 quandoque⁸⁹
1376 1370 1465 1422 cum
1485 1347 1658 1445 personis
1679 1345 1852 1434 eorum,⁴⁰
1873 1356 1913 1424 et
1933 1347 1990 1424 ita

397 1464 501 1562 quod
518 1463 607 1540 inde
624 1463 781 1563 plenam
797 1464 941 1540 habent
959 1464 1247 1564 dispositionem
1267 1465 1308 1540 in
1326 1464 1489 1541 ecclesiis
1508 1465 1751 1541 conferendis
1771 1490 1859 1542 cum
1878 1490 1988 1541 vaca-

398 1582 428 1658 f.
443 1583 512 1675 87]
567 1582 705 1671 verint,
719 1583 811 1660 etin
824 1581 1005 1659 custodiis
1019 1581 1281 1671 concedendis,
1295 1582 1445 1672 dandis,
1459 1593 1498 1660 et
1513 1583 1733 1671 vendendis,
1748 1583 1843 1659 etin
1856 1583 1989 1661 mulie·

398 1700 503 1777 ribus
528 1701 767 1789 maritandis,
794 1710 834 1777 et
859 1701 1072 1799 maritagiis
1099 1701 1308 1777 vendendis
1337 1701 1368 1777 si
1395 1724 1480 1800 quae
1508 1702 1656 1778 fuerint
1682 1702 1920 1791 maritanda,
1950 1709 1990 1778 et

396 1819 628 1918 generaliter
646 1822 695 1897 de
710 1819 887 1896 omnibus
905 1819 1108 1919 disponere
1127 1821 1177 1898 ad
1195 1820 1438 1896 commodum
1456 1819 1616 1909 heredis,
1637 1819 1735 1897 sicut
1754 1823 1802 1897 de
1821 1820 1989 1920 propriis

397 1948 523 2015 essent
552 1937 787 2038 disposituri,
816 1948 855 2015 et
883 1938 1019 2014 melius
1049 1938 1080 2014 si
1109 1938 1269 2038 possint.
1299 1940 1358 2014 Et
1387 1939 1553 2016 vendere
1582 1948 1745 2038 possunt
1776 1939 1989 2016 custodiam

397 2068 590 2135 terrarum
613 2066 653 2134 et
676 2057 926 2155 maritagium
950 2057 1134 2134 heredum
1159 2055 1191 2134 si
1216 2082 1294 2132 non
1320 2056 1467 2134 fuerint
1492 2056 1675 2133 maritati.
1705 2057 1783 2134 Sed
1808 2057 1858 2133 de
1882 2056 1989 2134 here·

397 2174 520 2252 ditate
544 2174 639 2252 nihil
664 2175 831 2252 alienare
856 2184 1019 2274 possunt
1046 2177 1096 2251 ad
1122 2174 1410 2252 remanentiam.
1440 2175 1618 2252 Heredes
1647 2183 1777 2251 autem
1804 2175 1989 2274 quamdiu

398 2292 546 2369 fuerint
573 2292 614 2369 in
640 2293 814 2369 mistodia
841 2318 914 2392 pro
942 2293 1160 2392 quantitate
1187 2292 1410 2370 hereditatis
1438 2293 1646 2369 honorifice
1674 2293 1919 2381 exhibebunt,
1950 2303 1988 2369 et

397 2410 527 2487 debita
552 2409 783 2487 hereditaria
810 2409 1088 2509 adquietabunt
1115 2436 1188 2508 pro
1215 2411 1432 2509 quantitate
1459 2409 1693 2498 hereditatis,
1721 2421 1760 2488 et
1788 2420 1988 2510 prorata,

313 2572 316 2580 ·
396 2529 607 2606 secundum
628 2536 783 2628 tempus
806 2527 997 2606 custodia.
1022 2527 1195 2627 Negotia
1216 2554 1308 2605 vero
1330 2528 1515 2605 heredum
1538 2555 1653 2626 agere
1676 2537 1851 2628 possunt,
1877 2537 1916 2606 et
1940 2530 1988 2607 de

396 2674 530 2726 eorum
542 2648 624 2725 iure
638 2648 877 2747 adquirendo
890 2647 930 2722 in
943 2647 1080 2746 quibus
1094 2646 1305 2724 minoribus
1320 2647 1506 2746 placitare
1519 2647 1609 2723 licet
1622 2647 1808 2747 placitum
1822 2673 1987 2736 movere,

396 2776 435 2845 et
452 2767 632 2866 prosequi
650 2767 699 2844 de
716 2765 799 2842 iure
816 2764 1060 2865 possessorio,
1079 2765 1247 2864 propriae
1265 2765 1409 2842 seisinae
1428 2764 1603 2842 videlicet
1622 2765 1683 2842 vel
1703 2765 1861 2842 alicuius
1881 2775 1987 2843 ante-

395 2886 563 2964 cessoris.
584 2885 663 2962 Sed
680 2885 810 2983 super¹
829 2894 934 2962 recto
952 2885 993 2961 in
1009 2909 1126 2960 causa
1143 2884 1392 2984 proprietatis
1410 2910 1484 2985 pro
1501 2885 1575 2962 illis
1594 2911 1710 2984 agere
1728 2911 1807 2962 non
1825 2895 1988 2986 possunt

396 3031 466 3083 nec
486 3006 731 3106 respondere,
752 3005 825 3080 nisi
845 3004 916 3079 hoc
939 3002 988 3081 sit
1009 3003 1050 3080 in
1070 3029 1161 3079 casu
1183 3003 1324 3081 scilicet
1346 3004 1395 3080 de
1417 3003 1545 3103 aliquo
1567 3005 1615 3082 de
1637 3029 1714 3103 quo
1736 3005 1862 3081 minor
1883 3005 1989 3081 inira

396 3133 549 3201 aetatem
562 3124 682 3201 fuerit
695 3123 894 3199 feoffatus.
912 3122 955 3199 Si
968 3147 1060 3198 vero
1073 3122 1199 3199 minor
1211 3121 1260 3198 de
1275 3122 1419 3199 telonia
1433 3122 1539 3199 inira
1552 3131 1705 3199 atatem
1720 3123 1839 3200 luerit
1855 3123 1987 3223 appel·

396 3245 499 3321 latus
514 3269 586 3342 per
601 3242 726 3320 salvos
741 3249 782 3318 et
798 3265 949 3318 securos
965 3240 1114 3340 plegios
1131 3239 1414 3317 attachiabitur.
1434 3240 1512 3318 Sed
1529 3242 1623 3318 dum
1640 3241 1759 3319 fuerit
1776 3242 1882 3318 infra
1898 3250 1987 3318 aeta·

397 3373 477 3438 tem
496 3361 586 3438 inde
608 3360 840 3459 respondere
862 3385 941 3436 non
961 3360 1167 3448 tenebitur,
1191 3360 1258 3436 sed
1280 3369 1374 3436 tunc
1396 3360 1552 3437 demum
1573 3359 1696 3436 maior
1719 3360 1858 3437 factus.
1885 3362 1988 3436 Item

396 3489 524 3557 custos
541 3478 725 3578 quamdiu
740 3477 967 3554 custodiam¹
984 3475 1109 3553 terrae⁸
1118 3476 1306 3564 habuerit,
1317 3485 1507 3554 sustentet
1516 3478 1661 3566 domos,
1672 3503 1820 3575 parcos,
1830 3478 1987 3567 vivaria,

397 3606 548 3696 stagna,
566 3595 797 3685 molendina,
817 3593 871 3672 et⁴
889 3594 1018 3671 omnia
1036 3594 1100 3672 ad'
1119 3606 1264 3673 terram
1283 3596 1389 3673 illam
1409 3596 1653 3695 pertinentia.
1675 3598 1733 3674 Et
1755 3599 1802 3674 de
1822 3597 1988 3674 exitibus

396 3727 510 3794 terra
533 3717 702 3794 eiusdem
727 3717 864 3793 reddat
888 3716 1018 3792 heredi
1041 3740 1130 3792 oum
1154 3716 1205 3792 ad
1229 3714 1385 3816 plenam
1409 3725 1562 3794 atatem
1587 3717 1817 3817 pervenerit,
1843 3728 1988 3795 terram

396 3834 516 3912 illam⁸
534 3834 657 3913 suam'
675 3833 813 3912 totam⁸
830 3833 1086 3911 instauratam
1104 3836 1152 3911 de
1168 3835 1315 3910 carucis
1332 3843 1371 3911 et
1389 3835 1565 3912 omnibus
1584 3835 1678 3925 aliis,
1698 3844 1737 3912 et
1755 3836 1893 3914 saltem
1909 3862 1988 3914 non

396 3955 522 4032 minus
536 3980 653 4054 quam
666 3954 876 4031 secundum
890 3953 993 4052 quod
1006 3953 1113 4030 illam
1126 3953 1382 4030 instauratam
1396 3953 1553 4030 invenit.
1572 3955 1676 4031 Item
1690 3954 1784 4030 nihil
1798 3955 1924 4054 capiet
1940 3956 1988 4032 de

395 4081 503 4151 terra
512 4072 660 4150 heredis
672 4071 766 4148 dum
779 4072 899 4148 fuerit
911 4072 1017 4148 infra
1028 4079 1180 4148 atatem
1193 4071 1266 4148 nisi
1279 4071 1524 4148 rationabiles
1539 4072 1677 4162 exitus,
1689 4083 1729 4150 et
1742 4071 1987 4151 rationabiles

397 4192 702 4280 consuetudines,
729 4200 768 4267 et
795 4189 1037 4266 rationabilia
1063 4189 1229 4278 servitia,
1256 4199 1295 4266 et
1321 4189 1392 4266 hoc
1419 4191 1499 4267 sine
1526 4191 1785 4268 destructione
1811 4201 1851 4268 et
1877 4202 1988 4269 vasto

395 4309 594 4386 hominum
613 4308 688 4385 vel⁰
709 4335 849 4385 rerum.
872 4308 989 4396 Quod
1012 4309 1043 4384 si
1064 4308 1210 4396 lecerit,
1234 4307 1312 4384 sive
1333 4308 1546 4408 procedat²⁰
1568 4309 1775 4409 prohibitio
1797 4311 1875 4387 sive
1896 4336 1987 4399 non,

398 4430 550 4507 amittet
570 4429 795 4517 custodiam,
818 4437 856 4504 et
877 4427 1094 4504 emendabit
1116 4429 1311 4517 damnum,
1334 4435 1374 4504 et
1394 4428 1599 4504 tradetur¹²
1622 4439 1785 4528 propter
1807 4429 1988 4507 delictum

396 4546 539 4624 talibus
557 4545 743 4644 legalibus
762 4556 801 4623 et
819 4545 991 4623 discretis
1010 4545 1225 4623 hominibus
1244 4547 1305 4622 vel
1325 4547 1664 4646 propinquioribus
1683 4550 1987 4647 consanguineis,

397 4665 608 4742 secundum
625 4665 729 4762 quod
746 4663 907 4740 interius
925 4663 1073 4740 dicetur
1090 4665 1137 4742 de
1156 4664 1379 4742 actionibus.
1401 4664 1444 4742 Si
1462 4675 1593 4742 autem
1611 4667 1788 4743 dominus
1806 4694 1875 4744 rex
1895 4693 1986 4766 qua-

398 4808 561 4882 cumque
578 4784 625 4859 de
643 4806 758 4858 causa
775 4781 989 4859 custodiam
1006 4781 1164 4860 alicuius
1180 4791 1294 4858 terrae
1310 4782 1499 4874 habuerit,
1518 4793 1557 4861 et
1575 4785 1681 4861 illam
1699 4785 1909 4862 vicecomiti
1927 4785 1988 4864 vel

398 5001 425 5036 ⁸⁹
436 4999 618 5080 quandoque
632 5008 664 5060 et
679 4998 872 5079 quandoque,
886 4999 926 5072 Y,
941 5000 1021 5072 CM;
1037 5007 1069 5062 et
1083 4998 1276 5078 quandoque,
1292 5002 1368 5063 ΜΘ.
1406 4999 1431 5035 ⁴⁰
1444 4999 1620 5078 eorundem,
1636 5003 1705 5077 OB,
1721 5003 1796 5064 MA.

480 5101 567 5162 ²non
583 5119 714 5179 semper,
731 5099 798 5175 ΟΕ,
815 5101 894 5173 MC;
911 5119 973 5160 non
989 5119 1093 5178 super,
1108 5100 1178 5178 OA,
1194 5103 1263 5179 OB,
1280 5103 1346 5180 LA,
1364 5104 1440 5179 MA,
1457 5105 1521 5165 ΜΒ
1544 5102 1599 5180 (-l-
1612 5103 1710 5182 non);
1727 5123 1790 5166 non
1807 5109 1867 5167 erit
1884 5126 1988 5185 super,

398 5203 465 5264 OC.
507 5201 682 5276 ''⁸terram‚
702 5202 777 5275 0133
798 5209 909 5278 terras,
930 5202 1011 5275 MA;
1032 5209 1133 5276 terra,
1154 5203 1229 5263 ΜΒ.
1272 5201 1354 5264 ⁴¹³et
1374 5211 1477 5266 cetera
1497 5208 1599 5267 omnia
1621 5205 1671 5281 ad,
1693 5207 1738 5279 V;
1759 5213 1792 5268 et
1813 5215 1916 5269 cetera
1937 5207 1989 5284 ad,

398 5305 468 5380 OA,
483 5304 549 5379 LA,
562 5303 629 5378 OC,
644 5303 712 5378 GE,
726 5303 800 5364 Mc,
836 5301 942 5377 ⁸0m.,
956 5303 1026 5377 OA,
1040 5303 1107 5378 LA,
1122 5305 1197 5379 CM,
1212 5305 1286 5367 MC.
1323 5303 1428 5382 τΟΜ,
1444 5307 1510 5368 OC.
1548 5304 1828 5384 ⁸0m.,cE,MA.
1867 5309 1933 5386 ⁰et,
1948 5309 1988 5385 V,

399 5405 466 5480 ΟΕ,
484 5405 560 5467 Mo.
601 5403 628 5438 ²⁰
639 5402 804 5482 precedat,
822 5403 863 5479 V,
881 5404 950 5479 OA,
968 5404 1043 5464 Me.
1083 5403 1110 5438 ¹¹
1122 5405 1263 5467 tradetur
1281 5413 1376 5481 terra,
1396 5407 1436 5483 V,
1455 5407 1533 5483 Mo,
1555 5410 1629 5485 CM,
1649 5409 1688 5471 Y.
