4432 6336
644 508 705 569 DE
728 507 1031 580 ADQUIRENDO
1054 508 1212 569 RERUM
1235 507 1437 568 DOMINIO
1766 515 1836 582 181

248 657 490 734 naturaliter¹
503 658 644 734 iniuste
655 668 694 736 et
707 685 786 736 non
798 685 897 737 vere.
912 660 990 736 Est
1002 660 1104 736 enim
1116 659 1304 737 naturalis
1317 657 1504 758 possessio
1517 659 1619 734 iusta
1631 668 1671 735 et
1684 658 1837 735 iniusta.

250 775 374 864 Iusta,
396 786 441 853 ut
463 777 494 852 si
517 776 637 854 facta⁸
658 777 866 855 traditione
888 778 1060 854 extiterit
1083 777 1306 854 donatarius
1330 778 1371 852 in
1395 776 1631 875 possessione
1654 803 1777 853 vacua
1800 786 1839 854 et

248 921 319 996 per
334 923 390 974 se:
406 897 595 974 naturalis
609 906 648 974 et
663 899 816 986 iniusta,
831 908 876 974 ut
893 898 924 974 si
939 923 1027 973 cum
1042 899 1207 974 donator
1222 897 1467 974 donatarium
1482 897 1678 973 induxerit
1694 897 1735 971 in
1751 922 1838 995 pos·

249 1017 453 1093 sessionem
473 1015 585 1093 ambo
606 1016 719 1093 simul
738 1018 991 1094 remanserint
1011 1018 1052 1092 in
1071 1016 1319 1115 possessione,
1339 1025 1378 1094 et
1397 1042 1475 1115 quo
1494 1041 1585 1092 casu
1607 1016 1700 1092 dum
1721 1016 1838 1092 dona·

247 1133 370 1210 tarius
391 1135 432 1210 in
452 1135 689 1233 possessione
710 1136 829 1213 fuerit
850 1136 880 1212 si
901 1144 1036 1213 utatur
1056 1145 1100 1211 ut
1122 1135 1241 1234 prius,
1264 1146 1303 1212 et
1324 1134 1484 1212 statum⁸
1506 1160 1584 1211 non
1605 1134 1839 1223 mutaverit*

247 1264 409 1354 uterque
429 1255 544 1332 habet
566 1254 783 1332 naturalem
803 1254 1091 1354 possessionem,
1115 1255 1181 1331 sed
1204 1254 1369 1332 donator
1390 1254 1531 1332 iustam
1553 1265 1593 1331 et
1614 1254 1838 1332 donatarius

248 1374 441 1450 iniustam.
460 1374 519 1451 Et
536 1375 638 1451 idem
655 1375 728 1451 erit
745 1375 776 1450 si
795 1381 957 1473 uterque
975 1383 1111 1451 utatur
1129 1383 1174 1449 ut
1193 1374 1381 1462 dominus,
1401 1374 1491 1473 quia
1510 1375 1675 1451 donator
1693 1374 1839 1450 utendo

248 1494 525 1592 possessionem
545 1518 656 1569 suam
675 1494 887 1581 continuat,
910 1503 949 1570 et
971 1494 1194 1570 donatarius
1216 1492 1361 1569 utendo
1383 1493 1477 1569 nihil
1498 1493 1568 1570 sibi
1591 1493 1771 1592 adquirit.
1796 1493 1839 1570 Si

248 1622 378 1689 autem
404 1612 628 1688 donatarius
652 1620 788 1689 utatur
811 1621 856 1689 ut
881 1612 1058 1689 dominus
1083 1622 1122 1689 et
1146 1613 1312 1689 donator
1336 1638 1426 1700 non,
1451 1613 1576 1689 adhuc
1601 1638 1680 1689 non
1704 1612 1839 1712 incipit

248 1732 472 1810 donatarius
494 1732 688 1831 possidere
709 1732 799 1831 quia
819 1756 981 1807 vacuam
1003 1730 1216 1808 nonhabet
1238 1731 1524 1830 possessionem.
1547 1732 1607 1807 Et
1627 1730 1742 1808 idem⁶
1765 1732 1839 1808 dici

248 1850 392 1949 poterit
418 1851 466 1927 de
490 1849 638 1927 familia
662 1851 870 1939 donatoris,
896 1857 941 1926 ut
966 1849 1010 1926 si⁸
1036 1850 1137 1926 cum'
1164 1853 1328 1927 donator
1353 1851 1598 1928 donatarium
1623 1851 1664 1926 in
1690 1875 1837 1950 posses·

248 1969 393 2046 sionem
408 1968 615 2058 induxerit,
632 1979 671 2045 et
687 1968 740 2045 sic
755 1994 915 2067 corpore
932 1969 1092 2069 proprio
1108 1980 1147 2046 et
1165 1970 1292 2046 animo
1310 1971 1516 2058 recesserit,
1533 1970 1674 2047 relictis
1692 1970 1733 2047 in
1750 1995 1837 2070 pos-

248 2088 412 2166 sessione
429 2113 562 2177 uxore,
580 2087 721 2186 pueris,
739 2090 800 2164 vel
817 2088 893 2165 alia
912 2089 1085 2177 familia,⁸
1104 2090 1191 2165 licet
1211 2089 1434 2166 donatarius
1452 2097 1599 2178 utatur,
1619 2099 1750 2167 tamen
1768 2116 1840 2189 per

248 2209 366 2285 talem
381 2235 495 2285 usum
510 2209 603 2284 nihil
620 2207 788 2307 adquirit
804 2206 988 2306 praedicta
1003 2209 1163 2297 ratione,
1179 2209 1270 2307 quia
1286 2234 1447 2286 vacuam
1463 2235 1542 2285 non
1557 2208 1673 2287 habet
1691 2234 1838 2309 posses·

249 2327 404 2403 sionem.
426 2328 530 2404 Item
547 2335 629 2402 esto
647 2329 752 2425 quod
770 2352 857 2404 curn
877 2327 1041 2403 donator
1061 2327 1306 2405 donatarium
1324 2329 1365 2404 in
1383 2328 1660 2426 possessionem
1678 2328 1838 2405 induxe-

249 2446 311 2535 rit,
330 2444 456 2523 simul'
474 2447 514 2522 in
533 2446 770 2546 possessione
788 2446 986 2524 extiterint
1006 2473 1077 2545 per
1096 2446 1251 2545 aliquod
1271 2456 1436 2546 tempus,
1457 2457 1496 2525 et
1516 2448 1628 2525 simul
1648 2474 1672 2524 a
1691 2474 1838 2547 posses·

248 2564 354 2643 sione
370 2567 604 2656 recesserint,
621 2567 711 2667 quia
727 2568 871 2666 poterit
887 2595 968 2645 esse
985 2569 1141 2644 donatio
1158 2579 1197 2646 et
1214 2569 1372 2646 traditio
1390 2569 1618 2668 imaginaria
1633 2579 1673 2647 et
1691 2570 1839 2659 fictitia,

249 2689 296 2765 de
319 2688 480 2764 veritate
504 2695 544 2763 et
566 2668 738 2787 partium
760 2687 961 2764 voluntate
985 2697 1024 2765 et
1048 2686 1176 2763 animo
1200 2698 1376 2764 constare
1400 2714 1478 2764 non
1503 2689 1646 2787 poterit
1671 2688 1743 2765 nisi
1768 2713 1840 2788 per

249 2833 373 2885 usum.
387 2809 467 2884 Per
479 2833 592 2884 usum
604 2807 705 2884 enim
717 2807 759 2882 in
771 2807 842 2882 hoc
855 2831 945 2882 casu
960 2806 1145 2882 declarari
1158 2806 1302 2905 poterit
1316 2806 1468 2894 veritas,
1484 2816 1522 2882 et
1536 2805 1577 2881 in
1589 2806 1660 2881 hoc
1674 2816 1732 2882 est
1746 2833 1838 2882 usus

248 2926 493 3014 necessarius,
509 2925 599 3023 quia
614 2925 787 3022 quamvis
803 2950 874 3024 per
888 2924 1149 3000 inductionem
1164 2924 1204 3000 in
1219 2924 1496 3022 possessionem
1511 2925 1691 3023 praesumi
1708 2934 1838 3023 posset

249 3045 495 3122 donationem
509 3054 548 3121 et
563 3043 811 3121 traditionem
824 3069 905 3120 esse
919 3068 1061 3131 veram,
1078 3052 1117 3120 et
1131 3043 1193 3118 cui
1210 3044 1392 3119 standum
1406 3042 1506 3119 erit¹⁰
1521 3043 1642 3120 donec
1657 3042 1838 3142 probare·

248 3162 341 3239 tur¹²
362 3160 430 3238 in²²
451 3161 698 3252 contrarium,
720 3171 851 3239 tamen
872 3171 1003 3260 posset
1025 3162 1189 3238 donator
1210 3163 1294 3261 ipso
1317 3162 1423 3238 facto
1445 3163 1581 3240 docere
1602 3162 1839 3239 contrarium

249 3282 394 3358 utendo
408 3289 453 3357 ut
469 3281 576 3380 prius
592 3307 718 3380 perse
733 3281 793 3357 vel
809 3280 907 3381 per¹³
924 3306 1024 3369 suos,
1041 3291 1080 3358 et
1096 3307 1168 3380 per
1184 3281 1333 3358 factum
1349 3281 1428 3358 tale
1445 3281 1610 3359 vincitur
1627 3306 1838 3381 praesump·

248 3403 315 3492 tio,
337 3428 382 3478 eo
405 3401 508 3501 quod
531 3401 626 3479 facit
647 3401 884 3476 contrarium
906 3401 1013 3477 facto
1034 3399 1275 3499 praecedenti.
1301 3401 1381 3477 Per
1403 3400 1594 3476 exteriora
1616 3400 1719 3477 enim
1742 3426 1838 3499 prae·

249 3519 348 3597 sumi
364 3520 508 3620 poterit
525 3521 572 3596 de
589 3519 845 3608 interioribus,
863 3520 1073 3595 secundum
1091 3518 1194 3618 quod
1213 3519 1363 3607 dicitur,
1381 3520 1583 3595 Monstrat
1599 3543 1672 3618 per
1688 3518 1839 3596 vultam

249 3641 343 3740 qaid
354 3642 405 3718 ait
418 3639 488 3717 aab
503 3640 616 3717 corde
631 3638 839 3739 sepultam,
855 3647 893 3715 et
907 3636 1031 3714 multo
1045 3638 1186 3714 fortius
1201 3646 1416 3715 monstrare
1432 3638 1575 3736 poterit
1591 3664 1662 3736 per
1678 3639 1838 3716 factrrm.

250 3762 353 3838 Item
373 3786 461 3838 cum
481 3761 593 3837 ambo
612 3761 725 3837 simul
745 3786 769 3836 a
787 3761 1024 3858 possessione
1042 3760 1278 3847 recesserint,
1299 3759 1478 3858 iniungat
1499 3759 1664 3836 donator
1684 3760 1840 3836 familiae

250 3886 354 3984 quod
369 3884 418 3962 sit
433 3884 634 3960 intendens
651 3882 852 3958 donatario
869 3881 967 3958 sicut
984 3880 1138 3958 domino
1155 3881 1195 3956 in
1212 3879 1400 3970 omnibus,
1417 3882 1478 3957 vel
1495 3906 1583 3957 cum
1600 3890 1839 3959 sacramento

249 4005 309 4081 vel
325 4005 416 4094 sine,
433 4014 471 4081 et
487 4003 546 4080 si²⁴
560 4003 613 4080 sic
627 4004 777 4079 factum
792 4002 924 4091 fuerit,
941 4001 1128 4079 sufficiens
1145 4003 1218 4078 erit
1233 4003 1390 4078 donatio
1406 4012 1444 4079 et
1459 4002 1628 4079 traditio.
1650 4003 1692 4079 Si
1710 4013 1839 4080 autem

249 4125 386 4202 fecerit
407 4125 654 4213 contrarium,
678 4124 734 4201 ita
754 4125 899 4224 poterit
921 4149 1002 4201 esse
1024 4123 1181 4200 donatio
1205 4133 1243 4200 et
1266 4123 1424 4200 traditio
1447 4123 1675 4222 imaginaria
1698 4133 1738 4201 et
1761 4150 1839 4201 non

248 4274 351 4337 vera,
370 4247 537 4325 maxime
556 4248 587 4324 si
606 4249 771 4323 donator
790 4243 991 4322 reversus²⁶
1011 4244 1209 4343 negotium
1229 4244 1281 4321 sic
1299 4254 1453 4342 gestum
1474 4253 1603 4320 ratum
1622 4244 1839 4322 habuerit.¹⁰

252 4369 294 4446 Si
318 4378 449 4446 autem
470 4369 542 4444 hoc
564 4393 644 4444 non
668 4367 952 4466 approbaverit,
978 4367 1092 4443 firma
1116 4366 1188 4443 erit
1213 4365 1382 4454 donatio,
1406 4376 1446 4444 et
1470 4366 1665 4444 tenebitur
1691 4366 1840 4443 familia

250 4490 451 4568 donatario
474 4515 545 4588 per
567 4489 756 4565 actionem
777 4489 1021 4587 negotiorum
1043 4487 1281 4587 gestomm.²²
1308 4488 1386 4564 Sed
1410 4497 1492 4564 esto
1516 4490 1731 4587 quodcum
1754 4489 1839 4587 quis

250 4610 497 4686 donationem
522 4609 659 4686 fecerit
685 4619 725 4686 et
751 4609 998 4687 traditionem
1026 4610 1178 4686 fructus
1205 4609 1409 4708 exceperit,
1436 4617 1530 4685 tunc
1556 4611 1679 4687 refert
1707 4618 1840 4687 utrum

334 4826 542 4888 ²naturaliter
566 4836 609 4903 et,
633 4828 702 4902 OB,
727 4827 802 4889 Mn
849 4826 955 4890 'iusta
981 4827 1077 4904 tacta,
1102 4828 1142 4904 V,
1168 4828 1246 4902 MG,
1271 4829 1335 4889 CM
1365 4827 1545 4905 (†iuata).
1592 4827 1732 4888 ⁸statum
1756 4846 1840 4903 vero,

250 4927 322 5002 003
346 4933 462 5003 statim,
484 4929 523 4989 Y.
568 4927 724 4990 '‘⁴statim
746 4948 819 4990 vero
841 4932 1018 5003 mutaverit,
1040 4930 1118 5004 MG,
1142 4930 1215 4990 CM.
1261 4927 1365 5004 ‘idea
1390 4930 1467 5004 MG,
1491 4929 1563 4990 cM.
1610 4926 1739 5004 ⁶·'Om.,
1764 4927 1839 4999 0133

250 5031 339 5103 sicut,
357 5030 433 5104 MA,
452 5031 517 5090 ΜΒ
524 5051 533 5103 ;
552 5051 630 5105 cum,
650 5028 715 5091 ΟΕ.
755 5027 901 5090 ‘familia
917 5033 1040 5090 nomine
1057 5029 1227 5105 donatoris,
1246 5028 1286 5104 V,
1305 5030 1372 5104 OC,
1392 5031 1470 5105 MG,
1490 5029 1564 5090 CM.
1605 5028 1661 5090 'et
1679 5028 1780 5104 simul,
1799 5028 1840 5104 V,

250 5130 329 5205 MG,
345 5131 418 5192 cM.
456 5129 483 5164 ¹⁰
494 5138 585 5208 esset,
601 5131 670 5207 OA,
687 5133 754 5206 LA,
771 5131 839 5206 OC,
856 5132 933 5207 MG,
951 5133 1023 5193 CM.
1063 5130 1088 5165 ²¹
1100 5130 1296 5208 probaretur,
1314 5129 1383 5206 OA,
1401 5130 1468 5205 LA,
1485 5130 1552 5203 OC,
1570 5131 1644 5206 MC,
1662 5129 1740 5205 MG,
1758 5131 1838 5202 cM3

249 5231 409 5309 probetur,
425 5232 494 5308 OB,
511 5233 587 5308 MA,
603 5234 680 5307 ΜΒ,
698 5233 765 5309 CE,
781 5234 820 5294 Y.
859 5231 978 5308 ¹²Om.,
996 5233 1064 5306 OB,
1081 5234 1158 5306 MA,
1174 5233 1250 5293 ΜΒ.
1289 5230 1406 5305 ¹⁸Om.‚
1424 5233 1494 5309 OB,
1511 5233 1588 5306 MA,
1605 5231 1680 5293 ΜΒ.
1719 5230 1840 5306 ²⁴Om.,

250 5333 319 5410 OA,
337 5333 409 5407 00;
427 5354 506 5410 cum,
522 5335 601 5410 MG,
618 5334 692 5395 CM.
732 5331 798 5368 ²⁶⁴⁸
810 5353 950 5396 reversus
967 5354 1007 5396 ue
1025 5335 1142 5395 factum
1160 5339 1205 5396 sic
1222 5340 1343 5414 gestum
1361 5340 1478 5394 rectum
1496 5331 1650 5409 habuerit,
1669 5333 1746 5408 MG,
1764 5333 1837 5394 CM.

250 5433 370 5511 nOm,
384 5435 462 5508 MG,
479 5435 552 5497 CM.
