4392 6352
379 484 454 554 300
911 475 1134 539 BRACTON:
1157 476 1217 536 DE
1240 476 1434 539 LEGIBUS

378 627 635 717 homicidium,
653 653 705 704 an
720 654 769 703 ex
785 636 938 717 eventu,
956 637 1148 726 utsupra.
1167 628 1225 705 Et
1243 627 1453 705 secundum
1470 627 1541 703 hoc
1560 636 1629 703 aut
1646 627 1721 704 erit
1739 627 1883 702 felonia
1901 636 1969 703 aut

378 745 647 823 infortunium.
666 747 769 822 Item
784 755 842 822 est
857 771 973 845 poena
987 746 1208 845 pecuniaria
1224 747 1322 823 sicut
1339 746 1560 845 corporalis,
1577 745 1643 823 et²⁴
1660 745 1838 845 quaelibet
1854 769 1971 845 poena

378 863 615 961 corporalis²⁶
631 864 806 962 quamvis
820 863 979 942 minima
994 865 1117 941 maior
1132 874 1190 942 est
1207 864 1378 964 qualibet
1394 888 1511 964 poena
1527 864 1759 964 pecuniaria.

483 1116 563 1193 Ubi
580 1117 832 1194 terminando
849 1127 940 1194 eant
959 1116 1128 1195 actiones
1146 1117 1284 1196 civiles.

378 1233 560 1309 Drcrum
578 1244 636 1311 est
653 1235 830 1334 superius
847 1236 888 1312 in
906 1236 1012 1314 cuius
1031 1237 1137 1312 curia
1155 1238 1322 1313 actiones
1341 1236 1555 1312 criminales
1574 1236 1739 1313 debeant
1758 1236 1969 1324 terminari,

379 1353 457 1429 sive
473 1353 514 1428 in
529 1354 714 1430 comitatu
731 1355 792 1430 vel
809 1365 931 1443 extra,
950 1355 1028 1432 sive
1044 1355 1085 1431 in
1101 1355 1207 1433 curia
1225 1354 1369 1431 domini
1385 1355 1487 1453 regis
1504 1355 1565 1432 vel
1583 1354 1684 1431 alibi.
1704 1356 1822 1431 Nunc
1840 1363 1970 1432 autem

379 1472 611 1550 dicendum¹⁸
633 1473 700 1549 ubi
722 1473 972 1550 terminandae
996 1483 1087 1550 sunt
1110 1474 1277 1550 actiones
1301 1473 1429 1550 civiles
1454 1499 1537 1572 quae
1561 1482 1652 1550 sunt
1675 1473 1716 1549 in
1740 1499 1821 1550 rem
1844 1473 1906 1550 vel
1928 1472 1969 1548 in

378 1616 594 1690 personam.
619 1591 677 1669 Et
700 1593 896 1669 sciendum
919 1594 1022 1691 quod
1045 1619 1178 1669 earum
1202 1618 1286 1690 quae
1309 1593 1462 1669 suntin
1485 1618 1578 1681 rem,
1603 1592 1701 1668 sicut
1723 1593 1779 1668 rei
1802 1591 1968 1667 vindica·

377 1709 501 1786 tiones
521 1736 593 1808 per
610 1710 725 1787 breve
745 1710 793 1787 de
812 1720 928 1800 recto,
949 1712 1147 1789 temrinari
1168 1711 1309 1788 debent
1329 1711 1369 1786 in
1389 1711 1495 1787 curia
1514 1711 1703 1787 baronum
1723 1712 1784 1786 vel
1806 1711 1970 1786 aliorum

378 1828 426 1906 de
442 1829 580 1928 quibus
596 1830 679 1930 ipse
696 1841 832 1930 petens
848 1830 1070 1907 clamaverit
1087 1837 1229 1919 tenere,
1249 1831 1279 1907 si
1297 1830 1456 1929 plenum
1473 1838 1621 1906 rectum
1638 1830 1673 1906 ei
1691 1838 1822 1906 tenere
1840 1827 1968 1904 volue-

377 1949 441 2037 rit,
460 1947 522 2024 vel
541 1949 663 2047 possit
682 1949 743 2025 vel
763 1950 925 2026 sciverit.
950 1949 992 2025 Si
1013 1958 1143 2025 autem
1164 1949 1330 2026 noluerit
1351 1948 1412 2024 vel
1433 1974 1512 2024 non
1532 1949 1653 2047 possit
1674 1949 1735 2024 vel
1756 1948 1968 2035 nesciverit,

377 2077 471 2144 tunc
492 2069 657 2167 probato
679 2095 703 2144 a
723 2077 878 2144 tenente
901 2068 1005 2166 quod
1026 2067 1132 2142 ouria
1154 2067 1298 2145 domini
1321 2069 1379 2143 sui
1402 2069 1436 2144 ei
1459 2069 1508 2143 de
1530 2077 1634 2144 recto
1657 2067 1852 2156 defecerit,
1875 2076 1969 2144 tunc

376 2188 583 2264 transferri
600 2186 713 2263 debet
731 2187 917 2285 placitum
934 2186 985 2262 ad
1002 2187 1227 2262 comitatum
1245 2197 1290 2262 ut
1307 2187 1513 2263 vicecomes
1531 2194 1679 2263 rectum
1697 2195 1839 2274 teneat,
1858 2194 1897 2262 et
1917 2185 1969 2261 sic

377 2306 407 2381 f.
424 2304 543 2398 105b]
599 2331 622 2381 a
638 2305 825 2380 comitatu
840 2305 1045 2382 transferri
1062 2305 1206 2404 poterit
1224 2307 1274 2381 ad
1290 2329 1474 2403 magnam
1491 2304 1637 2381 curiam
1654 2331 1703 2380 ex
1719 2313 1825 2380 certa
1841 2329 1968 2392 causa,

378 2423 409 2499 si
424 2423 601 2500 dominus
616 2449 684 2499 rex
698 2423 875 2511 voluerit,
892 2433 931 2501 et
944 2424 996 2500 ibi
1011 2422 1220 2500 terminari.
1239 2423 1318 2499 Sed
1333 2425 1417 2499 fieri
1432 2449 1511 2499 non
1526 2420 1666 2500 debet²⁷
1683 2432 1818 2500 contra
1834 2423 1968 2498 volun·

376 2549 499 2618 tatem
513 2541 767 2630 dominorum,
781 2541 879 2618 sicut
893 2542 985 2618 olim
1000 2542 1083 2617 fieri
1098 2541 1194 2619 solet
1209 2568 1281 2641 per
1294 2541 1461 2641 proedpe
1476 2541 1547 2618 nisi
1563 2568 1612 2618 ex
1627 2541 1818 2641 praedietis
1834 2540 1969 2628 causis,

377 2659 438 2734 vel
459 2658 490 2735 si
510 2657 715 2735 dominus¹⁸
735 2659 849 2736 curiae
871 2670 1009 2759 sponte
1029 2660 1175 2737 curiam
1196 2685 1305 2737 suam
1327 2660 1515 2737 remiserit
1536 2661 1609 2761 ipsi
1632 2661 1725 2758 regi.
1748 2660 1807 2737 Et
1829 2660 1877 2737 de
1898 2660 1968 2735 hac

376 2779 539 2862 materia
560 2778 735 2855 habetis·
759 2778 910 2878 plenius
932 2779 1049 2867 infra,
1074 2780 1121 2855 de
1145 2778 1357 2856 actionibus
1380 2778 1551 2855 civilibus
1574 2779 1615 2854 in
1638 2804 1720 2855 rem
1743 2804 1860 2877 super
1883 2779 1968 2878 ipsa

377 2899 617 2996 proprietate
631 2923 703 2996 per
714 2898 828 2974 breve
844 2899 891 2974 de
905 2907 1021 2974 recto.
1039 2899 1090 2974 In
1104 2899 1289 2973 comitatu
1303 2923 1395 2973 vero
1408 2897 1608 2974 terminari
1622 2897 1766 2996 poterit
1782 2897 1969 2996 placitum

377 3044 449 3118 per
466 3019 580 3094 breve
599 3019 646 3095 de
665 3027 770 3094 recto
789 3026 828 3094 et
847 3042 976 3093 coram
994 3017 1224 3104 vicecomite,
1246 3016 1277 3092 si
1298 3016 1349 3092 ad
1367 3042 1550 3113 magnam
1569 3016 1715 3092 curiam
1734 3015 1968 3093 translatum

377 3161 456 3211 non
471 3136 591 3212 fuerit
605 3144 650 3212 ut
666 3135 892 3235 praedictum
908 3143 977 3211 est.
997 3136 1101 3211 Item
1118 3133 1276 3233 quaestio
1292 3143 1416 3211 status
1434 3135 1531 3211 sicut
1548 3134 1735 3233 placitum
1751 3132 1799 3210 de
1816 3133 1968 3221 nativis,

377 3255 451 3332 nisi
470 3255 534 3332 ille
555 3255 621 3353 qui
641 3254 789 3354 petitur
810 3253 1035 3352 excipiendo
1058 3279 1097 3330 se
1119 3254 1222 3330 dicat
1243 3279 1324 3329 ease
1345 3252 1519 3341 liberum,
1544 3261 1582 3329 et
1603 3275 1734 3329 coram
1756 3252 1967 3329 iustitiariis

378 3373 522 3450 domini
540 3373 642 3471 regis
661 3373 702 3448 in
721 3373 890 3448 adventu
909 3372 1082 3470 ipsorum
1101 3397 1141 3448 se
1161 3395 1242 3448 esse
1262 3370 1525 3470 probaturam.
1546 3371 1605 3447 Et
1625 3397 1702 3468 quo
1722 3395 1813 3446 casu
1834 3395 1968 3469 pacem

377 3493 532 3569 habebit
546 3519 667 3596 usque
682 3489 919 3567 adventum²⁰
936 3490 1120 3589 ipsorum,
1137 3488 1224 3565 vel²²
1240 3489 1445 3566 transferri
1461 3489 1606 3587 poterit
1621 3487 1800 3587 probatio
1816 3497 1855 3566 et
1872 3489 1968 3565 iudi·

378 3611 480 3687 cium
500 3611 551 3686 ad
570 3635 755 3709 magnam
775 3609 922 3685 curiam
943 3609 975 3685 si
997 3608 1152 3684 domino
1174 3609 1257 3706 regi
1279 3607 1479 3706 placuerit.
1504 3608 1608 3684 Item
1630 3605 1697 3682 in²²
1720 3607 1907 3683 comitatu
1929 3616 1968 3682 et

378 3756 507 3807 coram
532 3729 750 3806 vicecomite
775 3725 979 3828 placitari²⁸
1004 3735 1168 3826 possunt
1194 3725 1336 3825 plura²⁴
1362 3725 1508 3825 placita
1531 3726 1573 3802 in
1598 3725 1735 3824 quibus
1763 3725 1968 3801 vicecomes

377 3859 436 3926 est
456 3847 683 3924 iustitiarius
703 3846 934 3923 constitutus
956 3843 1053 3945 per¹⁵
1074 3843 1215 3921 breve²⁰
1237 3844 1340 3943 quod
1360 3843 1533 3933 iustitiet,
1555 3843 1652 3921 sicut
1675 3844 1723 3920 de
1746 3844 1908 3920 servitiis
1929 3853 1969 3920 et

378 3967 727 4054 consuetudinibus,
745 3966 792 4042 de
809 3965 958 4053 debitis,
976 3974 1015 4042 et
1030 3962 1114 4042 aliis
1131 3963 1280 4062 placitis
1294 3963 1465 4039 infinitis.
1483 3964 1587 4040 Item
1596 3961 1782 4061 placitum
1793 3964 1840 4039 de
1848 3963 1969 4038 vetito

377 4088 495 4164 namii
512 4088 553 4162 in
568 4111 645 4185 quo
661 4086 866 4162 vicecomes
883 4082 1109 4160 iustitiarius
1127 4091 1184 4158 est
1203 4090 1242 4158 et
1259 4081 1475 4157 vicecomes.
1494 4080 1552 4156 Et
1570 4081 1736 4178 qualiter
1753 4079 1968 4157 huiusmodi

375 4207 632 4283 terminentur
658 4204 819 4281 inferius
847 4203 1006 4279 dicetur.
1034 4201 1092 4278 Et
1119 4226 1241 4298 quare
1268 4224 1347 4276 non
1374 4207 1503 4296 potest
1529 4199 1734 4275 vicecomes
1763 4197 1828 4275 et¹²
1857 4197 1970 4274 comi·

376 4323 512 4403 tatus²⁸
534 4323 702 4399 iudicare
725 4320 774 4397 de
796 4319 954 4396 alicuius
976 4319 1165 4406 libertate,
1190 4305 1287 4393 sicut
1313 4318 1360 4393 de
1383 4316 1503 4415 ipsius
1527 4315 1742 4404 nativitate,
1766 4340 1855 4392 cum
1879 4340 1967 4414 pro·

378 4443 483 4520 batio
501 4441 689 4518 libertatis
711 4439 760 4516 sit
780 4438 888 4537 quasi
907 4436 1078 4513 incidens
1097 4435 1240 4536 placito
1262 4436 1309 4511 de
1330 4433 1482 4522 nativis,
1503 4433 1602 4510 sicut
1622 4432 1781 4532 posset²⁹
1801 4434 1842 4510 in
1862 4432 1969 4509 curia

378 4559 523 4636 domini
541 4559 663 4656 regis?
681 4556 822 4633 Nescio
840 4556 955 4631 aliam
973 4579 1129 4631 causam
1147 4553 1343 4652 assignare
1362 4553 1435 4629 nisi
1454 4552 1525 4629 hoc
1543 4552 1593 4628 sit
1612 4560 1775 4651 propter
1794 4552 1969 4627 favorem

377 4676 578 4765 libertatis,
593 4700 677 4774 quae
692 4684 749 4751 est
765 4700 825 4752 res
840 4671 1124 4760 inestimabilis,
1139 4681 1177 4748 et
1194 4697 1277 4770 quae
1293 4669 1587 4769 insipientibus⁸⁰
1603 4679 1642 4747 et
1657 4668 1812 4747 minus⁸²
1830 4670 1967 4746 discre-

377 4892 443 4929 ²⁴⁸²⁶
455 4895 535 4968 Om.,
549 4894 618 4967 OB,
632 4893 708 4968 MA,
722 4892 799 4966 ΜΒ,
814 4892 881 4965 CE,
895 4891 933 4952 Y.
969 4888 1171 4950 ¹⁸(licendum
1186 4896 1244 4964 eat,
1259 4889 1337 4964 MG,
1352 4889 1427 4963 CM,
1442 4888 1511 4963 OB,
1527 4889 1603 4961 MA,
1618 4887 1695 4962 ΜΒ,
1710 4887 1750 4962 Υ,
1766 4886 1840 4947 MC.
1876 4883 1968 4946 ”de-

376 4993 461 5068 beat,
475 4993 544 5069 OA,
558 4994 625 5068 OC,
640 4995 716 5068 ΜΒ,
730 4993 805 5067 MC,
819 4990 1041 5068 CE3deberet,
1056 4990 1125 5067 OB,
1139 4991 1179 5052 Y.
1214 4989 1446 5065 ²⁸eidominus,
1461 4989 1531 5064 OB,
1545 4989 1621 5063 MA,
1637 4989 1713 5063 ΜΒ,
1729 4988 1767 5049 Y.
1804 4985 1968 5047 ¹’habebi-

377 5094 593 5170 tis,OA,CE.
629 5091 656 5128 ²⁰
668 5094 708 5154 ad
723 5091 900 5168 adventum,
915 5093 954 5169 V,
969 5091 1038 5166 OB,
1052 5092 1119 5165 ΟΕ,
1135 5092 1209 5166 CM,
1225 5090 1265 5164 Y,
1280 5091 1353 5152 MC.
1390 5088 1416 5123 ¹¹
1428 5089 1477 5150 vel
1491 5093 1529 5165 si,
1545 5089 1614 5164 OA,
1630 5090 1687 5151 OC
1707 5088 1790 5168 (ut),
1806 5088 1873 5163 ΟΕ,
1889 5087 1967 5161 MG,

377 5194 521 5268 MC;vel
536 5199 575 5269 ei,
590 5194 659 5269 OB,
674 5194 751 5270 MA,
766 5195 841 5255 ΜΒ.
879 5191 904 5227 ²²
916 5193 997 5269 Om.,
1012 5194 1082 5268 OB,
1097 5191 1173 5267 MA,
1189 5192 1264 5252 ΜΒ.
1302 5190 1328 5225 ²⁸
1339 5190 1538 5269 implacitari,
1555 5191 1631 5252 MG.
1670 5188 1697 5223 ²⁴
1708 5190 1788 5264 Ona,
1805 5191 1872 5264 OC,
1888 5190 1966 5264 MG,

377 5293 443 5354 ΟΕ.
482 5291 548 5327 ²²²²²
559 5295 640 5368 Om.‚
656 5294 724 5369 OB,
741 5294 817 5370 MA,
834 5294 909 5355 ΜΒ.
948 5292 975 5326 ²⁸
986 5292 1078 5355 breve
1095 5292 1210 5353 domiui
1228 5297 1322 5370 regis,
1340 5293 1407 5367 OC,
1425 5294 1500 5354 MG.
1540 5289 1825 5367 ²²‘²⁸incomitatu,
1842 5293 1883 5368 V,
1901 5291 1967 5352 OC.

377 5392 404 5428 ²⁹
415 5397 525 5471 possit,
539 5395 578 5470 V,
593 5395 669 5468 MA,
684 5394 761 5455 MG.
798 5393 864 5428 ⁸⁰⁴²
875 5393 1093 5471 incipientibus
1108 5398 1219 5466 minua
1234 5394 1310 5469 MA,
1327 5393 1401 5455 ΜΒ.
