4432 6340
635 457 695 518 DE
719 457 1022 530 ADQUIRENDO
1045 460 1202 522 RERUM
1226 461 1428 522 DOMINIO
1755 471 1828 540 205

338 608 404 685 De
418 632 463 684 eo
478 608 545 707 qui
558 608 763 686 nutriverit
779 609 944 708 aliquem
958 611 999 687 iu
1013 612 1128 688 doato
1144 637 1216 688 aua
1229 621 1274 688 ut
1290 613 1414 711 fitium
1430 621 1469 689 et
1485 612 1661 691 heredem
1678 614 1745 714 qui
1760 639 1830 690 uec

340 726 731 825 eetfiliueueaherea.
1202 813 1206 824 ,

238 848 420 924 chrum
439 859 497 926 est
515 875 635 947 supra
653 850 839 927 de-uxore
858 853 1062 950 quae‘falso
1082 879 1121 928 se
1141 852 1263 928 facit³²
1284 862 1551 951 praegnantem
1569 854 1610 930 in
1629 855 1711 931 vita
1730 855 1829 930 viri³²

238 967 299 1042 vel
312 977 402 1066 post
415 977 592 1057 mortem,
606 994 695 1045 cum
708 995 788 1044 non
802 978 911 1046 esset.
929 971 1047 1046 Nunc
1062 980 1192 1047 autem
1207 971 1411 1048 dicendum
1426 970 1511 1048 est⁸⁸
1528 974 1559 1048 si
1574 973 1633 1049 vir
1649 972 1715 1049 et⁸⁴
1729 998 1830 1050 uxor

238 1086 498 1164 nutriverint⁸⁸
519 1086 685 1186 aliquem
704 1097 750 1164 ut
770 1087 893 1164 filium
912 1098 951 1165 et
970 1088 1148 1165 heredem
1169 1091 1234 1188 qui
1254 1114 1325 1165 nec
1344 1099 1403 1166 est
1424 1090 1526 1168 filius
1547 1116 1616 1166 nec
1637 1091 1756 1180 heres,
1779 1093 1830 1170 ad

238 1209 573 1286 exheredationem
596 1209 676 1284 veri
697 1208 858 1297 heredia,
882 1209 960 1285 sive
983 1217 1120 1308 partus
1145 1211 1194 1287 sit
1217 1211 1441 1310 suppositus
1466 1211 1544 1287 sive
1569 1211 1617 1287 ab
1641 1212 1716 1288 alio
1740 1238 1828 1288 con·

238 1338 391 1428 ceptusz
410 1339 449 1406 et
468 1330 518 1405 ad
538 1329 732 1429 querelam
751 1331 831 1405 veri
850 1329 997 1433 heredis
1017 1340 1334 1408 summoueantur
1353 1333 1456 1430 quod
1476 1333 1552 1409 sint
1573 1359 1702 1409 coram
1722 1334 1828 1411 iusti·

237 1449 387 1527 tiariis⁸⁶
402 1475 473 1550 per
487 1449 566 1526 tale
580 1450 705 1526 breve.

337 1573 466 1650 Breve
482 1573 530 1650 de
547 1571 722 1650 habendo
738 1597 878 1671 corpus
895 1573 983 1650 talia
1000 1583 1038 1650 et
1054 1575 1186 1652 uaoria
1203 1598 1282 1650 aaa
1299 1598 1428 1650 coram
1444 1575 1667 1654 iustitiariia.

237 1696 334 1773 Rex
358 1696 566 1772 vicecomiti
593 1697 767 1772 salutem.
795 1697 1045 1795 Praecipimus
1071 1698 1141 1775 tibi
1168 1698 1270 1797 quod
1295 1697 1434 1775 habeas
1461 1725 1591 1776 coram
1616 1701 1828 1778 iustitiariis

237 1816 378 1892 nostris
398 1825 575 1906 etcetera,
596 1843 736 1916 corpus
756 1818 809 1893 A.
830 1825 870 1894 et
889 1818 937 1893 B.
960 1818 1090 1895 uxoris
1112 1844 1200 1908 suae,
1220 1820 1281 1895 vel
1302 1844 1442 1918 corpus
1464 1820 1621 1897 alterius
1643 1822 1827 1919 ipsorum,

238 1938 288 2013 ad
302 1939 613 2037 respondendum
628 1939 672 2015 C.
687 1938 767 2014 filio
781 1938 841 2014 vel
855 1939 988 2037 nepoti
1002 1940 1063 2015 vel
1077 1940 1188 2015 alteri
1202 1939 1332 2015 heredi
1347 1939 1466 2039 ipsius
1481 1941 1546 2029 Α.,
1562 1940 1655 2040 qui⁸'
1672 1969 1711 2018 se
1726 1941 1828 2040 gerit

237 2081 310 2154 pro
332 2056 471 2134 herede
493 2058 614 2157 ipsius
637 2057 732 2146 Α.,’8
756 2084 874 2157 quare
898 2060 1038 2135 nutriri
1062 2059 1212 2136 faciunt
1236 2060 1290 2136 D.
1316 2061 1414 2136 sicut
1439 2061 1562 2138 filium
1586 2072 1625 2139 et
1649 2061 1827 2139 heredem

234 2178 355 2274 ipsius
366 2177 461 2267 A.,⁸⁹
473 2179 524 2255 ad
537 2178 870 2257 exheredationem
882 2180 1001 2279 ipsius
1015 2180 1073 2269 C,
1087 2179 1152 2278 qui
1164 2205 1233 2256 nec
1245 2190 1303 2257 est
1315 2180 1417 2259 filius
1429 2207 1499 2256 nec
1510 2181 1618 2259 heres
1632 2182 1753 2282 ipsius
1765 2184 1827 2272 Β.,

236 2326 306 2377 nec
324 2327 405 2377 esse
421 2309 561 2400 potest,
579 2309 624 2376 ut
641 2301 741 2377 idem
762 2301 836 2378 C.⁴⁰
854 2301 957 2377 dicit.
976 2302 1034 2378 Et
1051 2301 1190 2379 habeas
1209 2302 1261 2378 ibi
1278 2302 1348 2379 hoc
1367 2301 1491 2380 breve.
1512 2305 1629 2380 Teste
1648 2314 1825 2381 etcetera.

236 2421 296 2495 ut
307 2446 383 2519 quo
397 2420 514 2497 casu⁴²
528 2420 814 2521 comparuerit⁴²
827 2430 940 2521 pater
952 2423 1013 2500 vel
1025 2432 1160 2511 mater,
1175 2424 1236 2499 vel
1249 2427 1382 2500 eorum
1396 2424 1505 2514 alter,
1520 2435 1559 2502 et
1572 2425 1690 2501 talem
1704 2426 1826 2502 nutri·

236 2551 321 2619 tum
338 2542 605 2641 produxerint,
622 2552 717 2619 tunc
735 2542 768 2618 si
784 2543 902 2620 talem
920 2542 960 2619 in
977 2542 1115 2618 iudicio
1134 2545 1184 2620 ad
1202 2543 1325 2620 filium
1343 2554 1382 2621 et
1400 2545 1579 2622 heredem
1597 2570 1826 2645 recognove-

236 2661 327 2751 rint,
349 2670 388 2740 et
409 2663 660 2762 praesumptio
682 2663 732 2740 sit
753 2689 826 2762 pro
848 2663 901 2740 eis
923 2686 1007 2762 quae
1029 2690 1108 2740 non
1130 2664 1300 2742 admittit
1323 2665 1590 2765 probationem
1612 2667 1653 2742 in
1674 2677 1825 2770 contra·

235 2782 348 2871 rium,
367 2792 412 2859 ut
430 2782 461 2859 si
478 2792 661 2859 namatur
679 2785 726 2860 de
743 2810 865 2861 uxore
884 2810 968 2883 quae
986 2784 1185 2884 concipere
1204 2793 1344 2884 potest,
1364 2787 1453 2864 licet
1474 2786 1522 2862 ab
1543 2787 1617 2862 alio
1638 2813 1754 2886 quam
1775 2787 1825 2863 a⁴⁸

234 2901 345 2978 viro‘⁴
361 2902 611 3002 concipiatur,
627 2905 687 2980 vel
702 2905 733 2981 si
749 2905 852 2981 forte
868 2913 1113 3004 supponatur
1128 2930 1216 2982 cum
1232 2906 1344 2982 simul
1360 2905 1672 2995 cohabitaverint,
1689 2933 1760 2983 nec
1776 2907 1826 2984 sit

234 3020 553 3122 impedimentum
571 3050 619 3099 ex
637 3033 750 3122 parte
768 3025 839 3100 viri
857 3023 977 3124 quin⁴⁶
995 3050 1182 3124 generare
1199 3025 1332 3125 possit,
1353 3051 1422 3102 nec
1441 3027 1758 3126 impedimentum
1776 3055 1826 3105 ex

235 3151 348 3240 parte
366 3141 535 3219 mulieris
556 3142 648 3241 quin
666 3143 865 3242 concipere
885 3143 1007 3243 possit
1026 3153 1188 3243 propter
1209 3145 1449 3221 sterilitatem
1469 3147 1529 3222 vel
1550 3145 1825 3235 senectutem,⁴⁶

234 3257 323 3336 tulis
336 3258 501 3358 partus⁴²
514 3261 588 3338 erit
601 3260 806 3358 legitimus.
824 3262 866 3338 Si
881 3272 1011 3339 autem
1024 3288 1138 3340 verus
1150 3263 1258 3339 heres
1275 3261 1436 3340 docere⁴⁸
1453 3264 1574 3362 possit
1589 3266 1825 3342 contrarium

236 3376 340 3454 aliud
355 3377 439 3466 erit,
454 3378 543 3454 licet
558 3389 738 3478 parentes
755 3380 859 3456 aliud
875 3381 915 3456 in
932 3381 1013 3457 iure
1029 3381 1193 3458 confessi
1210 3379 1326 3468 sint,‘⁹
1341 3381 1436 3458 dum
1452 3391 1584 3460 tamen
1599 3383 1670 3458 hoc
1687 3384 1823 3481 probe·

234 3505 311 3573 tur.
330 3496 461 3574 Debet
477 3497 579 3574 enim
597 3498 785 3574 confessio
805 3498 911 3574 facta
929 3498 969 3574 in
987 3498 1069 3576 iure
1088 3508 1237 3575 natura
1256 3509 1295 3576 et
1314 3500 1467 3577 veritati
1487 3502 1699 3577 convenire.
1721 3502 1823 3578 Pen-

233 3615 350 3693 dente
368 3615 438 3692 tali
458 3615 601 3715 placito
622 3625 829 3715 antequam
848 3616 924 3692 de⁵⁰
945 3626 1063 3715 partu
1084 3617 1309 3706 constiterit,
1330 3618 1494 3695 moritur
1516 3627 1653 3718 partus
1675 3630 1714 3697 et
1736 3620 1823 3696 sub·

234 3733 409 3810 stituitur
425 3733 486 3810 ei⁵²
504 3733 600 3810 alius
619 3743 658 3812 et
674 3735 847 3811 nutritur
864 3742 909 3811 ut
926 3734 1050 3811 heres:
1070 3736 1120 3811 ad
1138 3735 1333 3834 querelam
1350 3736 1471 3834 igitur
1489 3738 1568 3813 veri
1586 3737 1734 3814 heredis
1754 3740 1824 3814 fiat

233 3848 312 3928 tale
327 3851 451 3928 breve.

332 3975 359 4050 1
360 3981 438 4050 teau
451 3974 484 4051 ei
497 3998 584 4050 cum
598 3995 711 4051 vaus
726 3973 835 4051 heret
846 3973 953 4068 iufra
966 3982 1119 4052 atatem
1136 3976 1335 4064 moriatur,
1350 3987 1548 4076 uappouat
1562 3987 1690 4056 cautae
1705 3978 1823 4056 atium

333 4101 561 4170 eatraaeura
577 4091 638 4169 uel
653 4092 840 4170 habeatur
855 4095 1020 4193 mapicio
1037 4095 1141 4194 quod
1158 4104 1334 4170 mortuus
1348 4097 1411 4183 u’t,
1428 4095 1541 4173 breve
1558 4097 1663 4196 quod
1677 4097 1821 4196 produ·

333 4218 444 4287 eatur
462 4219 501 4288 et
519 4211 707 4289 uideatur.

232 4328 329 4404 ltux
346 4327 557 4407 vicecomiti
574 4329 749 4406 sulutem.
770 4328 980 4407 Ostendit⁶²
999 4329 1109 4405 nobis
1128 4339 1167 4408 et
1187 4329 1342 4406 consilio
1361 4339 1494 4407 nostro
1514 4332 1566 4408 A.
1588 4331 1738 4409 irater⁶⁸
1759 4334 1821 4422 Β.,

232 4446 298 4544 qui
314 4472 353 4523 se
368 4447 463 4524 iacit
476 4447 654 4524 heredem
670 4448 790 4547 ipsius
806 4449 855 4524 Β.
872 4450 903 4525 si
919 4449 965 4534 C.
981 4474 1082 4525 uxor
1097 4449 1152 4525 D.
1169 4458 1208 4526 et
1224 4450 1304 4525 filia
1320 4449 1439 4549 ipsius
1456 4450 1505 4527 B.
1524 4451 1604 4528 sine
1619 4451 1757 4529 herede
1774 4452 1822 4528 de

232 4660 258 4696 ⁸²
271 4662 358 4740 iecit,
374 4664 442 4741 OA,
459 4665 526 4740 LA,
542 4665 608 4727 OC.
647 4664 743 4726 ”viri
759 4670 817 4740 aui,
834 4665 903 4742 OB,
919 4666 995 4741 MA,
1013 4667 1089 4728 ΜΒ.
1127 4665 1154 4700 ⁸⁸
1166 4666 1246 4743 Om,
1264 4668 1333 4742 OA,
1350 4669 1418 4743 LA,
1434 4669 1501 4731 OC.
1540 4667 1638 4744 ⁸⁴vel,
1656 4670 1726 4745 OB,
1745 4669 1821 4744 MA,

231 4763 308 4840 ΜΒ,
323 4765 391 4838 CE,
404 4765 446 4840 Y,
460 4765 537 4841 MG,
552 4765 590 4827 V.
628 4763 654 4799 ⁸⁸
666 4769 841 4844 nutriverit,
856 4767 933 4840 MA,
949 4768 1026 4844 MB,
1042 4767 1110 4830 OB.
1147 4765 1174 4802 ⁸⁸
1185 4771 1359 4829 iustitiariia
1375 4773 1490 4831 nostrie
1506 4769 1547 4830 ad
1563 4769 1821 4849 respondendum,

231 4863 300 4939 OA,
317 4865 384 4940 LA,
400 4866 473 4928 MC.
512 4864 670 4945 ⁸⁷⁴⁸Om,
686 4867 756 4943 OB,
773 4869 849 4943 MA,
867 4869 944 4944 ΜΒ,
962 4868 1029 4944 CB,
1046 4869 1085 4931 Y.
1122 4866 1281 4944 ⁸''⁸⁹Om,
1300 4870 1377 4932 MG.
1416 4868 1584 4944 ⁴⁰se‚OA,
1603 4871 1668 4931 ΟΕ.
1708 4869 1821 4931 ⁴¹casu

230 4969 269 5041 si,
287 4966 357 5043 OB,
378 4967 449 5041 CE;
470 4988 543 5030 casu
563 4987 642 5044 cum,
661 4968 729 5043 00,
748 4969 788 5046 V,
808 4970 881 5031 MC.
922 4967 950 5003 ⁴²
960 4973 1200 5048 comparuerint,
1219 4971 1289 5045 OA,
1311 4970 1377 5047 LA,
1397 4969 1465 5045 OC,
1486 4973 1566 5044 MC;
1586 4974 1820 5049 computaverit,

231 5066 308 5142 MA,
327 5067 404 5143 ΜΒ,
424 5069 484 5146 (-
492 5069 582 5147 ΟΒ).
622 5068 766 5133 “’“νίι·ο
785 5091 852 5148 suo,
869 5070 939 5145 OB,
958 5072 1039 5144 MB;
1059 5093 1077 5132 a
1095 5075 1162 5132 viro
1180 5092 1245 5146 auo,
1265 5072 1340 5133 MA.
1381 5069 1627 5150 ⁴⁶·⁴⁸0m.,‘013,
1647 5073 1723 5147 MA,
1743 5073 1820 5147 ΜΒ,

232 5167 310 5244 MG,
332 5170 372 5245 Y,
396 5169 461 5230 ΟΕ.
504 5167 626 5232 “filim
649 5178 681 5233 et
703 5179 825 5251 portus,
847 5173 887 5248 V,
910 5172 988 5248 MG,
1011 5174 1053 5248 Y,
1076 5173 1156 5246 cM,
1179 5179 1289 5251 partus
1313 5193 1444 5250 semper,
1468 5174 1537 5249 OA,
1562 5174 1628 5247 LA,
1652 5174 1720 5250 OC,
1745 5174 1819 5234 MC.

230 5266 259 5303 ⁴⁸
269 5269 381 5344 dicere,
396 5269 466 5347 OB,
482 5272 558 5347 MA,
572 5271 651 5349 ΜΒ,
665 5272 705 5346 Υ,
721 5273 797 5335 MG.
834 5271 861 5307 ⁴⁹
873 5281 956 5350 sunt,
972 5273 1012 5350 V,
1028 5274 1068 5350 Y,
1082 5275 1156 5348 OC;
1173 5273 1301 5348 fuerint,
1318 5275 1392 5350 MC,
1408 5275 1475 5348 LA,
1492 5275 1565 5335 cM.
1602 5271 1630 5308 ⁸⁰
1641 5273 1680 5336 de
1696 5273 1764 5351 tali,
1780 5273 1819 5350 V,

230 5369 299 5432 OB.
341 5369 460 5448 ⁸¹0m.,
481 5371 550 5449 OB,
571 5374 648 5449 MA,
669 5374 745 5436 ΜΒ.
788 5371 1022 5436 ⁶¹·“oateuaum
1041 5381 1089 5436 est
1111 5419 1119 5435 .
1142 5419 1150 5436 .
1174 5420 1181 5436 .
1204 5395 1241 5436 ex
1262 5382 1354 5453 parte
1376 5377 1413 5439 A
1439 5376 1560 5450 fratris,
1582 5376 1660 5453 MG,
1681 5377 1722 5453 Y,
1745 5376 1818 5437 CM.
