4374 6366
774 533 835 595 DE
859 532 1063 595 PLACITIS
1086 532 1275 595 CORONAE
1747 540 1822 610 488

234 687 335 762 inter
356 684 596 784 appellatum
616 682 801 759 victorem
821 691 861 758 et
881 681 999 759 alium
1020 682 1268 782 probatorem
1289 683 1336 759 de
1357 708 1459 759 novo
1481 683 1754 782 appellantem.
1779 684 1823 763 si

234 813 365 880 autem
381 803 530 902 plegios
546 800 717 878 invenire
732 826 812 877 non
828 799 990 900 possit‚²⁸
1007 808 1076 876 aut
1092 826 1257 899 regnum
1275 799 1425 878 abiuret
1442 800 1502 877 vel
1520 811 1717 879 remaneat
1735 827 1822 901 per·

234 929 354 1020 petuo
369 921 410 996 in
425 918 593 1019 prisona.

333 1039 381 1116 Si
396 1047 526 1115 autern
543 1036 804 1132 defensionem
820 1061 900 1114 aron
915 1037 1125 1135 susceperit
1141 1037 1182 1114 in
1197 1037 1360 1138 propria
1374 1060 1553 1137 persono,
1570 1037 1638 1114 aed
1655 1037 1824 1136 accipiat

335 1165 373 1234 et
384 1157 566 1234 iudicium
576 1163 700 1256 petat,
711 1156 745 1233 ci
756 1162 892 1231 contro
903 1154 1019 1231 talen
1032 1165 1324 1254 cognoscentem
1336 1181 1376 1233 ae
1390 1181 1470 1234 erae
1483 1154 1672 1232 latronem
1685 1154 1823 1233 debeat

334 1273 578 1373 respondere.

236 1393 341 1470 Cum
366 1399 497 1469 autem
520 1391 561 1467 in
585 1390 746 1491 propria
768 1416 935 1490 persona
958 1416 1192 1490 percorpus
1218 1391 1481 1470 defensionem
1505 1418 1584 1469 non
1609 1393 1823 1482 intraverit,

235 1511 379 1610 poterit
401 1511 577 1609 excipere
600 1519 735 1586 contra
758 1509 1017 1608 probatorem,
1042 1520 1081 1588 et
1104 1519 1237 1609 petere
1260 1509 1331 1587 sibi
1356 1511 1511 1586 allocari
1535 1512 1567 1588 si
1591 1512 1730 1588 debeat
1753 1511 1823 1589 tali

234 1630 264 1705 f.
280 1626 399 1723 15th
454 1628 686 1727 respondere
702 1628 768 1726 qui
784 1637 842 1704 est
857 1629 959 1707 latro
974 1653 1219 1726 cognoscens,
1234 1629 1295 1704 vel
1312 1628 1400 1705 talis
1417 1630 1521 1727 quod
1537 1654 1668 1706 vocem
1684 1628 1824 1705 habere

234 1772 313 1823 non
333 1747 471 1823 debeat
492 1771 624 1824 versus
646 1747 838 1824 hominem
859 1746 1022 1823 fidelem.
1046 1747 1105 1823 Et
1127 1772 1215 1823 cum
1236 1745 1345 1845 ipse²⁴
1368 1747 1419 1824 sit
1440 1747 1564 1823 fidelis
1586 1747 1699 1823 homo
1721 1747 1823 1824 etin

234 1867 353 1942 assisa
377 1865 520 1942 domini
544 1865 645 1963 regis
669 1874 848 1954 etcetera,
873 1874 912 1942 et
937 1865 977 1940 in
1002 1865 1137 1941 franco
1162 1865 1303 1964 plegi0,
1330 1873 1370 1942 et
1394 1865 1592 1942 dominum
1616 1865 1731 1942 habet
1757 1865 1824 1964 qui

233 1984 363 2083 ipsum
377 1983 553 2072 advocat,
568 1993 608 2060 et
623 1991 717 2059 tunc
732 1983 796 2060 sic.

332 2102 398 2180 De
414 2099 636 2196 defensione
653 2101 852 2201 appellati.
987 2201 990 2207 Α

233 2221 300 2296 Er
319 2221 368 2296 Β.
389 2219 494 2296 venit
515 2227 554 2294 et
574 2219 749 2296 defendit
769 2219 1000 2308 societatem,
1021 2219 1276 2308 latrocinium,
1297 2228 1336 2296 et
1356 2230 1484 2297 totum
1505 2231 1549 2297 ut
1572 2246 1702 2320 supra,
1725 2222 1823 2300 sicut

232 2362 366 2414 versus
391 2363 480 2414 eum
503 2336 570 2436 qui
592 2347 651 2414 est
675 2337 776 2413 latro
800 2362 1044 2435 cognoscem,
1070 2347 1109 2413 et
1134 2337 1217 2436 ipse
1241 2337 1355 2414 homo
1379 2337 1503 2416 fidelis
1528 2338 1595 2416 et²⁵
1620 2339 1661 2414 in
1687 2340 1825 2417 franco

233 2455 374 2555 plegio,
393 2465 432 2533 et
448 2455 489 2532 in
506 2455 624 2533 assisa
640 2455 785 2532 domini
803 2456 916 2553 regis,
934 2463 974 2532 et
993 2455 1191 2532 dominum
1207 2455 1322 2534 habet
1340 2457 1407 2554 qui
1424 2456 1553 2556 ipsum
1571 2457 1744 2534 advocat.
1765 2458 1824 2534 Et

234 2599 309 2673 quo
326 2599 417 2650 casu
434 2573 466 2650 si
482 2574 553 2649 hoc
570 2599 641 2672 per
658 2575 827 2672 patriam
844 2573 1061 2650 convictum
1079 2573 1211 2662 fuerit,
1229 2573 1466 2650 damnibitur
1484 2575 1671 2673 probator
1689 2575 1822 2674 appel·

232 2693 317 2768 lans
329 2701 369 2768 et
380 2691 605 2772 liberabitur
618 2691 848 2790 appellatus.
866 2691 908 2768 Si
922 2701 1052 2768 autem
1066 2691 1118 2768 sic
1131 2691 1234 2768 dicat
1249 2691 1468 2790 appellatus
1483 2692 1705 2791 simpliciter
1720 2695 1823 2792 quod

231 2810 408 2887 defendit
419 2816 547 2886 totum
558 2808 657 2886 sicut
668 2835 800 2886 versus
812 2809 1003 2885 latronem
1016 2817 1320 2906 cognoscentem,
1333 2820 1372 2886 et
1386 2810 1435 2886 de
1448 2810 1634 2887 fidelitate
1648 2836 1688 2886 se
1701 2821 1823 2910 ponat

233 2953 350 3026 super
364 2927 544 3026 patriam,
560 2927 592 3004 si
607 2952 678 3026 per
693 2927 861 3025 patriam
877 2927 998 3003 fuerit
1012 2926 1112 3003 male
1128 2927 1307 3016 creditus,
1323 2952 1411 3003 cum
1427 2953 1541 3026 pares
1558 2928 1635 3005 sint
1650 2928 1691 3003 in
1707 2929 1824 3028 culpa
1873 2949 1883 2961 ·

232 3045 434 3145 appellans
449 3053 489 3122 et
504 3045 735 3144 appellatus,
750 3045 882 3122 statim
897 3045 1074 3121 vadietur
1088 3045 1189 3121 inter
1204 3070 1268 3122 eos
1284 3045 1466 3121 duellum.
1485 3046 1543 3123 Et
1558 3047 1692 3122 eodem
1706 3048 1822 3123 modo

232 3188 320 3239 cum
346 3163 466 3240 fuerit
491 3163 696 3261 requisitus
723 3162 954 3262 appellatus,
981 3163 1012 3239 si
1039 3162 1160 3239 fuerit
1185 3163 1226 3238 in
1252 3162 1388 3239 franco
1414 3163 1545 3262 plegio
1571 3173 1611 3241 et
1636 3163 1678 3239 in
1704 3163 1822 3242 assisa

231 3281 375 3357 domini
393 3281 506 3380 regis,
524 3281 584 3357 vel
602 3281 632 3357 si
651 3282 770 3358 fuerit
788 3280 964 3357 dominus
982 3280 1049 3378 qui
1067 3281 1195 3379 ipsum
1212 3282 1384 3369 advocet,
1403 3306 1472 3357 nec
1491 3281 1540 3358 sit
1558 3281 1712 3380 aliquod
1732 3282 1821 3358 boni

231 3399 335 3498 quod
348 3424 421 3498 pro
435 3425 476 3476 se
488 3399 638 3488 habeat,
653 3399 785 3476 statim
799 3399 977 3474 radietur
989 3397 1172 3487 duellum,
1189 3423 1276 3474 cum
1291 3399 1419 3475 omnia
1433 3398 1533 3475 bona
1548 3401 1582 3476 ei
1598 3399 1820 3477 defecerint.

233 3518 336 3594 Item
351 3518 382 3593 si
397 3517 616 3615 appellatus
632 3517 725 3594 alias
741 3525 908 3594 rettatus
923 3516 1043 3593 fuerit
1060 3517 1108 3592 de
1123 3517 1321 3606 maleficio,
1337 3517 1398 3593 vel
1413 3517 1620 3594 indictatus
1637 3542 1709 3616 per
1723 3517 1820 3594 mili·

230 3644 288 3712 tes
300 3643 340 3712 et
351 3635 503 3711 villatas
516 3643 556 3710 et
566 3633 709 3731 legales
721 3633 891 3712 homines
905 3635 970 3732 qui
983 3643 1190 3732 presentes
1204 3634 1351 3711 fuerint
1364 3645 1404 3712 et
1416 3635 1487 3710 hoc
1499 3643 1701 3713 testentur.
1717 3637 1821 3713 Item

231 3751 289 3830 si²⁶
303 3753 396 3829 alias
410 3753 458 3828 ab
471 3752 546 3828 alio
559 3751 766 3851 probatore
780 3751 999 3849 appellatus
1014 3750 1134 3827 fuerit
1147 3760 1310 3850 propter
1322 3752 1419 3828 tales
1434 3753 1678 3850 suspiciones,
1692 3753 1819 3830 vadie-

228 3880 295 3948 tur
312 3871 494 3948 duellum.
512 3871 570 3946 Et
588 3870 721 3946 eodem
737 3870 853 3946 modo
870 3869 902 3945 si
919 3894 1008 3945 oum
1025 3868 1211 3968 probator
1228 3869 1398 3968 primum
1416 3870 1656 3969 appellatum
1673 3870 1819 3947 device-

230 3989 293 4079 rit,
308 3989 377 4066 fiat
391 3988 442 4065 de
455 3987 537 4065 aliis
552 3987 757 4087 appellatis
772 3986 948 4063 omnibus
964 3987 1062 4064 sicut
1077 3987 1124 4063 de
1139 3986 1276 4086 prima.

329 4108 376 4185 Si
390 4106 577 4207 probator
591 4106 727 4202 feccrit
743 4107 847 4205 qaod
862 4105 1051 4204 promisit,
1068 4112 1247 4181 teneatur
1262 4105 1297 4182 ei
1313 4107 1525 4184 conventia.

230 4225 335 4302 CUM
359 4235 488 4302 autem
510 4223 697 4323 probator
719 4223 854 4300 fecerit
878 4223 980 4321 quod
1004 4223 1192 4321 promisit,
1216 4231 1395 4299 teneatur
1418 4223 1452 4298 ei
1476 4224 1688 4314 conventio,
1715 4227 1818 4324 quod

229 4345 349 4421 vitam
365 4343 504 4419 habeat
521 4350 560 4419 et
575 4342 759 4430 membra,
778 4342 844 4417 sed
861 4341 902 4416 in
918 4366 1039 4437 regno
1057 4365 1254 4417 remanere
1272 4364 1350 4415 non
1367 4341 1523 4440 poterit,
1541 4342 1657 4419 etiam
1676 4343 1708 4419 si
1726 4344 1819 4421 velit

229 4462 377 4561 plegios
393 4460 573 4537 invenire.
592 4461 636 4536 Si
652 4468 781 4536 autem
797 4457 983 4558 probator
998 4457 1120 4534 victus
1137 4457 1258 4535 fuerit
1274 4465 1481 4556 antequam
1498 4459 1627 4536 duella
1644 4487 1713 4537 sua
1731 4485 1817 4559 per-

229 4580 376 4668 fecerit,
390 4579 452 4656 vel
466 4588 643 4655 mortuus
657 4602 749 4654 casu
764 4577 825 4653 vel
840 4584 964 4653 morte
980 4576 1160 4664 naturali,
1178 4575 1241 4651 alii
1258 4575 1324 4675 qui
1340 4576 1526 4675 appellati
1544 4586 1634 4654 sunt
1652 4578 1700 4654 ab
1717 4605 1763 4655 eo
1778 4588 1818 4656 et

227 4722 306 4773 non
321 4696 494 4786 convicti,
510 4706 673 4795 propter
688 4695 942 4794 suspicionem
957 4693 1101 4792 appelli
1117 4693 1334 4792 probatoria
1351 4703 1575 4771 remaneant
1592 4695 1662 4772 sub
1679 4695 1816 4795 plagiis

228 4817 279 4892 ad
294 4814 477 4892 standum
491 4821 607 4903 recta,
623 4813 654 4890 si
669 4811 754 4911 quis
768 4837 900 4888 versus
915 4837 979 4888 eos
993 4810 1098 4909 loqui
1113 4809 1289 4887 voluerit.
1306 4812 1365 4888 Et
1381 4811 1412 4888 si
1427 4809 1602 4910 plegios¹'
1619 4812 1817 4890 invenire²⁸

228 4958 307 5008 non
327 4933 489 5031 possint,
512 4931 688 5007 abiurant
708 4954 883 5027 regnum.
908 4928 951 5005 Si
974 4936 1104 5005 autem
1127 4928 1313 5026 appellati
1335 4951 1406 5027 per
1429 4929 1627 5028 appellum
1650 4957 1690 5008 se
1713 4931 1817 5008 forte

228 5049 502 5138 subtraxerint,
520 5058 559 5126 et
575 5055 729 5125 mortuo
746 5046 952 5146 probatore
969 5045 1094 5122 redire
1110 5045 1313 5134 voluerint,
1330 5071 1418 5122 cum
1436 5057 1599 5145 propter
1617 5047 1817 5147 appellum

228 5177 268 5246 et
280 5177 444 5268 propter
457 5167 595 5266 fugam
607 5166 730 5264 magis
745 5164 912 5264 suspecti
925 5162 1151 5252 habeantur,
1167 5163 1198 5239 si
1212 5163 1395 5268 redierint
1409 5164 1624 5263 capiantur,
1640 5190 1710 5242 nec
1725 5176 1816 5244 sunt

228 5355 254 5392 ¹⁸
265 5362 382 5435 posset,
400 5354 478 5429 MG,
497 5353 569 5427 003
589 5355 716 5432 poterit,
734 5352 774 5412 Y.
815 5347 933 5426 ¹⁴0m.,
953 5349 1031 5424 MG,
1050 5348 1116 5412 OC.
1157 5345 1277 5424 ¹⁶Om.,
1296 5348 1364 5424 LA,
1383 5351 1507 5426 MC,Y
1532 5351 1588 5429 (-{-
1601 5351 1662 5430 et).
1704 5351 1815 5431 ¹⁸non,

228 5457 298 5532 OA,
311 5453 379 5531 GE,
394 5455 466 5516 Mc.
503 5449 569 5488 ¹²⁴⁸
580 5451 678 5533 plegii
691 5453 833 5525 inveniri,
848 5449 917 5527 OA,
931 5451 999 5527 GE,
1013 5451 1087 5513 MC.
