4374 6366
796 515 857 577 DE
880 515 1085 578 PLACITIS
1108 516 1297 579 CORONAE
1769 528 1842 596 881

255 675 374 757 retur,
387 667 589 743 murdrum
601 667 674 743 erit
687 667 760 742 nisi
772 666 982 743 secundum
995 667 1310 745 consuetudinem
1323 668 1460 766 regni²⁶
1474 679 1512 747 et
1526 670 1684 747 assisam
1696 673 1844 771 Engle·

255 783 400 861 scheria
416 793 670 884 presentetur
688 795 726 861 et
744 784 872 861 debito
889 785 1016 874 modo,
1035 785 1125 883 quia
1141 811 1220 862 non
1237 787 1359 863 refert
1375 797 1508 863 utrum
1526 812 1605 864 non
1623 789 1672 867 sit
1690 791 1845 867 omnino

255 912 488 1003 presentata
505 902 567 978 vel
583 902 710 980 minus
728 903 813 978 rite.
833 903 891 979 Et
909 903 994 979 ideo
1014 903 1180 1001 qualiter
1197 905 1421 1013 presentari
1441 904 1577 983 debeat
1596 906 1845 985 uidendum.ss

355 1026 535 1120 Qualiter
550 1026 688 1104 debeat
704 1027 906 1103 murdrum
920 1029 1148 1126 presentari
1163 1029 1373 1105 secuudum
1391 1031 1704 1107 consuetudinem
1722 1032 1845 1109 diver·

355 1169 485 1221 sorum
502 1144 765 1222 comitaturus.
781 1145 836 1220 lu
851 1143 989 1244 quibua
1005 1167 1096 1223 vero
1113 1145 1356 1224 comitatibus
1371 1157 1632 1246 presentatur
1646 1150 1711 1226 sic.

255 1268 321 1343 Er
335 1268 531 1345 sciendum
546 1268 650 1366 quod
666 1267 826 1346 statim²⁸
842 1269 883 1344 in
898 1270 984 1368 ipsa
998 1269 1241 1368 inquisitione
1259 1281 1297 1348 et
1313 1295 1442 1348 coram
1459 1273 1760 1363 coronatoribus,
1777 1257 1845 1351 sed

255 1387 507 1463 diversimode
526 1387 736 1463 secrmdum
755 1388 923 1464 diversas
943 1389 1237 1465 consuetudines
1257 1390 1521 1467 comitatuum.
1545 1392 1596 1468 In
1617 1393 1846 1490 quibusdam

254 1531 345 1580 vero
361 1505 604 1582 comitatibus
620 1504 904 1605 presentatur²’
922 1505 1210 1604 Englescheria,
1227 1507 1306 1584 sive
1322 1516 1498 1584 mortuus
1517 1509 1637 1587 fuerit
1653 1511 1845 1587 masculus

254 1624 343 1701 vel²⁰
364 1624 521 1714 femina,
542 1650 612 1724 per
633 1625 729 1700 duos
750 1623 939 1700 masculos
960 1651 1008 1698 ex
1030 1635 1143 1723 parte
1164 1624 1287 1725 patris
1310 1635 1348 1702 et
1370 1626 1467 1723 per²²
1490 1628 1587 1704 duas
1610 1629 1772 1706 feminas
1796 1655 1845 1705 ex

254 1753 367 1844 parte
383 1743 517 1820 matris
536 1744 583 1819 de
600 1741 939 1841 propinquioribus
957 1742 1182 1841 parentibus
1200 1743 1405 1832 interfecti,
1425 1746 1491 1843 qui
1510 1745 1601 1821 olim
1620 1746 1846 1823 dicebantur

254 1859 417 1959 tolau9²²
444 1861 524 1937 aud
551 1859 728 1937 tobrod.²⁸
758 1860 810 1934 In
837 1857 1068 1959 quibusdam
1094 1885 1185 1935 vero
1213 1860 1456 1937 comitatibus
1485 1871 1742 1962 presentatur
1772 1889 1844 1963 per

254 1978 283 2054 f.
300 1977 418 2072 185b]
474 2003 596 2054 unum
611 1976 824 2054 masculum
841 2003 890 2054 ex
907 1986 1020 2076 parte
1037 1978 1160 2078 patris
1179 1988 1218 2056 et
1235 2005 1307 2078 per
1324 2005 1442 2056 unam
1460 1980 1646 2057 feminam
1664 2007 1712 2058 ex
1730 1992 1843 2081 parte

253 2096 399 2173 matris.
426 2096 530 2173 Item
552 2096 594 2172 in
617 2096 845 2195 quibusdam
869 2095 1113 2174 comitatibus
1137 2097 1347 2173 secundum
1372 2099 1570 2197 quosdam,
1597 2100 1628 2176 si
1651 2101 1843 2178 masculus

254 2214 472 2291 inveniatur
492 2214 731 2303 interfectus,
752 2222 1010 2314 presentatur
1029 2214 1307 2311 Englescheria
1326 2241 1540 2314 perunum
1561 2217 1773 2294 masculum
1795 2245 1845 2295 ex

254 2343 366 2434 parte
382 2333 505 2433 patris
520 2342 559 2409 et
575 2358 647 2432 per
659 2359 783 2409 unum
796 2332 1009 2409 masculum
1026 2358 1074 2408 ex
1090 2342 1204 2431 parte
1219 2333 1365 2410 matris.
1385 2334 1508 2426 <Vel
1525 2360 1573 2411 ex
1590 2344 1703 2434 parte
1720 2337 1844 2435 patris

253 2461 409 2529 tantum
421 2451 482 2526 vel
494 2477 543 2527 ex
556 2459 668 2550 parte
681 2451 816 2527 matris
828 2455 1042 2540 tantum>
1059 2452 1117 2527 Et
1131 2452 1162 2528 si
1176 2452 1323 2528 femina
1335 2453 1450 2528 modo
1464 2453 1648 2552 predicto
1662 2480 1734 2552 per
1747 2454 1843 2532 duas

254 2570 428 2646 feminas.
444 2567 651 2657 Quorum²⁴
665 2569 819 2668 quidem
832 2569 989 2645 nomina
1002 2569 1198 2645 irrotuiari
1213 2570 1353 2647 debent
1366 2571 1407 2646 in
1422 2571 1558 2648 rotulis
1572 2582 1843 2648 coronatorum

253 2711 382 2763 coram
395 2685 607 2763 iustitiariis
619 2687 661 2761 in
672 2686 807 2763 itinere
821 2713 890 2762 suo
903 2687 1184 2785 praesentanda,
1199 2696 1238 2764 et
1251 2687 1317 2762 ubi
1329 2688 1473 2764 mutari
1486 2715 1565 2764 non
1578 2699 1742 2788 possunt
1755 2716 1842 2789 per-

253 2831 353 2882 sone
365 2829 435 2880 nec
448 2805 604 2880 nomina
615 2828 685 2879 nec
696 2803 850 2892 variari,
863 2805 967 2903 quod
979 2805 1010 2881 si
1023 2813 1159 2880 contra
1171 2805 1320 2881 factum
1333 2806 1454 2881 fuerit
1467 2805 1577 2883 nulla
1588 2807 1660 2883 erit
1675 2807 1841 2906 Engles-

253 2923 379 2999 cheria
393 2947 481 2998 cum
496 2923 545 2999 sit
559 2921 686 2998 minus
701 2923 774 2998 rite
790 2923 906 2998 facta.
924 2923 983 2999 Et
997 2923 1082 2999 ideo
1099 2923 1255 3003 dabitur
1269 2924 1483 3000 murdrum.
1501 2924 1559 3000 Et
1575 2924 1660 3001 ideo
1677 2924 1729 3001 sic
1745 2951 1841 3025 pre-

254 3049 428 3118 sentatur
444 3049 489 3116 ut
505 3041 591 3117 sciri
607 3041 728 3140 possit
743 3049 876 3116 utrum
892 3040 1118 3117 interfectus
1136 3040 1327 3139 Anglicus
1345 3041 1465 3118 fuerit
1480 3041 1542 3118 vel
1560 3042 1815 3141 Francigena.

351 3162 616 3259 ProAuplico
628 3184 719 3240 vero
731 3170 770 3238 et
782 3162 919 3260 dequo
933 3170 1109 3238 constare
1120 3163 1242 3261 possit
1256 3163 1359 3261 quod
1370 3162 1564 3261 Auplicua
1576 3164 1639 3253 sit,
1651 3189 1730 3241 uon
1742 3185 1841 3264 pru-

351 3288 528 3357 tentatur
541 3278 830 3378 Eupleacberta.

252 3402 339 3477 Ριιο
356 3401 526 3500 Anglico
542 3427 635 3477 vero
652 3401 717 3478 et²⁶
735 3402 783 3479 de
801 3428 877 3500 quo
894 3411 1070 3478 constare
1087 3403 1209 3502 possit
1226 3404 1330 3501 quod
1348 3403 1540 3500 Anglious
1558 3404 1619 3493 sit,
1638 3431 1717 3481 non
1735 3404 1841 3481 dabi-

251 3527 318 3596 tur
336 3521 550 3596 murdrum.
574 3520 617 3596 Si
638 3528 768 3596 autem
789 3520 1067 3618 Englescheria
1087 3519 1195 3597 nulla
1217 3521 1267 3596 sit
1288 3521 1348 3596 vel
1370 3523 1496 3599 minus
1518 3523 1591 3599 rite
1614 3523 1731 3612 facta,
1753 3523 1841 3599 licet

251 3636 477 3713 interfectus
495 3637 687 3734 Anglicus
703 3637 834 3725 fuerit,
851 3664 924 3736 pro
942 3638 1187 3735 Francigena
1203 3639 1459 3737 reputabitur.

351 3757 398 3834 Si
417 3765 547 3833 autem
566 3756 725 3833 dubium
744 3757 865 3854 suerit
884 3765 1016 3834 utrum
1035 3757 1228 3856 Auplicus
1249 3768 1288 3835 et
1308 3767 1440 3835 utrum
1459 3768 1641 3859 parentes
1661 3762 1843 3860 producti

352 3873 432 3951 eius
445 3874 523 3951 siut
536 3875 597 3952 vei
610 3899 699 3952 nou.

254 3992 300 4068 Sr
315 4000 445 4070 autem
460 3991 620 4069 dubium
634 3991 754 4069 fuerit
770 3992 930 4069 utrum²⁶
945 3993 1124 4093 producti
1141 4001 1321 4093 parentes
1337 3995 1485 4070 fuerint
1500 3994 1561 4071 vel
1576 4020 1667 4085 non,
1683 3997 1754 4071 hoc
1770 4023 1842 4096 per

252 4111 420 4210 patriam
436 4109 704 4186 declarabitur.
726 4111 768 4186 Si
785 4118 915 4187 autem
932 4109 1089 4210 plures¹⁷
1107 4111 1354 4187 inveniantur
1370 4112 1481 4187 occisi
1500 4111 1575 4188 de²⁸
1593 4113 1752 4211 singulis
1771 4140 1842 4214 per

251 4253 291 4305 se
313 4237 467 4329 oportet
490 4227 767 4326 Englescheria
789 4238 1032 4329 prasentare,
1056 4239 1101 4306 ut
1124 4229 1267 4306 sciatur
1290 4231 1444 4329 quando
1468 4230 1746 4329 Englescheria
1767 4233 1840 4309 rite

251 4355 508 4446 presentatur
528 4355 567 4424 et
589 4348 744 4445 quando
764 4371 853 4423 non.
877 4347 1107 4423 Notandum
1129 4349 1233 4446 quod
1255 4349 1286 4424 si
1308 4372 1437 4425 coram
1458 4349 1746 4426 coronatoribus
1770 4375 1841 4449 per

251 4472 419 4563 quatuor
433 4473 472 4540 et
488 4489 617 4540 coram
632 4463 843 4541 iustitiariis
860 4491 931 4564 per
947 4465 1054 4555 duos,
1070 4465 1132 4541 vel
1147 4464 1435 4542 coronatoribus
1453 4491 1524 4565 per
1541 4466 1637 4544 duos
1654 4476 1693 4544 et
1709 4491 1840 4544 coram

250 4582 463 4659 iustitiariis
476 4608 547 4681 per
561 4608 694 4672 unum,
708 4582 770 4658 vel
783 4610 804 4660 e
818 4583 1022 4672 contrario,
1037 4582 1146 4659 nulla
1159 4583 1232 4660 erit
1247 4583 1534 4682 Englescheria.
1553 4585 1657 4662 Item
1672 4585 1703 4661 si
1719 4585 1838 4662 nomi·

250 4699 362 4776 nibus
384 4726 517 4777 eorum
537 4701 602 4798 qui
623 4701 802 4800 producti
824 4711 915 4778 sunt
936 4703 997 4777 vel
1018 4726 1151 4776 eorum
1172 4703 1345 4801 personis
1367 4701 1560 4778 variatum
1582 4703 1631 4780 sit
1652 4704 1714 4779 vel
1736 4729 1838 4780 erra-

249 4825 335 4894 tum
349 4843 478 4894 coram
494 4817 717 4909 iustitiariis,
732 4844 812 4895 non
825 4816 967 4895 valebit
983 4819 1229 4919 presentatio
1244 4845 1290 4896 eo
1306 4820 1410 4918 quod
1426 4819 1466 4895 in
1481 4820 1552 4895 hoc
1568 4845 1659 4897 casu
1675 4846 1755 4896 non
1772 4821 1838 4897 ad-

249 5031 276 5068 ²⁶
288 5039 377 5113 regni
393 5039 503 5110 nostri,
520 5034 589 5110 OB,
606 5035 682 5109 MA,
699 5036 775 5096 ΜΒ.
814 5032 840 5069 ²¹
852 5033 1017 5096 videndum
1034 5041 1090 5110 est,
1107 5036 1147 5111 V,
1164 5036 1222 5098 OB
1245 5035 1418 5114 (†);vid.
1438 5039 1508 5111 erit,
1525 5038 1592 5099 OC.
1631 5035 1750 5115 ¹⁸Om,
1768 5038 1838 5112 OB,

249 5134 326 5209 MA,
350 5135 425 5195 ΜΒ.
470 5133 497 5169 ²⁰
509 5142 722 5213 presentetur,
746 5136 813 5211 LA,
835 5136 875 5197 Y.
920 5134 1032 5212 ²⁰aive,
1056 5136 1095 5210 V,
1119 5135 1186 5212 ΟΕ,
1210 5137 1285 5197 MA.
1330 5135 1449 5212 ¹²0m.,
1474 5139 1553 5213 MG,
1577 5139 1652 5213 CM,
1676 5141 1743 5216 OC,
1768 5140 1836 5202 OB.

249 5231 452 5315 ¹⁸·”Tolang
479 5242 534 5296 ant
566 5233 640 5314 (an)
673 5233 811 5311 Tobrod,
840 5235 934 5298 MSS.
964 5257 1029 5297 var.
1080 5235 1257 5315 '‘quarum,
1289 5236 1353 5298 ΟΕ.
1406 5236 1525 5313 ²⁵0m.,
1555 5241 1634 5316 MG,
1665 5239 1739 5318 CM,
1770 5243 1836 5305 ΟΟ.

248 5333 274 5369 ¹⁶
286 5342 388 5398 utrum
402 5337 552 5416 Anglicua
568 5335 665 5398 fuerit
678 5337 728 5400 vel
741 5356 804 5399 non
818 5344 851 5398 et
863 5345 977 5414 utrum,
992 5339 1030 5400 V.
1067 5335 1133 5372 ’Μ’
1145 5338 1250 5417 plures
1265 5342 1329 5401 sint
1344 5338 1503 5402 interfecti
1518 5339 1568 5417 de,
1583 5343 1652 5418 OB,
1669 5343 1745 5419 MA,
1761 5345 1837 5420 ΜΒ,

249 5437 314 5500 ΟΕ.
