4432 6340
398 484 473 552 200
931 477 1153 539 BRACTON:
1176 479 1237 539 DE
1260 478 1453 542 LEGIBUS

398 637 563 726 patruus
586 654 752 726 magnus
773 638 813 706 et
836 629 1008 707 triamita
1030 655 1185 728 magna,
1209 640 1248 708 et
1272 656 1405 707 eorum
1426 630 1584 707 heredes
1607 631 1648 706 in
1671 629 1877 707 infinitum.
1903 630 1989 708 Et⁸⁹

398 745 475 822 alia
490 755 603 845 parte
618 747 866 824 transversali
882 774 931 824 ex
947 757 1059 847 parte
1076 749 1222 838 matris,
1240 749 1271 826 si
1289 748 1499 825 avunculus
1518 757 1557 825 et
1574 757 1784 826 matertera
1801 757 1840 824 et
1858 774 1989 826 omnes

398 863 463 939 alii
483 865 684 941 inferiores
704 865 861 942 heredes
883 866 1106 956 defecerint,
1128 876 1221 944 tunc
1244 865 1457 944 vocentur⁴⁰
1479 868 1621 943 fratres
1644 865 1733 943 vel⁴²
1757 893 1904 944 sorores
1928 868 1989 944 avi

398 986 458 1062 vel
478 984 571 1060 aviae
590 1009 638 1060 ex
658 993 771 1084 parte
790 985 937 1074 matris,
957 984 1051 1085 qui⁴²
1071 986 1253 1062 dicuntur
1274 985 1486 1063 avunculus
1506 1011 1672 1083 magnus
1692 984 1759 1062 et⁴⁸
1780 994 1989 1063 matertera

396 1131 552 1204 magna,
569 1115 609 1182 et
625 1130 759 1182 eorum
774 1103 932 1181 heredes
949 1104 989 1179 in
1005 1103 1212 1180 infinitum.
1230 1104 1288 1180 Et
1306 1104 1380 1180 illis
1397 1105 1672 1192 deficientibus,
1690 1115 1785 1182 tunc
1802 1115 1990 1182 vocantur

396 1233 573 1323 exparte
585 1224 720 1301 matris
735 1224 859 1299 frater
873 1223 1009 1322 proavi
1021 1233 1061 1300 et
1076 1222 1242 1321 proavia
1257 1223 1318 1299 vel
1333 1248 1452 1311 soror,
1468 1223 1533 1321 qui
1550 1223 1731 1300 dicuntur
1747 1249 1987 1323 proavuncu-

396 1342 456 1420 lus
474 1367 639 1440 magnus
659 1353 697 1418 et
715 1350 997 1441 promatertera
1014 1367 1169 1440 magna,
1189 1351 1228 1418 et
1245 1366 1380 1417 eorum
1396 1341 1554 1417 heredes
1573 1341 1613 1417 in
1630 1341 1837 1418 infinitum.
1857 1342 1916 1420 Et
1936 1343 1988 1418 sic

305 1513 307 1516 -
396 1461 592 1560 gradatim
606 1461 767 1537 vocandi
783 1470 873 1537 sunt
889 1459 1151 1536 abavunculus
1165 1485 1331 1557 magnus
1347 1469 1387 1537 et
1404 1459 1663 1536 abmatertera
1677 1485 1832 1558 magna,
1850 1470 1888 1538 et
1906 1469 1987 1537 ata·

397 1581 586 1658 vunculus
612 1605 777 1678 magnus
804 1589 844 1657 et
870 1587 1121 1656 atmatertera
1146 1604 1301 1676 magna.
1331 1579 1435 1654 Item
1461 1578 1726 1655 triavunculus
1753 1604 1920 1676 magnus
1947 1589 1987 1656 et

396 1701 658 1778 trimatertera
679 1723 825 1796 magna
847 1723 896 1773 cx
919 1705 1032 1796 parte
1054 1697 1189 1773 matris
1213 1697 1252 1771 in
1275 1697 1378 1773 linea
1399 1697 1648 1774 transversali
1672 1697 1923 1787 ascendendo,
1948 1707 1987 1774 et

395 1844 529 1895 eorum
544 1817 700 1895 heredes
718 1817 758 1893 in
774 1817 980 1893 infinitum.
996 1815 1055 1894 Et
1072 1814 1237 1914 qualiter
1253 1814 1399 1912 gradus
1417 1815 1655 1913 cognationis
1672 1814 1987 1916 computentur,“

396 1946 435 2014 et
453 1935 599 2035 quoto‘³
617 1936 744 2033 gradu
762 1935 846 2034 quis
865 1934 981 2012 distet
1000 1933 1048 2009 ab
1066 1933 1199 2010 alioin
1216 1933 1318 2010 linea
1336 1934 1589 2011 descendente
1607 1934 1669 2011 vel
1687 1935 1926 2023 ascendente,
1946 1936 1987 2011 in

395 2056 524 2152 figura
539 2053 701 2131 inferius
719 2051 900 2152 depicta⁴⁸
916 2052 1160 2130 manifestius
1178 2052 1286 2151 quasi
1304 2053 1355 2128 ad
1371 2051 1525 2129 oculum
1542 2052 1757 2152 apparebit.

494 2309 561 2386 Dc
579 2306 781 2386 heredibus
800 2307 866 2407 qas'
884 2307 1093 2384 succedunt
1113 2331 1193 2383 noa
1212 2331 1261 2385 ec
1280 2306 1515 2384 successione
1535 2307 1603 2384 sed
1623 2305 1895 2385 utbsts‘tutioac
1914 2331 1988 2408 per

495 2427 652 2504 modum
669 2425 897 2504 mansa.

397 2547 603 2624 Succnnrr
627 2547 711 2646 quis
738 2547 849 2624 alteri
874 2548 935 2625 vel
960 2548 1069 2648 quasi
1096 2548 1263 2625 succedit
1288 2573 1369 2624 non
1394 2548 1548 2647 quidem
1573 2548 1657 2624 iure
1683 2546 1914 2625 hereditario
1939 2555 1985 2623 ut

393 2665 513 2755 heres,
532 2667 600 2743 sed
615 2677 778 2765 propter
795 2667 991 2744 defectum
1007 2665 1218 2744 heredum⁴⁷
1236 2667 1298 2743 vel
1316 2665 1537 2754 delictum,⁴⁸
1555 2667 1653 2744 sicut
1670 2666 1846 2766 capitalis
1864 2667 1984 2742 domi·

394 2812 467 2864 nus
490 2787 677 2864 feoffator
698 2787 739 2862 in
760 2785 960 2863 eschaetam
983 2811 1105 2874 suam,
1128 2786 1177 2863 de
1199 2812 1277 2885 quo
1299 2785 1475 2885 superius
1498 2786 1544 2861 fit
1567 2785 1711 2862 mentio
1733 2786 1775 2860 in
1797 2785 1913 2862 titulo
1937 2785 1984 2861 de

394 2905 675 2983 donationibus.
700 2904 879 2982 Succedit
900 2903 1016 2981 etiam
1038 2904 1122 3002 quis
1143 2904 1254 2981 alteri
1275 2904 1336 2980 vel
1357 2903 1477 3002 quasi,
1500 2928 1579 2980 non
1600 2903 1754 3002 quidem
1774 2904 1857 2980 iure
1878 2902 1984 2979 here·

392 3026 533 3103 ditario
546 3028 607 3102 vel
621 3027 703 3103 iure
718 3023 961 3102 successionis
974 3033 1020 3100 ut
1033 3023 1153 3112 heres,
1169 3023 1236 3099 sed
1251 3048 1299 3098 ex
1314 3047 1430 3099 causa
1444 3021 1726 3100 substitutionis
1741 3047 1812 3121 per
1825 3021 1985 3098 modum

393 3146 622 3234 donationis,
644 3145 692 3222 de
712 3171 789 3244 quo
809 3143 926 3221 etiam
947 3143 1122 3242 superius
1144 3144 1190 3220 fit
1211 3143 1356 3220 mentio
1377 3143 1418 3220 in
1438 3142 1572 3220 eodem
1594 3142 1720 3219 titulo.
1744 3143 1805 3220 Ut
1828 3143 1859 3219 si
1881 3143 1984 3218 dicat

393 3269 559 3344 donator
580 3267 621 3342 in
642 3267 849 3343 donatione
872 3265 1061 3353 facienda,
1083 3262 1247 3342 Sciaot‘⁹
1271 3272 1450 3352 etcetcro,
1473 3265 1578 3364 quod
1600 3263 1717 3341 dsdi⁶⁰
1740 3262 1811 3341 tati
1833 3273 1983 3340 tantam

393 3388 564 3467 terross⁶¹
583 3413 670 3466 curn
687 3385 942 3487 pertiuentiis,
959 3385 1173 3463 babendum
1192 3395 1231 3462 ct
1250 3385 1456 3463 tenendam
1473 3383 1545 3464 sibi
1563 3394 1601 3463 et
1620 3383 1821 3463 heredibus
1838 3385 1918 3461 sats
1935 3384 1984 3460 de

394 3509 423 3585 l.
438 3509 507 3601 69]
562 3531 722 3606 corpore
745 3530 815 3583 suo
838 3505 1051 3605 procreatis
1073 3512 1238 3581 tostum.
1263 3504 1322 3582 Et
1346 3530 1422 3602 quo
1445 3529 1537 3580 casu
1561 3528 1649 3581 cum
1671 3527 1803 3579 omnes
1826 3503 1983 3579 heredes

391 3628 613 3705 remotiores
631 3626 899 3714 excludantur,
917 3627 967 3702 sit
983 3635 1087 3702 terra
1104 3651 1305 3702 reversura
1322 3625 1374 3702 ad
1391 3625 1617 3703 donatorem
1635 3650 1705 3724 per
1724 3624 1983 3701 condicionem

390 3750 549 3827 tacitam
566 3750 627 3826 vel
644 3773 877 3847 expressam,
896 3747 927 3823 si
943 3747 1040 3824 tales
1058 3747 1215 3822 heredes
1234 3746 1457 3835 defecerint,
1476 3745 1616 3822 adiciat
1634 3747 1800 3822 donator
1815 3745 1857 3821 in
1875 3754 1984 3822 carta

391 3869 620 3959 donationis,
638 3871 746 3948 Ista·
763 3868 850 3947 tolia
867 3869 963 3946 tales
980 3868 1137 3946 laedes
1154 3893 1233 3944 son
1250 3867 1438 3956 babuerit,
1455 3867 1516 3944 vel
1532 3868 1566 3944 ai
1583 3866 1759 3944 babuerit
1777 3876 1817 3944 et
1833 3866 1981 3961 defece-

390 3993 482 4082 rint,
496 3993 601 4093 quod
615 4001 719 4069 terra
731 3989 799 4069 illa
812 3998 1030 4068 revertatur
1044 3989 1095 4066 ad
1117 3989 1255 4087 (olium
1269 3990 1433 4065 fratrem
1448 3988 1509 4064 vel
1524 3988 1790 4084 extraneum),
1807 3987 1983 4063 babendo

390 4125 429 4193 ct
447 4115 615 4192 tenendo
632 4111 715 4190 sibeq
735 4122 774 4190 ct
794 4110 994 4188 heredibus
1011 4109 1091 4187 auia
1110 4110 1159 4187 dc
1176 4134 1337 4208 corpore
1356 4133 1426 4186 suo
1445 4109 1669 4207 procreatis,
1689 4118 1734 4185 ut
1755 4108 1982 4207 pradictum

389 4245 459 4328 est,
480 4243 519 4312 et
538 4234 591 4311 sic
610 4233 789 4331 deinceps
809 4231 984 4332 pluribus
1006 4231 1224 4307 successive.
1249 4229 1290 4306 Si
1311 4231 1408 4308 tales
1427 4229 1584 4306 heredes
1606 4256 1685 4306 non
1705 4229 1881 4307 habuerit
1902 4230 1980 4328 pri·

389 4381 475 4433 mus
493 4354 692 4444 feoffatus,
710 4353 760 4430 ad
777 4351 1029 4428 substitutum
1045 4375 1124 4426 non
1141 4349 1349 4427 descendit²
1368 4350 1524 4449 aliquod
1540 4349 1600 4426 ius
1618 4376 1689 4450 per
1708 4351 1811 4449 quod
1829 4375 1980 4449 compe-

388 4484 449 4553 tat
470 4475 518 4551 ei⁸
541 4474 658 4552 assisa
678 4473 813 4550 mortis
835 4469 1097 4549 antecessoris⁴
1119 4470 1167 4547 de
1190 4469 1328 4546 seisina
1348 4470 1463 4569 primi
1487 4470 1641 4548 feoffati
1662 4470 1704 4546 in
1726 4472 1809 4547 iure
1831 4495 1979 4571 posses·

390 4691 476 4769 ⁸⁹cx,
495 4693 565 4767 OA,
583 4692 650 4766 LA,
668 4691 743 4766 MC,
761 4690 833 4764 OC;
854 4699 951 4765 etex,
969 4690 1007 4750 V.
1049 4687 1076 4722 ⁴⁰
1086 4696 1245 4763 vocantur,
1265 4687 1304 4764 V,
1324 4689 1393 4763 OB,
1413 4689 1490 4762 MA,
1510 4690 1586 4764 MB,
1606 4688 1674 4765 OC,
1696 4689 1761 4750 CB.
1803 4687 1829 4724 ⁴¹
1841 4695 1883 4765 et,
1903 4691 1980 4765 MA,

391 4793 467 4868 MB,
484 4795 525 4869 Y,
542 4794 620 4868 MG,
637 4793 709 4854 CM.
748 4790 829 4866 ⁴²ct,
846 4792 915 4867 OB,
932 4792 1009 4866 MA,
1027 4791 1101 4852 ΜΒ.
1141 4789 1167 4823 ⁴⁸
1179 4791 1259 4866 Om,
1277 4790 1346 4866 OA,
1364 4791 1431 4866 LA,
1448 4790 1514 4852 OC.
1554 4789 1797 4870 “computetur,
1815 4793 1885 4869 OB,
1905 4793 1981 4867 MA,

390 4894 467 4970 MB,
485 4895 552 4970 CB,
569 4895 610 4968 Y,
628 4894 702 4956 MC.
741 4892 767 4927 ⁴⁶
779 4913 850 4971 quo,
867 4892 906 4968 V,
925 4891 997 4966 003
1016 4899 1137 4970 quarto,
1155 4892 1224 4966 OB,
1242 4892 1319 4966 MA,
1338 4894 1414 4969 MB,
1432 4893 1499 4969 CB,
1519 4894 1591 4956 MC.
1631 4892 1659 4926 ⁴⁶
1671 4894 1805 4973 depicta,
1824 4895 1894 4971 OA,
1914 4895 1981 4969 LA,

389 4997 459 5072 OB,
474 4997 551 5071 MA,
568 4996 644 5071 MB,
659 4995 727 5069 ΟΕ,
742 4996 783 5069 Y,
798 4994 876 5070 MG,
893 4994 972 5067 MC;
990 4993 1151 5072 deputata,
1167 4994 1234 5070 OC,
1250 4995 1324 5055 CM.
1363 4992 1389 5027 ⁴⁷
1400 4993 1533 5071 heredis,
1551 4995 1620 5072 OB,
1637 4997 1703 5059 OC.
1742 4995 1910 5076 ⁴⁸propter
1928 4997 1980 5058 de-

388 5097 506 5172 lictum,
519 5096 588 5171 OA,
603 5096 670 5170 LA,
683 5094 750 5171 OC,
765 5096 837 5157 MC.
874 5093 1029 5172 ⁴⁹sciatis,
1043 5096 1109 5156 OC.
1145 5093 1211 5129 ‘⁰¹⁸¹
1223 5095 1294 5156 dedi
1308 5096 1365 5156 tali
1380 5094 1475 5156 talem
1488 5103 1604 5158 terram
1619 5104 1650 5158 et
1665 5104 1794 5173 tantam,
1810 5100 1892 5172 MB;
1908 5099 1979 5160 dedi

388 5197 446 5257 toli
460 5197 554 5256 talem
570 5217 634 5257 rem
650 5205 681 5258 et
695 5202 825 5270 tantam,
841 5196 922 5269 MA;
938 5195 1010 5256 dedi
1030 5195 1085 5272 Η-
1098 5197 1195 5275 enim)
1214 5195 1310 5258 talem
1324 5204 1440 5258 terram
1455 5206 1488 5258 et
1502 5205 1633 5274 tantam,
1649 5201 1716 5262 OB.

470 5295 563 5372 ²ta1i,
583 5296 652 5372 OA,
673 5296 739 5372 LA,
759 5297 827 5372 OC,
848 5297 922 5358 MC.
965 5295 1165 5373 'descendeb
1186 5300 1253 5374 LA,
1275 5299 1348 5361 MC.
1391 5298 1470 5376 ‘eia
1491 5301 1561 5376 OA,
1582 5302 1649 5376 LA,
1671 5293 1738 5376 OC,
1762 5304 1825 5364 MC
1851 5303 1977 5381 (cora).

388 5396 493 5474 ⁴Om.,
508 5397 577 5473 OA,
590 5397 657 5459 OC.
