4432 6336
654 476 715 536 DE
737 474 1040 549 ADQUIBENDO
1063 475 1220 536 RERUM
1243 474 1446 536 DOMINIO
1796 481 1845 556 97

257 625 287 702 f.
302 626 371 719 29]
426 650 499 724 pro
526 625 705 722 homagio
733 635 772 702 et
799 626 954 702 servitio
980 625 1064 715 viri,
1092 626 1196 724 quod
1223 626 1270 703 fit
1298 625 1517 724 aliquando,
1544 624 1635 702 licet
1663 625 1777 702 detur
1804 625 1846 702 in

255 745 418 822 liberum
432 744 694 842 maritagium,
712 769 796 844 quar
812 755 903 822 sunt
921 743 992 822 sibi
1009 745 1221 822 adinvicem
1239 744 1508 832 adversantia,¹
1527 753 1620 821 tunc
1637 743 1847 844 praeiertur

255 862 489 962 homagium,
508 874 547 941 et
567 865 640 941 erit
660 888 704 939 ac
724 864 755 940 si
775 865 885 942 fieret
905 864 1062 942 donatio
1082 873 1164 942 tam
1183 864 1266 940 viro
1287 889 1403 963 quam
1423 863 1547 940 uxori.
1570 865 1674 940 Item
1694 864 1726 940 si
1746 888 1847 939 uxor

255 1007 337 1060 rem
352 981 438 1058 viri²
453 982 602 1060 dederit
618 982 699 1060 sine
714 1007 871 1060 assensu
887 983 971 1072 viri,
987 983 1070 1059 viro
1084 984 1270 1082 competit
1286 983 1491 1072 restitutio,
1509 981 1583 1058 vel⁸
1600 1008 1671 1082 per
1688 983 1847 1059 assisam

256 1127 364 1178 novae
387 1101 591 1179 disseisinae
614 1103 676 1180 vel
700 1128 771 1202 per
795 1102 910 1180 breve
935 1102 982 1179 de
1006 1105 1194 1201 ingressu,
1220 1102 1318 1179 sicut
1342 1102 1497 1179 cuilibet
1523 1101 1587 1178 alii
1613 1102 1660 1179 de
1686 1101 1845 1202 populo,

256 1222 398 1300 scilicet
420 1223 524 1322 quod
547 1221 628 1299 sine
650 1221 850 1299 voluntate
874 1247 944 1300 sua
967 1221 1158 1299 alienavit.
1187 1222 1229 1298 Si
1253 1231 1383 1299 autem
1407 1248 1429 1298 e
1452 1221 1657 1310 contrario,
1681 1221 1741 1297 vir
1764 1247 1846 1298 rem

255 1343 387 1418 uxoris
402 1367 491 1430 suae,
506 1367 718 1439 numquam
734 1340 976 1417 revocabitur
991 1342 1032 1416 in
1048 1341 1128 1417 vita
1143 1341 1263 1440 ipsius
1279 1341 1362 1428 viri,
1380 1366 1425 1417 eo
1441 1341 1545 1439 quod
1561 1339 1644 1417 viro
1661 1366 1730 1417 suo
1746 1365 1847 1416 uxor

256 1460 516 1538 contradicere
541 1486 620 1537 non
644 1468 785 1560 potest.
815 1460 857 1536 Si
882 1467 1012 1538 autem
1037 1459 1096 1536 vir
1122 1486 1204 1536 rem
1228 1469 1310 1537 tam
1337 1460 1407 1536 sibi
1432 1485 1549 1558 quam
1575 1460 1687 1537 uxori
1714 1460 1846 1537 datam

256 1580 415 1670 dederit,
433 1606 533 1656 uxor
550 1580 796 1657 donationem
813 1579 884 1655 viri
902 1580 942 1654 in
958 1580 1039 1656 vita
1056 1579 1128 1654 viri
1146 1603 1324 1656 revocare
1340 1605 1420 1656 non
1436 1579 1593 1678 poterit,
1612 1581 1679 1656 sed
1698 1580 1729 1655 si
1747 1604 1847 1655 uxor

257 1699 503 1776 donationem
518 1700 665 1788 fecerit,
682 1699 741 1775 vir
756 1699 862 1775 illam
878 1698 1022 1798 poterit
1037 1723 1227 1775 revocare.

355 1820 403 1898 Si
420 1820 479 1898 vir
496 1819 610 1897 acori
627 1818 873 1896 donatiouem
891 1817 1021 1912 farm
1039 1818 1162 1917 possit
1181 1825 1381 1894 coostaotc
1401 1817 1655 1894 matrimonio.

258 1939 369 2016 Iram
397 1938 582 2037 quaeritur
606 1964 657 2013 an
681 1936 741 2014 vir
765 1939 879 2014 uxori
904 1937 1151 2014 donationem
1177 1937 1305 2012 facere
1331 1935 1478 2035 possit,⁴
1505 1935 1566 2012 vel
1593 1963 1614 2012 e
1640 1936 1846 2024 contrario,

256 2066 457 2134 constante
479 2057 736 2133 matrimonio.
762 2056 1059 2133 Matrimonium
1083 2081 1174 2131 vero
1200 2055 1320 2155 accipi
1346 2055 1490 2155 poterit
1516 2055 1669 2132 sive‘sit
1695 2055 1847 2155 publice

256 2185 497 2254 contractum
511 2176 572 2252 vel
587 2176 683 2253 fides
700 2176 793 2253 data
808 2177 911 2274 quod
928 2176 1099 2274 separari
1114 2201 1194 2252 non
1209 2173 1384 2274 possint:
1400 2183 1440 2250 et
1456 2200 1605 2251 revera
1621 2175 1847 2252 donationes

255 2295 357 2372 inter
368 2295 494 2371 virum
508 2304 547 2371 et
559 2320 721 2372 uxorem
733 2303 934 2371 constante
946 2293 1192 2372 matrimonio
1206 2294 1333 2371 valere
1346 2319 1425 2371 non
1440 2294 1591 2383 debent,
1606 2303 1645 2370 et
1659 2303 1717 2370 est
1731 2318 1848 2371 causa

255 2439 305 2490 ne
323 2414 420 2490 fiant
440 2422 603 2513 propter
621 2412 817 2490 libidinem
836 2413 897 2489 vel
916 2412 1045 2489 unius⁸
1065 2411 1210 2489 eorum'
1231 2413 1524 2490 immoderatam
1543 2422 1766 2511 egestatem.
1788 2413 1847 2488 Et

256 2533 361 2631 quod
383 2533 600 2610 huiusmodi
625 2532 851 2609 donationes
874 2558 954 2609 non
978 2531 1121 2621 valent,
1146 2531 1336 2632 probatur
1360 2533 1401 2608 in
1426 2532 1554 2609 rotulo
1581 2531 1644 2609 de⁸
1668 2530 1847 2608 termino⁹

259 2651 392 2727 Sancti
414 2650 600 2728 Michaelis
624 2676 726 2728 anno
747 2650 877 2748 regis¹⁰
900 2650 1065 2727 Henrici
1088 2651 1223 2749 quinto
1247 2651 1392 2727 decimo
1415 2651 1600 2728 comitatu
1624 2650 1846 2739 Lincolniae,

256 2770 304 2847 de
322 2770 470 2859 itinere,
490 2770 609 2849 assisa
627 2770 762 2847 mortis
781 2770 1041 2859 antecessoris,
1062 2771 1092 2846 si
1112 2770 1310 2846 Helewisa
1330 2770 1391 2846 eui
1411 2770 1568 2868 quidam
1589 2770 1707 2847 Eudo
1729 2770 1846 2847 dona·

255 2886 400 2966 tionem
425 2888 599 2964 fecerat¹¹
624 2898 831 2988 postquam
855 2914 940 2966 eam
965 2887 1229 2977 affidaverat,²²
1255 2898 1294 2965 et
1319 2914 1406 2964 cum
1432 2913 1510 2987 qua
1533 2887 1686 2988 publice
1711 2900 1848 2988 postea

256 3007 461 3096 contraxit,
478 3017 517 3084 et
532 3007 599 3083 ubi
614 3008 770 3086 heredes
788 3008 993 3084 Helewisae
1010 3008 1103 3084 nihil
1120 3017 1306 3107 ceperunt
1324 3034 1395 3106 per
1412 3008 1569 3086 assisam
1585 3008 1720 3084 mortis
1740 3016 1845 3084 ante-
1885 3005 1891 3017 “

256 3127 413 3202 cessoris
425 3126 474 3203 de
487 3126 625 3203 seisina
637 3127 758 3226 ipsius
771 3126 986 3203 Helewisae.
1001 3126 1071 3202 Ad
1083 3125 1185 3204 idem
1199 3127 1294 3204 facit
1308 3126 1356 3204 de
1368 3127 1534 3203 termino
1551 3126 1703 3203 Sanctae
1718 3126 1846 3203 Trini-

256 3243 348 3320 tatis
373 3269 475 3320 anno
499 3245 628 3342 regis¹⁸
654 3245 820 3321 Henrici
845 3245 1009 3345 septimo
1035 3245 1193 3334 decima,
1219 3245 1267 3322 de
1292 3245 1508 3322 Petronilla
1534 3270 1618 3346 quae
1643 3246 1721 3322 fuit
1746 3272 1847 3322 uxor

255 3363 445 3441 Willelmi
465 3365 513 3441 de
536 3365 680 3441 Sancto
698 3364 887 3454 Martino,
908 3365 1093 3442 comitatu
1115 3364 1338 3454 Noriolciae,
1360 3388 1444 3464 quae
1464 3389 1552 3440 cum
1572 3374 1847 3464 postmortem

255 3482 327 3558 viri
346 3482 405 3560 sui
422 3483 541 3588 eiecta
558 3492 658 3561 esset
675 3485 723 3560 de
740 3493 960 3561 tenemento
978 3485 1012 3560 ei
1031 3483 1083 3561 sic
1101 3484 1205 3572 dato,
1225 3508 1452 3583 recuperare
1470 3483 1576 3559 non¹⁴
1596 3485 1724 3584 potuit
1744 3484 1846 3561 seisi-

255 3628 346 3680 nam
366 3628 436 3703 per
456 3603 613 3680 assisam
631 3628 739 3679 novae
758 3602 973 3692 disseisinae,
994 3603 1085 3701 quia
1103 3604 1249 3679 donum
1269 3612 1307 3680 et
1328 3603 1625 3680 ieoffamentum
1646 3604 1741 3680 illud
1761 3605 1847 3702 ipso

256 3722 339 3799 iure
363 3721 525 3798 nullum.
553 3723 656 3799 Item
682 3723 827 3798 adhoc
853 3722 948 3798 iacit
974 3723 1021 3798 de
1045 3722 1211 3798 termino
1239 3722 1372 3798 Sancti
1399 3722 1561 3799 Hillarii
1587 3749 1690 3799 auno
1715 3722 1845 3822 regis²⁸

258 3842 423 3918 Henrici
453 3851 600 3932 octavo,
629 3844 815 3920 comitatu
846 3843 1145 3941 Notinghamioe,
1176 3844 1224 3919 de
1254 3841 1428 3920 Roberto
1459 3844 1506 3919 de
1537 3843 1775 3942 Wallegha²⁸
1807 3854 1846 3921 et

256 3965 285 4042 J
287 3966 441 4043 ohanna
466 3991 589 4042 uxore
615 3966 708 4054 eius,
735 3965 800 4041 ubi
829 3964 968 4041 dicitur
996 3965 1099 4062 quod
1127 3989 1206 4040 non
1234 3963 1337 4041 valet
1365 3965 1453 4041 talis
1481 3965 1650 4054 donatio,
1679 3964 1846 4042 maxime

256 4086 347 4184 quia
367 4111 467 4162 uxor
487 4088 548 4161 cui
570 4085 785 4163 donatum²²
807 4084 912 4162 fuit²⁸
934 4111 1145 4184 numquam
1168 4085 1345 4161 saisinam
1368 4084 1502 4162 habuit
1525 4095 1615 4163 ante
1639 4087 1846 4185 desponsa·

255 4207 412 4296 tionem,
430 4217 535 4284 etex
552 4234 629 4306 quo
647 4208 706 4283 vir
723 4231 816 4284 suus
834 4206 927 4284 obiit
944 4207 1033 4283 inde
1052 4207 1212 4294 seisitus,
1231 4205 1299 4282 et¹⁰
1317 4206 1408 4304 quia
1424 4215 1531 4282 terra
1550 4205 1616 4282 illa
1635 4232 1846 4305 numquam

257 4339 438 4430 separata
463 4330 541 4406 fuit
568 4328 617 4405 ab
644 4329 727 4405 aliis
751 4329 865 4405 terris
891 4327 1011 4427 ipsius
1037 4328 1109 4402 viri
1137 4327 1206 4404 sui.
1237 4327 1316 4404 Sed
1343 4326 1436 4425 quid
1463 4327 1495 4404 si
1522 4337 1612 4425 post
1637 4327 1847 4404 divortium

258 4451 407 4527 iactum
428 4452 499 4527 fiat
520 4450 608 4528 talis
631 4451 809 4527 donatio?
831 4450 939 4525 Bene
962 4450 1064 4526 valet
1086 4457 1125 4525 et
1147 4457 1265 4525 tenet.
1291 4449 1394 4525 Item
1417 4458 1499 4525 esto
1522 4449 1625 4548 quod
1648 4473 1736 4525 cum
1758 4450 1846 4526 talis

257 4573 415 4650 donatio
436 4573 579 4650 directe
601 4572 684 4648 fieri
707 4597 785 4648 non
807 4569 956 4669 possit²⁰
979 4596 1003 4646 a
1023 4570 1106 4656 viro
1128 4569 1241 4646 uxori
1263 4569 1351 4645 vel²²
1374 4597 1395 4647 e
1417 4570 1622 4659 contrario,
1647 4579 1847 4648 constante

341 4793 560 4854 ²adversantia
583 4796 648 4853 sive
670 4794 888 4871 repugnantia,
910 4791 950 4866 V,
971 4791 1010 4850 Y.
1054 4789 1138 4851 ²riri
1161 4794 1219 4866 sui,
1241 4791 1310 4864 OB,
1334 4791 1410 4864 MA,
1432 4792 1507 4851 ΜΒ.
1551 4790 1656 4864 ⁸Om.,
1678 4791 1745 4865 LA,
1769 4791 1847 4867 MG,

258 4895 332 4955 CM.
376 4893 526 4973 ‘poterit
547 4894 592 4966 V;
614 4894 821 4976 posset,2OB,
844 4892 918 4952 MA.
963 4889 1127 4971 “possunt
1149 4892 1188 4967 V,
1211 4891 1277 4967 LA,
1300 4891 1374 4952 MC.
1418 4890 1544 4968 ‘nimia
1567 4893 1607 4967 V,
1628 4893 1696 4953 OB.
1742 4890 1847 4968 'Om.,

257 4996 327 5074 OB,
342 4997 419 5070 MA,
435 4997 509 5057 ΜΒ.
535 4993 585 5060 ,Μ
597 4995 677 5070 Om.,
694 4994 771 5068 MG,
788 4993 860 5054 CM.
898 4991 1025 5072 ²⁰regni
1041 4996 1135 5071 regis,
1151 4992 1191 5066 V,
1207 4992 1275 5066 OC,
1292 4993 1369 5067 MA,
1385 4993 1461 5054 MG.
1500 4991 1845 5069 ²²ieeerit,MG,CM.

258 5095 284 5132 ²²
296 5097 476 5173 afflaverit,
494 5098 564 5171 OB,
584 5097 662 5171 MG,
680 5097 719 5157 Y.
761 5094 787 5129 ²⁸
799 5099 888 5174 regni
907 5099 1001 5174 regia,
1020 5095 1060 5171 V,
1080 5094 1158 5169 MG,
1177 5094 1242 5155 OC.
1284 5091 1367 5153 1⁴sic
1387 5113 1460 5169 non,
1481 5095 1557 5168 MA,
1578 5095 1654 5169 ΜΒ,
1674 5093 1731 5154 ΟΒ
1758 5093 1846 5172 (ait).

257 5197 385 5278 ²⁸regni
408 5202 501 5277 regia,
523 5198 563 5271 V,
584 5198 652 5273 OC,
674 5198 751 5259 MG.
796 5194 1000 5275 ¹⁸Wallegb,
1021 5193 1217 5274 Wallelegh,
1240 5193 1393 5273 Walegh„
1415 5193 1665 5274 Walleasigham,
1687 5194 1847 5274 Waasing-

257 5301 339 5375 ham,
353 5299 497 5374 Laraloi,
511 5298 605 5361 MSS.
620 5318 685 5360 var.
721 5296 746 5333 ²⁷
758 5297 844 5372 data,
858 5299 935 5372 ΜΒ,
950 5297 1168 5370 CM;donata,
1183 5297 1259 5359 MG.
1296 5295 1441 5370 ²⁸iuerit,
1456 5296 1533 5372 MA,
1548 5298 1623 5357 ΜΒ.
1660 5293 1848 5371 ²⁰etetiam,

258 5401 337 5476 MG,
354 5401 427 5462 CM.
465 5399 492 5434 ²⁰
503 5407 619 5479 posset,
636 5401 705 5476 OB,
722 5400 798 5476 MA,
815 5400 892 5474 ΜΒ,
909 5399 986 5475 MG,
1003 5399 1083 5472 CM;
1100 5402 1227 5476 poterit,
1244 5398 1282 5460 V.
1321 5396 1347 5431 ²¹
1359 5405 1401 5474 et,
1418 5397 1487 5473 OB,
1506 5399 1587 5472 MA3
1605 5418 1662 5460 nec
1680 5417 1697 5458 e
1715 5419 1752 5472 c.,
1772 5399 1846 5458 ΜΒ.
