4394 6342
856 451 1188 514 KALENDARIUM

390 602 455 679 De
469 602 729 679 servitutibus.

227 721 276 796 F.
317 731 362 797 ll
390 719 456 796 De
472 747 602 797 rerum
618 720 786 796 dominio
803 721 1040 820 adquirendo
1056 746 1105 798 ex
1122 746 1237 797 causa
1254 720 1471 798 donationis
1488 721 1590 797 inter
1606 721 1723 798 vivos.

390 839 497 928 Quid
517 839 566 916 sit
583 839 750 915 donatio.

391 956 572 1046 Qualiter
586 959 742 1034 donatio
759 957 964 1034 dividatur.

391 1076 490 1165 Quis
507 1077 650 1153 donare
666 1076 798 1175 possit.

227 1196 275 1271 F.
317 1203 364 1271 12
392 1195 490 1284 Quis
504 1197 646 1271 donare
659 1220 738 1270 non
751 1195 883 1295 possit.

392 1314 466 1390 Cui
480 1314 616 1389 donari
629 1314 761 1413 possit.

227 1432 276 1507 F.
317 1440 365 1507 18
392 1431 490 1520 Quae
503 1458 563 1508 res
578 1432 662 1507 dari
676 1431 808 1531 possit.

227 1550 275 1625 F.
318 1558 365 1626 14
392 1551 490 1639 Quae
505 1550 713 1647 exigantur
729 1552 779 1625 ad
793 1551 864 1625 hoc
880 1552 984 1648 quod
998 1551 1125 1627 valeat
1142 1551 1309 1627 donatio.

390 1670 516 1746 Breve
529 1669 739 1746 vicecomiti
753 1670 940 1746 directum
954 1670 1004 1746 ad
1015 1669 1286 1768 inquirendum
1299 1670 1339 1746 in
1352 1695 1428 1768 quo
1443 1678 1548 1746 statu
1562 1671 1639 1747 fuit
1652 1672 1818 1747 donator

490 1789 646 1886 quando
663 1788 756 1864 lecit
774 1787 1030 1865 donationem.

227 1908 276 1983 F.
318 1915 364 1983 15
390 1905 515 1982 Aliud
529 1907 644 1982 breve
658 1907 705 1983 de
720 1908 853 1982 eodem
869 1907 900 1982 si
915 1907 964 1983 sit
980 1931 1136 2005 compos
1150 1907 1301 1983 mentis.

390 2024 518 2100 Breve
531 2024 579 2102 de
594 2026 869 2101 summonendo
882 2032 1088 2101 tenentem.

391 2142 509 2231 Quod
523 2152 704 2220 certares
719 2143 768 2219 sit
783 2169 867 2241 quae
882 2143 966 2218 dari
982 2143 1106 2219 debet.

226 2264 275 2339 F.
317 2270 364 2339 16
391 2262 509 2351 Quod
524 2261 681 2338 donatio
697 2261 746 2338 sit
759 2261 935 2360 gratuita
947 2271 986 2338 et
1001 2287 1080 2337 non
1094 2272 1237 2338 coacta.

227 2382 277 2457 F.
317 2387 364 2462 17
390 2380 486 2456 Alia
511 2379 644 2456 divisio
669 2380 932 2468 donationum,
960 2381 1062 2478 quod
1090 2379 1165 2456 alia
1191 2379 1355 2478 simplex
1380 2389 1420 2456 et
1447 2405 1558 2479 pura,
1586 2381 1662 2456 alia
1687 2381 1815 2456 condi-

489 2499 646 2575 cionalis
661 2499 723 2574 vel
741 2499 811 2574 sub
827 2500 953 2574 modo.

227 2620 276 2695 F.
317 2627 364 2695 19
393 2617 436 2694 Si
451 2619 522 2695 fiat
537 2618 694 2695 donatio
711 2619 782 2694 sub
796 2618 1027 2695 condicione.

392 2737 435 2813 Si
450 2763 498 2813 ex
513 2738 619 2813 laeto
634 2737 873 2836 precedente
888 2737 949 2813 vel
963 2763 1012 2813 ex
1027 2762 1154 2812 causa.

390 2855 508 2944 Quod
525 2855 695 2931 condicio
712 2855 873 2953 impedit
891 2857 1114 2932 descensum
1131 2855 1181 2931 ad
1199 2855 1377 2954 proprios
1394 2855 1562 2932 heredes.

228 2974 276 3049 F.
316 2981 365 3048 20
394 2975 437 3050 Si
452 2984 557 3051 terra
571 2975 664 3049 data
680 2973 800 3051 luerit
815 2974 998 3050 bastardo
1013 3000 1084 3074 per
1100 3000 1140 3050 se
1156 2973 1216 3050 vel
1234 2974 1274 3049 in
1289 2973 1548 3072 maritagium.

390 3091 455 3169 De
471 3093 561 3171 dote
576 3092 707 3169 uxoris
723 3092 906 3168 bastardi.

228 3212 276 3288 F.
315 3219 362 3288 21
393 3212 436 3288 Si
453 3222 560 3289 terra
576 3214 670 3288 data
686 3211 805 3287 fuerit
824 3211 863 3286 in
881 3211 1140 3309 maritagium
1160 3212 1369 3288 videndum
1386 3211 1552 3310 qualiter
1571 3212 1641 3289 fiat
1660 3212 1817 3290 donatio

490 3330 530 3405 in
545 3329 804 3427 maritagium.

228 3451 276 3526 F.
316 3458 364 3525 22
392 3450 510 3539 Quod
523 3451 772 3549 maritagium
786 3451 891 3527 aliud
904 3450 1067 3527 liberum
1083 3450 1187 3526 aliud
1202 3476 1291 3526 non.

228 3569 276 3644 F.
316 3577 365 3645 28
392 3569 509 3658 Quod
525 3569 773 3667 maritagium
789 3571 996 3646 revertitur
1012 3595 1085 3668 pro
1101 3569 1257 3645 defectu
1273 3570 1466 3646 heredum.

228 3688 276 3763 F.
316 3697 365 3763 24
393 3689 436 3765 Si
452 3687 569 3765 servis
584 3689 654 3763 fiat
670 3686 838 3763 donatio.

227 3807 276 3883 F.
315 3815 364 3883 25
393 3805 436 3883 Si
451 3807 521 3883 fiat
536 3806 693 3882 donatio
709 3832 818 3882 servo
834 3805 905 3882 sub
920 3813 1112 3905 potestate
1129 3805 1273 3883 domini
1289 3806 1347 3882 sui
1362 3806 1583 3883 constituto.

393 3925 436 4001 Si
449 3926 519 4001 fiat
534 3924 692 4000 donatio
708 3925 741 4000 ei
756 3925 821 4023 qui
837 3924 956 4001 fuerit
972 3933 1085 4000 extra
1100 3933 1331 4023 potestatem
1348 3925 1502 4001 domini.

228 4044 276 4120 F.
316 4052 365 4119 26
393 4046 437 4122 Si
451 4071 583 4123 servus
598 4044 844 4121 donationem
859 4045 987 4121 lacere
1000 4045 1133 4145 possit.

392 4163 435 4239 Si
451 4163 520 4240 fiat
537 4163 694 4240 donatio
710 4163 822 4239 alicui
838 4163 889 4240 ad
903 4164 1111 4239 terminum
1127 4164 1214 4239 vitae
1230 4162 1427 4239 donatoris
1444 4163 1505 4239 vel
1521 4163 1723 4240 donatarii.

227 4283 276 4359 F.
316 4289 364 4364 27
391 4281 460 4359 Fit
477 4281 633 4358 donatio
650 4281 691 4358 in
707 4282 866 4359 liberam
883 4281 1138 4358 elemosinam.

227 4402 276 4479 F.
315 4408 364 4478 28
392 4401 495 4477 Item
510 4399 685 4501 pluribus
703 4400 785 4476 fieri
802 4401 945 4499 poterit
962 4400 1118 4476 donatio
1136 4399 1248 4477 simul
1264 4408 1304 4477 et
1320 4400 1361 4476 in
1375 4400 1510 4476 eodem
1525 4409 1700 4501 tempore
1718 4400 1815 4478 sicut

490 4518 647 4596 diversis
663 4519 901 4617 temporibus
917 4526 957 4595 et
972 4518 1190 4594 successive.

391 4637 434 4712 Si
451 4637 627 4737 pluribus
645 4636 834 4713 bastardis
852 4636 965 4712 simul
983 4636 1030 4712 de
1047 4636 1269 4713 concubina.

226 4758 275 4833 F.
315 4765 363 4832 29
393 4757 435 4832 Si
449 4757 509 4832 vir
522 4757 635 4831 uxori
649 4755 895 4832 donationem
911 4755 1037 4832 lacere
1051 4755 1174 4854 possit
1189 4764 1389 4832 constante
1403 4756 1659 4832 matrimonio.

391 4875 434 4951 Si
450 4874 528 4951 lelo
543 4883 632 4973 post
649 4873 832 4950 leloniam
847 4873 1093 4950 donationem
1110 4875 1237 4950 facere
1251 4873 1384 4973 possit.

227 4996 275 5071 F.
314 5003 364 5070 80
393 4994 435 5070 Si
450 4995 521 5070 fiat
535 4994 692 5070 donatio
707 4994 755 5071 de
770 5019 812 5069 re
828 4994 962 5070 aliena.

226 5114 275 5189 F.
314 5121 361 5189 81
390 5113 575 5189 Mutatur
590 5113 820 5210 quandoque
836 5112 1167 5210 perdonationem
1182 5136 1262 5188 una
1277 5137 1393 5188 causa
1408 5111 1628 5211 possidendi
1644 5111 1684 5187 in
1701 5099 1815 5188 aliam

489 5254 644 5306 causam
658 5228 888 5329 possidendi.

227 5349 275 5424 F.
315 5356 364 5424 82
393 5349 436 5425 Si
451 5348 521 5425 fiat
536 5349 693 5425 donatio
708 5349 867 5425 alictuus
883 5350 937 5425 rei
953 5357 1116 5448 excepta
1132 5348 1261 5447 aliqua
1276 5357 1400 5449 parte.
