4392 6352
383 422 456 491 882
916 417 1139 481 BRACTON:
1161 417 1222 479 DE
1247 417 1439 481 LEGIBUS

384 565 467 642 aliis
488 565 636 642 ballivis
657 567 723 664 qui
743 565 914 665 placita'⁸
935 591 1083 643 coronae
1104 575 1142 645 et
1163 567 1282 644 namii
1301 567 1410 646 vetiti
1431 568 1619 667 placitant
1642 578 1681 646 et
1701 568 1913 647 terminant
1933 569 1976 644 in

383 682 627 760 comitatibus
645 693 684 760 et
700 684 921 774 hundredis,
939 684 1000 762 vel
1016 712 1088 785 per
1105 695 1388 763 sacramentum
1404 686 1465 762 vel
1483 686 1558 762 alio
1575 687 1703 776 modo,
1721 713 1810 764 cum
1828 688 1976 764 nullam

384 803 474 880 inde
493 803 660 880 habeant
679 813 913 903 potestatem
935 803 1015 881 sine
1037 804 1191 903 speciali
1212 804 1397 881 mandato
1419 805 1563 881 domini
1584 805 1686 904 regis
1708 815 1747 883 et
1770 832 1840 905 per
1861 806 1975 883 breve

385 947 509 1010 suum,
529 921 600 998 nisi
619 932 774 1018 tantum
791 921 997 1000 vicecomes
1017 923 1082 1022 qui
1101 931 1159 1000 est
1178 923 1218 998 in
1237 923 1308 999 hoc
1326 923 1552 1001 iustitiarius
1572 924 1716 1000 domini
1736 925 1838 1022 regis
1859 951 1976 1024 super

384 1039 527 1116 iniusta
542 1041 720 1139 captione
736 1051 774 1118 et
790 1040 1021 1118 detentione.
1038 1040 1103 1118 De
1119 1041 1333 1118 excessibus
1350 1042 1613 1119 vicecomitum
1631 1053 1671 1120 et
1687 1043 1851 1120 aliorum
1868 1043 1974 1118 balli·

384 1185 532 1248 vorum,
554 1159 612 1236 si⁸⁴
633 1160 801 1259 aliquam
821 1160 928 1237 litem
947 1157 1242 1237 suscitaverint⁸⁸
1263 1160 1458 1237 occasione
1479 1161 1644 1238 habendi
1665 1171 1788 1238 terras
1810 1163 1870 1237 vel
1891 1186 1974 1237 cus·

384 1279 509 1355 todias
526 1279 587 1355 vel
606 1279 852 1377 perquirendi
870 1279 1046 1354 denarios
1064 1279 1125 1355 vel
1143 1277 1236 1355 alios
1255 1277 1495 1378 profectus,⁸⁶
1513 1278 1573 1356 vel
1592 1277 1688 1379 per⁸⁷
1708 1280 1813 1379 quod
1830 1280 1977 1356 iustitia

384 1405 424 1473 et
437 1397 578 1473 veritas
591 1397 805 1474 occultetur
817 1399 878 1473 vel
893 1396 1143 1474 dilationem⁸⁸
1157 1396 1327 1496 capiat.³⁹
1341 1398 1406 1474 De
1420 1397 1701 1475 vicecomitibus
1716 1407 1755 1475 et
1769 1399 1852 1474 aliis
1868 1398 1974 1473 balli-

385 1517 441 1594 vis
458 1516 707 1593 ambidextris
724 1517 788 1615 qui
806 1515 965 1615 capiunt
982 1542 1031 1592 ex
1047 1525 1212 1614 utraque
1230 1525 1353 1615 parte.
1371 1515 1437 1592 De
1454 1515 1708 1614 thuthingis,⁴⁰
1726 1515 1975 1604 hundredis,⁴¹

385 1635 463 1712 sive
481 1633 774 1733 wapentakiis‚⁴²
792 1643 832 1711 et
850 1634 933 1711 aliis
951 1634 1099 1712 ballivis
1118 1633 1263 1711 domini
1283 1635 1383 1732 regis
1402 1634 1538 1734 positis
1559 1635 1609 1711 ad
1629 1635 1781 1712 firmam
1800 1645 1976 1734 tempore

384 1753 657 1852 praedietonm
680 1753 954 1830 vicecomitum.
980 1753 1046 1828 De
1069 1753 1182 1851 prisis
1207 1754 1350 1829 domini
1374 1754 1476 1852 regis
1501 1754 1541 1829 in
1565 1763 1681 1842 terra,
1707 1755 1785 1831 sive
1809 1754 1851 1829 in
1875 1779 1976 1853 aqua

385 1872 488 1947 dulci
502 1872 563 1948 vel
577 1871 689 1960 salsa,
705 1882 744 1949 et
757 1871 998 1949 libertatibus
1014 1872 1276 1971 spectantibus
1293 1874 1343 1948 ad
1360 1872 1516 1948 castella
1532 1897 1613 1962 sua,
1630 1870 1736 1950 sive‘³
1752 1874 1802 1948 ad
1818 1871 1975 1950 comita-

385 2001 471 2069 tum
489 1993 566 2068 sive
585 1992 635 2067 ad
652 1992 795 2089 burgos
814 2017 902 2068 suos
921 1991 999 2067 sive
1016 1991 1066 2066 ad
1084 1991 1160 2066 alia
1178 2015 1424 2090 quacumque
1442 1991 1537 2080 loca,
1557 2015 1641 2089 quae
1659 1989 1779 2068 sunt⁴⁴
1797 1999 1836 2067 et
1855 2015 1975 2088 quan-

385 2111 415 2187 f.
432 2111 550 2204 117b]
606 2119 691 2186 tum
708 2111 863 2187 valeant
881 2134 951 2207 per
969 2135 1125 2198 annum,
1144 2119 1183 2186 et
1201 2111 1286 2208 quis
1305 2135 1350 2185 ea
1369 2109 1613 2207 occupaverit
1631 2109 1692 2186 vel
1711 2108 1890 2185 celaverit
1909 2107 1975 2184 et⁴⁵

385 2229 604 2306 detinuerit.
625 2229 690 2306 De
710 2228 991 2305 vicecomitibus
1012 2237 1051 2304 et
1071 2229 1153 2304 aliis
1173 2228 1322 2305 ballivis
1343 2228 1408 2326 qui
1429 2238 1614 2326 ceperunt
1635 2227 1812 2304 denarios
1833 2227 1976 2303 abillis

386 2347 451 2446 qui
467 2349 600 2423 rettati
617 2348 778 2424 fuerunt
794 2347 842 2424 de
857 2355 982 2424 morte
998 2346 1172 2435 hominis,
1189 2357 1234 2424 ut
1252 2345 1489 2423 dimitteret⁴⁶
1507 2372 1570 2423 eos
1589 2372 1659 2444 per
1676 2346 1871 2445 plevinam
1889 2371 1977 2421 cum

385 2493 465 2543 non
492 2475 618 2545 essent
645 2465 884 2565 replegiandi
913 2464 993 2542 sine
1021 2465 1175 2564 speciali
1203 2473 1396 2564 praecepto
1425 2465 1569 2541 domini
1597 2465 1710 2563 regis.
1740 2464 1805 2540 De
1833 2464 1975 2540 viceco-

385 2585 541 2664 mitibus
566 2595 605 2663 et
630 2585 712 2662 aliis
738 2585 886 2662 ballivis
911 2585 977 2684 qui
1002 2584 1352 2684 imprisonavenmt
1378 2584 1462 2660 illos
1488 2584 1553 2682 qui
1580 2583 1713 2660 rettati
1740 2584 1901 2660 fuerunt
1928 2583 1976 2658 de

384 2705 584 2781 latrocinio
604 2730 675 2803 per
694 2703 970 2781 indictamenta
988 2703 1050 2779 vel
1070 2702 1268 2802 appellum
1288 2702 1517 2801 probatoris,
1539 2709 1578 2778 et
1598 2702 1682 2778 illos
1702 2701 1770 2777 in⁴'
1792 2699 1976 2800 prisona⁴⁸

386 2821 662 2898 detinuenmt⁴⁹
688 2847 885 2921 quousque
911 2822 1096 2898 haberent
1122 2823 1170 2897 de
1195 2820 1269 2896 illis
1295 2820 1610 2919 redemptionem,
1638 2845 1726 2896 cum
1751 2829 1910 2918 possent
1936 2828 1976 2896 et

386 2941 568 3020 deberent
581 2968 651 3041 per
663 2942 789 3039 legem
802 2951 914 3017 terrae
927 2940 1133 3039 replegiari
1148 2939 1227 3016 sine
1242 2940 1370 3038 aliqua
1385 2940 1660 3038 redemptione,
1675 2939 1736 3015 vel
1750 2939 1781 3016 si
1797 2965 1820 3015 a
1835 2937 1976 3015 talibus

386 3061 690 3158 redemptionem
717 3058 931 3158 ceperunt⁶⁰
958 3084 1007 3135 ne
1034 3058 1391 3157 imprisonarentur.
1420 3057 1485 3134 De
1514 3057 1796 3148 vicecomitibus
1823 3066 1864 3133 et
1893 3056 1975 3132 aliis

385 3179 534 3256 ballivis
552 3179 617 3278 qui
634 3179 691 3255 bis
708 3179 769 3255 vel
786 3179 929 3276 pluries
947 3177 1123 3254 denarios
1141 3176 1353 3274 ceperunt⁶¹
1374 3176 1422 3252 ab
1441 3177 1580 3274 aliquo,
1599 3201 1644 3252 ac
1664 3177 1695 3251 si
1714 3175 1858 3274 pluries
1877 3183 1976 3250 esset

385 3299 614 3376 amerciatus
629 3323 717 3373 cum
731 3296 958 3373 amerciatus
972 3295 1078 3373 non⁶²
1092 3306 1191 3373 esset
1206 3295 1278 3372 nisi
1294 3296 1419 3371 semel.
1435 3294 1501 3370 De
1515 3295 1796 3370 vicecomitibus
1812 3303 1850 3370 et
1865 3291 1976 3370 aliis⁵⁸

385 3417 535 3493 ballivis
551 3417 615 3515 qui
630 3415 910 3493 distrinxenmt
925 3415 1055 3514 plures
1071 3439 1192 3490 unum
1208 3439 1347 3491 nomen
1361 3413 1544 3490 habentes
1561 3438 1634 3511 pro
1649 3412 1825 3511 pluribus
1842 3410 1976 3487 ameri-

386 3535 595 3623 ciamentis,
613 3534 679 3611 ubi
697 3559 776 3610 non
795 3533 871 3610 fuit
890 3533 1117 3610 amerciatus
1137 3532 1208 3609 nisi
1226 3558 1349 3608 unum
1366 3541 1532 3608 tantum.
1552 3532 1617 3606 De
1636 3530 1918 3607 vicecomitibus
1937 3538 1977 3605 et

387 3655 470 3731 aliis
495 3654 643 3729 ballivis
667 3652 733 3750 qui
759 3651 1040 3729 distrinxenmt
1065 3650 1230 3750 aliquem
1256 3652 1306 3727 ad
1331 3647 1579 3749 pacandum³‘
1604 3649 1692 3747 plus
1718 3675 1834 3748 quam
1861 3647 1900 3724 id
1926 3646 1977 3722 ad

386 3774 490 3873 quod
507 3773 584 3849 fuit
601 3771 829 3847 amerciatus
847 3795 917 3869 per
935 3769 1268 3846 summonitionem
1286 3768 1473 3845 scaccarii.
1493 3768 1557 3844 De
1575 3767 1724 3843 ballivis
1742 3767 1808 3866 qui
1828 3767 1978 3843 faciunt

386 3890 561 3967 cervisias
583 3915 670 3966 suas
690 3914 785 3988 quas
807 3889 1035 3986 quandoque
1055 3897 1195 3964 vocant
1218 3885 1411 3974 Scotnle,⁶⁵
1432 3887 1662 3986 quandoque
1685 3883 1911 3973 Filastale,⁵⁸
1931 3893 1978 3961 ut

386 4008 589 4107 pecuniam
604 4016 859 4106 extorqueant
875 4005 923 4082 ab
939 4007 991 4082 eis
1007 4005 1072 4104 qui
1087 4014 1301 4104 sequuntur
1315 4004 1517 4080 hundreda
1533 4029 1602 4080 sua
1617 4013 1657 4081 et
1673 4004 1831 4081 ballivas
1848 4002 1977 4092 suas,⁸²

387 4136 425 4203 et
441 4129 488 4203 de
504 4126 577 4202 illis
594 4124 794 4202 similiter⁶⁸
810 4125 875 4223 qui
890 4124 978 4201 licet
993 4123 1192 4200 cervisiam
1208 4148 1284 4198 non
1303 4121 1492 4209 faciunt,⁶⁹
1509 4122 1626 4199 blada
1640 4132 1773 4199 tamen
1790 4123 1977 4220 eolligunt

385 4245 426 4320 in
438 4252 637 4333 autumno,
651 4269 772 4341 agnos
786 4252 824 4319 et
837 4243 923 4330 alia,
936 4249 1128 4341 protextu
1142 4240 1290 4316 ballivae
1302 4266 1390 4329 suae,
1405 4267 1476 4341 per
1489 4243 1593 4340 quod
1606 4266 1797 4340 pauperes
1810 4249 1977 4339 gravant

387 4428 412 4464 ³⁸
424 4429 583 4508 placitum,
607 4429 676 4504 OA,
701 4430 768 4504 OC,
793 4430 870 4504 MG,
896 4430 969 4489 cM.
1016 4428 1117 4506 ⁸⁴qui,
1143 4429 1210 4503 ΟΕ,
1234 4430 1275 4502 Y,
1301 4430 1374 4491 MC.
1421 4426 1448 4462 ⁸⁶
1460 4432 1712 4504 sustentaverint,
1738 4428 1807 4501 OB,
1834 4428 1910 4501 MB,
1936 4428 1976 4488 Y.

386 4528 452 4563 ’’’’’
464 4529 622 4607 perlectus
639 4549 706 4608 per,
721 4531 794 4600 OB;
809 4529 969 4607 proiectus
986 4549 1054 4607 per,
1069 4529 1135 4603 ΟΕ,
1149 4530 1190 4605 Y,
1206 4530 1282 4605 ΜΒ,
1298 4531 1377 4603 ΜΟ;
1393 4528 1578 4608 prolicumus
1595 4550 1662 4609 per,
1679 4530 1753 4590 MA.
1791 4526 1857 4563 ³⁸⁴⁹
1868 4528 1977 4589 dilatio

384 4631 538 4706 capiatur,
557 4628 635 4703 MG,
655 4630 728 4690 cM.
770 4627 982 4708 ”tuthinqu
1000 4628 1172 4708 thitringis,
1191 4628 1384 4708 threynogis,
1406 4631 1499 4692 MSS.
1521 4651 1586 4692 var.
1629 4630 1787 4707 ‘¹¹⁴²Om,
1810 4631 1878 4706 OB,
1900 4631 1978 4707 MA,

386 4732 463 4808 ΜΒ,
481 4731 521 4807 Υ,
539 4729 739 4804 CE;hundr.
757 4732 808 4793 vel
823 4751 916 4812 vap,
934 4733 1000 4807 LA,
1019 4732 1092 4794 MC.
1132 4730 1346 4809 ⁴⁸0m.,MG,
1365 4733 1438 4793 CM.
1478 4731 1590 4807 “sint,
1609 4733 1688 4807 MG,
1706 4734 1779 4794 cM.
1820 4731 1918 4808 ⁴⁸vel,
1938 4732 1978 4807 V,

387 4833 464 4908 MG,
483 4834 556 4908 CM,
575 4834 643 4907 OB,
661 4834 737 4906 MA,
755 4834 830 4894 ΜΒ.
870 4831 896 4867 ⁴⁸
908 4833 1110 4907 dimitterent,
1127 4835 1167 4907 V,
1186 4834 1253 4909 CB,
1272 4834 1346 4894 Mn
1387 4831 1478 4911 “qui
1496 4839 1539 4907 in,
1559 4834 1637 4908 MG,
1656 4835 1729 4896 cM.
1770 4833 1977 4913 ‘⁸prisonam,

385 4932 452 5007 LA,
473 4933 547 4995 Me.
590 4931 617 4967 ⁴⁰
628 4933 828 5008 detinuerint,
848 4933 918 5008 OB,
938 4934 1015 5010 MA,
1036 4933 1074 4994 Y.
1118 4932 1145 4968 ⁶⁰
1157 4937 1307 5012 ceperint,
1328 4935 1398 5009 OB,
1419 4935 1495 5009 MA,
1518 4937 1595 5011 ΜΒ,
1617 4937 1684 5012 CE,
1706 4937 1745 4997 Y.
1789 4935 1816 4970 ¹⁵¹
1827 4940 1976 5015 ceperint,

387 5035 463 5110 MA,
478 5036 558 5107 CM;
574 5037 819 5113 receperint,Y;
837 5042 1029 5113 receperunt,
1048 5036 1122 5096 ΜΒ.
1162 5034 1280 5111 ⁶²Om.,
1297 5037 1364 5112 LA,
1381 5037 1456 5097 MB.
1495 5034 1615 5110 ⁶⁸Om.,
1633 5037 1710 5110 MG,
1728 5038 1801 5097 CM.
1841 5035 1976 5114 “placi-

385 5135 523 5209 tandum,
547 5136 622 5210 cM,
647 5135 722 5196 MG.
768 5133 794 5168 ⁸⁶
807 5135 941 5210 Scotale,
966 5134 1121 5209 Scotbale,
1146 5135 1295 5208 scottale,
1320 5136 1484 5212 Scottales,
1511 5137 1668 5213 Scochale,
1695 5136 1789 5199 MSS.
1837 5134 1863 5169 ³⁶
1876 5135 1975 5196 Filas·

385 5232 460 5310 tale,
486 5232 647 5310 Filsthale,
672 5233 814 5310 Filetale,
839 5233 1002 5309 Filethale,
1028 5235 1174 5310 Fileaale,
1199 5235 1356 5312 Yildhale,
1382 5237 1494 5311 Ildale,
1521 5238 1614 5299 MSS.
1661 5235 1779 5312 ‘'Om„
1804 5238 1874 5313 OB,
1899 5238 1976 5314 MA,

386 5336 461 5396 MB.
497 5333 523 5368 ⁶⁸
535 5337 616 5411 Om.,
631 5337 708 5410 MG,
722 5337 795 5398 cM.
832 5335 858 5371 ⁶⁹
871 5336 1000 5410 iaciant,
1015 5336 1055 5411 V,
1069 5337 1146 5411 MA,
1161 5337 1199 5397 Y.
