4392 6352
855 442 915 503 nu
938 441 1213 505 acrroumus
1758 448 1834 518 303

241 591 470 691 ignorabant
485 591 773 690 diligentissime
787 592 1079 691 inverttqabam.
1097 594 1192 668 Non
1208 592 1309 669 enim
1326 592 1418 669 dicit
1435 591 1639 689 diligenter
1655 591 1734 669 sire
1750 591 1833 668 dili·

130 753 132 758 .
242 709 409 808 gentius,
424 710 541 786 immo
558 710 857 808 diligentissime.
874 709 1005 787 Debet
1022 710 1122 787 enim
1139 710 1255 786 iudex
1271 736 1343 809 per
1359 709 1680 787 examinationem
1698 711 1746 787 de
1763 709 1834 786 du·

243 825 313 904 biis
331 826 488 903 facere¹⁴
504 836 664 916 certum,
682 838 722 905 et
739 829 787 905 de
804 829 1030 906 credulitate
1047 829 1261 917 veritatem,
1281 829 1328 905 de
1347 829 1567 927 ignorantia
1585 829 1774 918 notitiam,
1794 838 1833 906 et

243 945 437 1022 notorium
453 946 531 1023 sive
547 946 724 1023 notitiam
738 947 786 1023 de
802 947 946 1045 ignoto.
966 949 1069 1024 Item
1085 947 1258 1024 consistit
1273 947 1414 1023 veritas
1431 947 1558 1023 iudicii
1575 948 1616 1024 in
1631 948 1734 1024 iusta
1750 973 1834 1024 sen·

241 1065 372 1143 tentiae
385 1064 628 1166 prolatione²⁶
642 1073 681 1141 et
694 1064 795 1141 iusta
806 1074 845 1142 et
857 1066 1032 1165 diligenti
1046 1065 1280 1154 executione,
1293 1075 1338 1142 ut
1351 1067 1392 1143 in
1404 1065 1710 1142 Deuteronomio
1724 1074 1834 1142 sexto

243 1183 401 1272 decimo,
421 1185 532 1261 laste
552 1183 657 1283 qaod
675 1185 820 1261 iustam
840 1193 898 1260 eat
917 1182 1197 1283 persequeris,²⁰
1218 1192 1264 1260 at
1284 1184 1390 1261 vivas
1412 1194 1450 1261 et
1470 1185 1667 1284 possideas
1689 1195 1833 1261 terram

242 1328 359 1403 quom
380 1302 557 1379 domim
577 1303 673 1380 deas
692 1302 856 1379 daturus
876 1312 934 1379 eat
955 1301 1035 1380 tibi.
1057 1302 1115 1379 Bt
1137 1303 1177 1378 in
1198 1304 1365 1379 secundo
1386 1303 1485 1379 libro
1507 1303 1834 1403 Paralipomenon

242 1445 345 1495 nono
365 1419 511 1496 decimo
529 1420 595 1495 ubi
614 1419 765 1510 dicitur,
789 1421 926 1498 Videte
947 1421 1040 1519 quid
1058 1421 1224 1516 famata,
1244 1445 1324 1496 aon
1344 1420 1445 1497 enim
1466 1420 1629 1498 bomine
1650 1422 1834 1498 coercetis

241 1540 423 1617 iudicium
436 1540 504 1616 aed
516 1539 589 1628 dei,
603 1549 641 1616 ct
653 1539 751 1617 illud
762 1540 864 1616 idern
877 1540 982 1640 quod
993 1539 1251 1617 iudicaveritis
1264 1540 1305 1617 in
1314 1561 1382 1615 vor
1390 1537 1633 1616 redundabit.
1644 1538 1708 1617 Sit
1718 1540 1834 1616 timor

242 1657 761 1745 commonitariarum
776 1656 976 1755 diligentia
991 1667 1130 1734 cancta
1144 1657 1273 1752 facite.
1288 1658 1334 1733 N
1333 1683 1384 1734 on
1399 1659 1501 1735 enm
1517 1667 1574 1734 eat
1591 1659 1698 1757 apud
1712 1659 1833 1736 ᾱυιιιι-

241 1801 336 1852 aum
348 1776 464 1853 ιιειιιιι
477 1785 653 1853 nostram
664 1776 847 1875 iniquitas
860 1799 984 1876 aeque
996 1799 1250 1876 personarum
1263 1777 1447 1875 acceptio,
1461 1801 1530 1852 nec
1545 1777 1685 1876 cupido
1700 1801 1831 1853 mucc-

240 1917 340 1982 ram,
354 1918 438 1992 quae
451 1903 643 1970 excaecant
656 1893 784 1970 oculos
800 1894 1019 1993 sapientum
1032 1905 1071 1971 et
1084 1904 1312 1993 pervertunt
1326 1895 1444 1970 verba
1458 1896 1662 1973 iustorum:
1679 1904 1723 1972 ut
1738 1895 1832 1993 legi·

240 2013 372 2090 turin
397 2013 666 2090 Ecclesiastico
691 2012 868 2090 vicesimo
893 2013 1076 2111 capitulo,
1102 2011 1149 2086 X
1150 2010 1262 2090 catast
1289 2021 1328 2089 et
1354 2013 1457 2089 dono
1482 2023 1676 2091 eccoecaat
1702 2012 1832 2089 oculor

240 2131 420 2209 iudicum.
444 2132 503 2208 Et
525 2132 590 2230 qui
613 2132 716 2208 dona
737 2131 816 2208 sive
837 2156 998 2208 munera
1022 2131 1131 2220 dixit,
1155 2157 1268 2206 omne
1290 2156 1413 2229 genus
1436 2131 1605 2208 muneris
1630 2131 1830 2209 intellexit.

241 2250 402 2338 Munus,
426 2249 566 2327 scilicet
587 2275 611 2325 a
630 2275 761 2338 manu,
784 2250 896 2348 quale
918 2248 1088 2326 scilicet²⁸
1109 2258 1167 2326 est
1189 2275 1250 2325 res
1272 2248 1482 2348 corporalis
1505 2274 1589 2348 quae
1611 2257 1830 2348 praestatur.

241 2367 391 2444 Munus
405 2393 429 2444 a
441 2367 587 2466 lingua,
602 2368 715 2466 quale
729 2377 788 2444 est
802 2366 1001 2444 blandiens
1015 2376 1055 2445 et
1069 2367 1287 2444 adulatoria
1302 2367 1545 2466 supplicatio,
1560 2367 1721 2445 laudum
1736 2369 1830 2444 cele·

238 2483 306 2562 bre
320 2485 564 2584 praeconium,
577 2510 686 2562 vanae
697 2485 830 2584 gloriae
843 2485 1082 2585 symphonia.
1100 2486 1203 2562 Item
1216 2511 1357 2562 munus
1372 2485 1420 2562 ab
1435 2485 1627 2584 obsequio,
1643 2486 1758 2585 quale
1771 2496 1829 2564 est

239 2605 437 2681 servitium
460 2603 677 2703 impensum
700 2613 739 2680 et
764 2612 975 2702 acceptum,
1000 2629 1072 2703 pro
1097 2629 1174 2702 quo
1198 2613 1451 2702 extorquetur
1475 2604 1603 2681 iudicii
1627 2604 1828 2682 rectitudo.

240 2723 344 2798 Item
358 2747 428 2799 nec
442 2722 567 2798 minus
583 2747 723 2798 munus
739 2747 762 2796 a
777 2721 963 2819 sanguine
979 2721 1107 2797 vocari
1123 2730 1304 2810 meretur,
1320 2747 1408 2798 cum
1425 2747 1497 2821 pro
1514 2722 1711 2820 sanguinis
1728 2722 1830 2799 linea

237 2843 332 2919 recti
347 2842 474 2918 iudicii
489 2843 588 2918 linea
604 2850 840 2918 recurvatur.
858 2843 910 2918 In
923 2842 994 2918 hoc
1009 2842 1111 2918 enim
1125 2842 1254 2939 tangit
1270 2841 1427 2940 sanguis
1444 2841 1681 2939 sanguinem.
1700 2842 1828 2918 Haec²⁰

237 2960 416 3058 profecto
429 2985 571 3058 genera
584 2986 787 3036 munerum
802 2960 1045 3036 sordidorum
1058 2960 1211 3036 nomine
1225 2968 1512 3059 nuncupantur,
1528 2969 1568 3037 et
1582 2959 1646 3036 lex
1660 2961 1829 3037 humana

238 3105 397 3178 gravem
416 3104 571 3179 poenam
590 3078 731 3177 infligit
750 3078 864 3154 iudici
883 3086 1067 3177 corrupto
1087 3103 1158 3177 per
1177 3078 1319 3166 sordes,
1339 3078 1379 3153 id
1399 3087 1457 3156 est
1476 3104 1549 3177 per
1567 3103 1728 3155 munera
1748 3105 1827 3156 sor·

239 3198 340 3287 dida,
356 3206 402 3274 ut
418 3198 449 3274 si
465 3198 581 3274 iudex
597 3198 675 3274 sive
689 3197 915 3274 iustitiarius
932 3197 1150 3296 paciscatur
1164 3221 1252 3273 cum
1269 3195 1491 3294 litigatore²⁰
1509 3197 1559 3272 ad
1577 3206 1722 3275 certam
1738 3222 1827 3296 par-

238 3324 317 3392 tem
331 3314 420 3404 litis,
436 3323 482 3391 ut
498 3316 543 3392 C.
558 3316 610 3392 ad
624 3315 749 3414 legem
764 3315 842 3392 lul.
859 3322 979 3413 repet.
996 3315 1021 3389 l.
1039 3337 1183 3402 omnes,
1198 3314 1264 3390 ubi
1280 3314 1431 3404 dicitur,
1448 3315 1595 3392 Omnes
1612 3314 1829 3414 cognitores

238 3444 276 3511 et
286 3436 430 3514 iudicer
444 3461 469 3512 a
480 3435 653 3535 pecuniis
665 3458 803 3510 maana
816 3433 1046 3521 naamam,
1060 3455 1184 3531 neque
1198 3431 1365 3509 alienum
1379 3432 1548 3532 turpium
1561 3442 1705 3534 puteat
1717 3459 1827 3510 atam

237 3554 421 3652 padam.
439 3553 600 3630 Etenim
617 3549 886 3652 privatarum’²
905 3549 1084 3650 quoqae²²
1103 3549 1228 3627 littam
1248 3549 1424 3648 cognitor
1441 3551 1619 3650 idemque
1639 3560 1828 3629 mercator

237 3679 425 3749 statutam
438 3671 588 3770 legibus
599 3679 760 3768 cogetur
771 3668 898 3746 subire
911 3670 1110 3746 iacturam.
1127 3669 1287 3745 Iactura
1300 3669 1401 3746 enim
1415 3668 1492 3746 sive
1507 3694 1623 3769 poena
1637 3670 1709 3747 erit
1724 3670 1828 3769 quod

237 3788 305 3865 Μ’*
321 3789 425 3889 quod
440 3787 613 3888 recepit¹⁴
627 3787 808 3865 restituat
822 3787 862 3862 in
878 3785 1151 3885 quadruplum,
1167 3794 1213 3861 ut
1230 3787 1275 3863 C.
1293 3788 1427 3863 eodem
1443 3788 1468 3863 l.
1486 3788 1556 3863 ult.
1574 3789 1615 3863 in
1632 3788 1720 3876 fine,
1738 3789 1828 3887 quia

237 3908 289 3985 ibi
306 3915 490 3986 tenentur
508 3908 548 3983 in
567 3906 840 4006 quadruplum,
860 3905 937 3981 sive
956 3913 1131 4004 tempore
1150 3904 1491 3982 administrationis
1511 3906 1655 4004 aliquid
1676 3931 1827 4006 recepe-

237 4026 316 4104 rint
332 4027 410 4104 sive
425 4035 525 4125 post,
542 4049 781 4123 quocumque
796 4023 912 4100 titulo
928 4023 988 4098 vel
1004 4047 1244 4120 quocumque
1260 4023 1488 4111 velamento,
1505 4032 1551 4099 ut
1568 4023 1599 4100 si
1616 4023 1827 4101 finxerint²⁸

236 4147 484 4223 intervenisse
507 4143 665 4221 titulum
689 4141 905 4218 donationis
930 4142 991 4217 vel
1013 4140 1253 4216 venditionis
1279 4143 1340 4218 Ra
1365 4167 1458 4217 vera
1480 4141 1656 4218 sordidus
1680 4152 1739 4219 est
1763 4143 1827 4219 ille

238 4290 352 4364 quem
369 4263 497 4339 iudicii
515 4262 657 4339 veritas
676 4286 755 4337 non
773 4260 949 4346 adornat,
968 4268 1013 4336 ut
1032 4258 1063 4335 si
1082 4259 1195 4335 favor
1213 4258 1273 4334 vel
1293 4258 1435 4347 odium,
1456 4259 1583 4348 timor,
1604 4260 1747 4336 invidia
1765 4262 1827 4337 vel

237 4383 437 4484 praemium
454 4382 638 4458 inducant
655 4378 902 4465 contrarium,
919 4386 965 4453 ut
981 4377 1108 4453 iudicii
1125 4376 1267 4453 veritas
1285 4387 1439 4454 corruat
1458 4377 1498 4452 in
1515 4377 1665 4477 plateiS,
1684 4378 1732 4456 de
1750 4405 1826 4478 quo

237 4503 311 4578 dici
329 4501 484 4603 poterit,
504 4498 602 4575 Vae⁸⁸
620 4499 675 4574 illi
695 4495 849 4574 sordido
869 4521 1072 4595 perquem
1091 4496 1231 4571 veritas
1253 4495 1436 4572 sordescit
1455 4496 1495 4571 in
1515 4497 1721 4596 paludibus
1742 4497 1825 4599 pla·

236 4631 398 4698 tearum.
421 4620 506 4694 Nec
525 4619 599 4694 erit
618 4617 720 4691 inter
739 4615 871 4691 beatos
891 4614 1224 4690 connumerandus
1246 4613 1294 4689 de
1316 4613 1453 4712 quibus
1476 4614 1656 4703 dicitur,²²
1678 4617 1826 4692 Beatus

237 4738 330 4838 qui²⁸
347 4737 492 4814 excutit
509 4761 645 4812 manus
663 4759 751 4811 suas
768 4734 816 4809 ab
833 4733 937 4808 omni
954 4756 1123 4807 munere.
1142 4731 1209 4807 Ab
1227 4732 1330 4807 omni
1347 4741 1477 4808 tamen
1495 4759 1653 4810 munere
1671 4760 1750 4810 non
1767 4743 1826 4811 cst

235 4957 262 4992 ²⁴
274 4958 354 5031 Om.,
369 4956 437 5029 OB,
453 4955 529 5028 MA,
542 4954 618 5015 ΜΒ.
654 4950 681 4985 ²⁸
692 4950 886 5030 probatione,
901 4951 970 5024 OB,
987 4949 1062 5022 MA,
1078 4949 1153 5010 ΜΒ.
1190 4946 1217 4981 ²⁸
1228 4953 1433 5027 prosequeris,
1449 4949 1518 5026 OA,
1533 4949 1600 5027 OC,
1617 4953 1683 5027 CE,
1701 4953 1739 5025 Y,
1756 4952 1825 5028 OB,

235 5057 312 5130 MA,
327 5057 403 5131 ΜΒ,
419 5055 492 5116 MC.
529 5052 554 5088 ¹²
567 5056 708 5128 exennia,
723 5050 817 5112 MSS.
853 5049 973 5124 ¹⁸0m,
987 5051 1027 5125 V,
1044 5049 1110 5124 CE,
1127 5049 1203 5110 MG.
1241 5047 1519 5126 ¹⁰hoc,CE,MC.
1558 5051 1739 5130 ²⁰ligatore,
1756 5052 1825 5128 OB,

235 5159 312 5232 MA,
324 5157 399 5218 ΜΒ.
434 5155 459 5189 ²¹
472 5152 754 5235 privatorum,OB,
766 5153 842 5226 MA,
856 5151 932 5224 ΜΒ,
946 5150 1012 5226 CB,
1026 5151 1066 5226 Y,
1080 5150 1157 5223 MG,
1171 5150 1243 5210 CM.
1280 5149 1305 5183 ²¹
1317 5151 1397 5224 Om.,
1410 5152 1480 5228 OB,
1495 5153 1570 5226 MA,
1585 5154 1659 5215 ΜΒ.
1696 5153 1825 5231 ²⁸idem,

235 5259 274 5334 V,
293 5257 374 5330 MA;
392 5255 480 5329 illud,
498 5256 567 5330 OB,
585 5256 662 5330 ΜΒ,
680 5255 709 5314 Υ
731 5251 861 5330 (istud).
902 5248 929 5284 ²⁴
941 5254 1062 5328 rchpit,
1080 5251 1159 5326 MG,
1178 5251 1243 5313 OC.
1285 5249 1457 5329 ⁸⁵finxerit,
1476 5255 1516 5329 V,
1535 5255 1611 5318 MG.
1653 5255 1735 5331 ²⁰ut,
1755 5257 1824 5332 OB,

235 5359 312 5433 MA,
327 5357 402 5417 ΜΒ.
439 5354 505 5390 ²²²²²
517 5356 597 5429 Om,
612 5354 678 5415 CB.
716 5350 742 5386 ²⁸
754 5352 834 5426 Om,
850 5351 919 5427 OB,
935 5351 1010 5426 MA,
1027 5351 1104 5425 ΜΒ,
1119 5352 1149 5412 Υ
1168 5349 1256 5431 (ψ).
