4432 6340
632 437 692 497 DE
715 437 1019 511 ADQUIRENDO
1042 441 1199 503 RERUM
1223 443 1425 505 DOMINIO
1753 453 1826 526 217

234 585 341 662 illam
357 586 586 676 faciendam,
604 599 641 666 et
658 590 831 666 redditus
847 601 885 668 et
902 593 1027 680 exitus
1043 603 1236 670 terrarum
1253 595 1407 670 illarum
1424 595 1529 671 salvo
1547 597 1825 674 custodiantur.

235 707 353 785 Teste
368 717 545 785 etcetera.
561 709 685 785 Aliud
700 711 813 789 breve
828 713 875 788 de
891 713 1035 802 eodem,
1051 714 1117 789 ubi
1133 715 1338 792 vicecomes
1355 716 1554 814 negligens
1571 717 1690 794 fuerit
1706 727 1744 795 et
1760 719 1825 794 ubi

234 834 417 902 causatur
432 827 615 903 extensio.

334 949 462 1026 Breve
479 951 512 1027 a?
527 952 699 1028 emensio
716 953 842 1030 minae
859 953 1092 1050 sufficienter
1108 955 1216 1050 facta
1232 956 1362 1051 faerit.

233 1072 330 1148 lux
344 1073 554 1151 vicecomiti
570 1074 744 1152 salutem.
760 1077 867 1154 Bene
883 1079 1083 1156 recolimus
1099 1081 1192 1156 alias
1206 1080 1276 1156 tibi
1292 1082 1516 1180 praecepisse
1532 1083 1635 1181 quod
1652 1109 1824 1182 assump-

233 1195 282 1272 tis
299 1206 427 1273 tecum
443 1197 644 1274 duodecim
659 1206 836 1274 etcetera.
854 1199 912 1276 Et
928 1200 983 1275 ita
999 1200 1191 1277 inseratur
1207 1210 1334 1277 totum
1352 1203 1500 1279 factum
1517 1189 1562 1279 ut
1580 1229 1710 1302 supra,
1729 1214 1767 1281 et
1784 1205 1825 1280 in

233 1316 311 1392 fine
329 1315 490 1405 dicatur,
509 1318 567 1392 Et
585 1319 687 1395 unde
705 1319 798 1394 nihil
817 1319 932 1396 inde²⁷
952 1321 1076 1398 fecisti
1094 1331 1139 1398 ut
1159 1323 1384 1400 audivimus.
1406 1324 1480 1400 Vel
1500 1325 1624 1414 aliter,
1644 1325 1702 1401 Et
1722 1327 1825 1402 unde

233 1439 438 1537 praedictus
455 1441 509 1514 A.
528 1440 701 1538 queritur
719 1443 821 1538 quod
839 1441 1023 1540 praedicta
1040 1443 1214 1519 extensio
1232 1453 1270 1520 et
1288 1443 1476 1543 partitio²⁸
1493 1445 1619 1521 minus
1639 1444 1823 1522 sufficien-

232 1569 294 1636 ter
307 1560 415 1637 facta
427 1561 516 1649 fuit,
530 1587 575 1636 eo
591 1563 693 1659 quod
706 1563 830 1639 eidem
842 1564 895 1639 A.
912 1589 990 1638 non
1005 1564 1208 1661 assignasti
1225 1565 1274 1640 ad
1289 1574 1441 1664 partem
1456 1593 1566 1643 suam
1581 1567 1653 1642 nisi
1668 1567 1824 1644 tertiam

233 1689 386 1778 partem
400 1680 501 1757 illius
514 1691 639 1772 terrae,
654 1692 693 1760 et
708 1682 774 1758 ubi
789 1685 823 1759 ei
839 1683 1079 1782 assignasse²⁹
1094 1684 1259 1761 debuisti
1273 1687 1530 1775 medietatem,
1548 1689 1608 1762 vel
1625 1689 1717 1787 quid
1733 1688 1822 1766 tale.

233 1803 292 1880 Et
311 1806 368 1881 ita
388 1805 491 1902 quod
510 1812 594 1881 tota
615 1803 770 1903 querela
790 1806 1056 1903 conquerentis
1077 1807 1279 1883 inseratur.
1303 1807 1361 1882 Et
1382 1808 1467 1884 ideo
1489 1806 1559 1884 tibi
1581 1809 1822 1907 praecipimus

233 1924 331 2001 sicut
355 1925 449 2000 alias
471 1925 541 2001 tibi
565 1925 815 2024 praecepimus
840 1928 942 2025 quod
967 1927 1173 2026 assumptis
1196 1936 1324 2005 tecum
1350 1928 1550 2005 duodecim
1573 1939 1752 2018 etcetera,
1778 1940 1822 2006 ut

233 2074 363 2147 supra.
386 2048 444 2123 Et
465 2047 505 2123 in
527 2049 604 2124 fine
626 2048 793 2125 addatur
814 2047 918 2124 istud
939 2049 1283 2138 comminatorium,
1308 2049 1365 2126 Et
1388 2050 1443 2125 ita
1465 2059 1505 2126 te
1526 2050 1666 2127 habeas
1689 2051 1730 2127 in
1752 2051 1823 2126 hoc

232 2174 388 2272 negotio
405 2198 454 2248 ne
471 2199 544 2272 pro
561 2171 798 2269 negligentia
815 2180 896 2260 tua,
914 2170 975 2246 vel
989 2171 1066 2269 'pro
1083 2179 1309 2270 contemptu
1327 2171 1467 2248 huius³⁰
1487 2173 1670 2271 praecepti
1687 2174 1821 2260 nostri,

232 2322 302 2373 nos
320 2298 369 2373 ad
386 2306 426 2372 te
443 2295 614 2393 graviter
630 2319 767 2394 capere
785 2294 1000 2371 debeamus.
1021 2295 1078 2371 Et
1097 2295 1312 2370 notandum
1331 2296 1433 2393 quod
1453 2321 1604 2393 semper
1623 2296 1822 2372 variantur

232 2420 362 2497 brevia
380 2421 430 2497 ad
449 2417 689 2496 extensiones
709 2417 904 2494 faciendas
925 2416 1135 2493 secimdum
1155 2417 1380 2494 varietatem
1399 2416 1653 2493 iudiciorum⁸²
1674 2428 1712 2494 et
1733 2444 1820 2494 con·

231 2545 460 2631 cordiarum
478 2543 688 2619 secundum
706 2542 809 2639 quod
827 2539 989 2644 inferius
1009 2539 1159 2638 plenius
1180 2539 1329 2615 dicetur
1347 2540 1387 2615 in
1406 2549 1577 2616 tractatu
1597 2542 1645 2617 de
1665 2541 1820 2616 actioni·
1864 2523 1869 2534 ’

230 2664 302 2741 bus
333 2665 398 2742 et⁸²
430 2663 634 2741 excambiis
665 2662 862 2738 faciendis.
896 2661 939 2737 Si
970 2671 1100 2738 autem
1132 2661 1271 2738 milites
1303 2662 1433 2738 venire
1465 2663 1630 2738 debeant
1662 2663 1710 2738 de
1743 2688 1821 2738 uno

230 2788 416 2863 comitatu
439 2784 586 2884 usque⁸⁸
611 2786 660 2861 ad
685 2784 803 2860 alium
825 2785 1062 2872 comitatum,
1087 2785 1137 2860 ad
1161 2784 1378 2861 faciendam
1403 2786 1663 2862 extensionem
1688 2795 1726 2863 et
1752 2812 1820 2885 ap·

231 2909 500 3008 pretiationem
524 2933 613 2983 cum
638 2907 720 2983 aliis
745 2907 928 2983 militibus
953 2908 1001 2982 de
1026 2907 1100 2983 alio
1125 2906 1322 2996 comitatu,
1348 2917 1387 2984 et
1412 2909 1515 3006 quod
1540 2908 1681 2984 dicitur
1706 2909 1821 2984 breve

230 3031 564 3128 interloqueatum,
583 3040 677 3106 tunc
695 3030 765 3105 fiat
783 3030 824 3104 in
840 3030 911 3104 hac
930 3031 1068 3106 forma.

330 3153 457 3230 Breve
480 3153 818 3253 interloquentem,
842 3153 909 3231 abi
934 3153 1073 3231 milites
1099 3155 1147 3231 de
1173 3153 1323 3230 duobus
1350 3153 1593 3232 comitatibus
1619 3154 1821 3232 convenire

331 3274 471 3352 debeat
486 3269 538 3351 ad
551 3273 769 3369 faciendam
785 3274 1057 3352 eetenaionem.

229 3398 326 3474 Rex
350 3397 560 3473 vicecomiti
585 3399 759 3474 salutem.
785 3397 1037 3496 Praeeipimus
1062 3397 1132 3475 tibi
1158 3400 1260 3496 quod
1287 3400 1337 3475 ad
1363 3400 1464 3475 diem
1489 3409 1528 3477 et
1554 3399 1681 3475 locum
1707 3425 1820 3498 quem

230 3517 358 3594 dilecti
379 3526 417 3594 et
437 3517 567 3595 fideles
587 3518 708 3594 nostri
728 3516 852 3594 tales⁸⁴
871 3517 970 3595 tibi³⁵
991 3519 1085 3595 scire
1106 3517 1291 3608 facient,⁸⁶
1311 3520 1440 3596 venire
1460 3519 1580 3597 facias
1601 3545 1730 3596 coram
1751 3519 1820 3596 eis·

230 3640 318 3716 dem
332 3649 418 3716 octo
431 3649 514 3716 tam
528 3640 667 3716 milites
682 3665 799 3739 quam
815 3639 908 3716 alios
924 3639 1062 3716 liberos
1078 3650 1254 3730 etcetera,
1272 3667 1342 3740 per
1359 3667 1453 3740 quos
1469 3641 1669 3739 negotium
1685 3641 1820 3718 melius

230 3760 403 3858 expediri
427 3760 560 3860 possit,
585 3771 629 3838 ut
653 3786 880 3859 percorum
905 3771 1188 3838 sacramentum
1211 3762 1324 3838 simul
1348 3787 1436 3838 cum
1461 3762 1661 3839 duodecim
1685 3763 1726 3838 in
1750 3761 1820 3839 tali

229 3880 415 3958 comitatu
440 3881 579 3970 electis,
604 3881 866 3958 extendantur
892 3892 931 3959 et
958 3880 1254 3981 appretientur⁸⁷
1281 3882 1378 3960 tales
1404 3891 1517 3958 terrae
1543 3881 1584 3959 in
1610 3883 1819 3971 dominicis,

229 4001 442 4100 villenagiis
461 4011 639 4091 etcetera
657 4012 702 4078 ut
720 4028 851 4102 supra,
871 4013 909 4080 ct
928 4004 1137 4079 secundum
1156 4004 1258 4102 quod
1277 4003 1317 4078 in
1335 4003 1474 4080 litteris
1492 4003 1633 4081 nostris
1652 4005 1819 4103 patenti·

229 4123 301 4199 bus
315 4123 456 4200 eisdem
470 4123 612 4200 talibus
627 4124 838 4200 iustitiariis
854 4124 993 4200 nostris
1010 4124 1145 4199 adhoc
1160 4123 1378 4201 constitutis
1394 4124 1547 4201 directis
1563 4125 1715 4224 plenius
1730 4150 1818 4200 con·

228 4243 386 4320 tinetur
405 4243 463 4321 Et
480 4244 620 4320 habeas
638 4253 815 4321 etcetera.
836 4245 953 4321 Teste
972 4253 1148 4321 etcetera.
1170 4245 1272 4322 Item
1292 4245 1397 4321 aliud
1416 4245 1529 4322 breve
1548 4246 1597 4322 de
1614 4248 1759 4334 eodem,
1780 4256 1819 4323 et

228 4365 295 4440 ubi
309 4374 490 4441 causatur
505 4365 665 4463 partitio
680 4374 719 4442 et
734 4365 906 4442 extensio
920 4391 1009 4441 cum
1024 4365 1184 4492 partitio
1200 4367 1306 4442 facta
1323 4365 1453 4442 fuerit.

327 4487 433 4562 Item
448 4486 562 4564 breve
576 4487 624 4565 de
639 4488 783 4566 eodem.

229 4609 325 4686 Rnx
347 4610 557 4688 vicecomiti
579 4611 754 4688 salutem.
777 4611 1028 4712 Praecipimus
1050 4613 1120 4689 tibi
1144 4614 1300 4711 quod
1271 4640 1351 4690 sine
1375 4613 1557 4690 dilatione
1580 4614 1701 4712 eligas
1725 4615 1818 4691 duo-

229 4733 350 4810 decim
366 4733 506 4812 milites
524 4736 572 4811 de
589 4735 774 4812 comitatu
791 4745 860 4813 tuo
876 4735 937 4812 vel
955 4736 1003 4812 de
1020 4734 1263 4813 comitatibus
1282 4735 1370 4824 tuis,
1389 4735 1483 4834 qui⁸⁸
1502 4738 1712 4813 secundum
1730 4761 1818 4812 con·

229 4949 348 5026 ⁸Om.‚
370 4953 438 5026 OB,
460 4953 535 5028 MA,
557 4953 633 5028 ΜΒ,
654 4954 732 5029 MG,
754 4955 793 5028 Y,
819 4955 874 5032 (-Ι-
888 4953 1032 5032 OA).²
1035 4953 1214 5032 ⁸aprticipa
1196 4959 1269 5030 atio,
1292 4955 1385 5016 MSS.
1409 4975 1474 5014 var.
1532 4953 1727 5034 ⁸rasisgnare,
1749 4957 1818 5030 OB,

229 5053 305 5128 MA,
326 5055 402 5128 ΜΒ,
424 5055 501 5130 MG,
522 5055 589 5130 ΟΕ,
610 5055 649 5131 Υ,
670 5056 745 5130 CM,
765 5056 832 5130 LA,
852 5057 932 5128 MC;
954 5059 1140 5135 assignasse
1161 5056 1230 5130 OA,
1250 5056 1317 5130 OC,
1338 5057 1376 5117 V.
1419 5054 1639 5130 ⁸⁰huiusmodi,
1661 5057 1730 5134 ΟΒ,
1751 5058 1819 5134 00,

229 5152 309 5226 οΜ;
331 5173 400 5230 om,
421 5155 498 5228 MA,
519 5154 650 5217 ΜΒ.
652 5155 858 5218 ²iudiciorum
879 5157 1085 5231 recordorum,
1106 5157 1176 5231 OA,
1197 5157 1264 5232 LA,
1287 5158 1353 5231 OC,
1377 5156 1506 5218 MC.⁸
1509 5155 1637 5235 ⁸in,V,
1660 5159 1729 5234 OA,
1752 5159 1819 5234 LA,

229 5251 359 5312 MC.⁸
362 5200 466 5328 ⁸Om.,
488 5254 557 5330 ΟΒ,
579 5255 655 5331 MA,
678 5257 753 5318 ΜΒ.
797 5255 916 5332 ⁸⁴Om.,
939 5258 1017 5332 MG,
1039 5257 1170 5318 CM.⁸
1172 5257 1313 5320 ⁸⁸⁸tales
1336 5258 1396 5335 vel,
1419 5261 1494 5333 οΒ;
1517 5260 1596 5323 tales
1620 5260 1718 5336 vobis,
1742 5263 1819 5338 MA,

229 5352 304 5413 ΜΒ.
343 5351 370 5387 ⁸⁸
383 5354 511 5431 faciant,
529 5356 607 5431 MG,
624 5354 715 5418 V.⁸
717 5356 969 5436 'appretiantun
987 5360 1063 5435 MA,
1083 5358 1211 5422 MB.⁸
1212 5359 1317 5434 ⁸Om.‚
1336 5362 1405 5436 OB,
1424 5363 1500 5437 MA,
1519 5364 1593 5425 ΜΒ.
