4394 6342
643 469 704 531 DB
726 469 1028 542 ADQUIRENDO
1051 468 1209 531 RERUM
1232 468 1434 532 DOMINlO
1785 477 1833 545 65

244 620 419 709 evaserit,
442 619 574 697 statim
597 619 710 697 debet
731 619 858 696 levare
880 618 1099 697 huthesium
1121 627 1161 696 et
1183 619 1400 708 clamorem,
1424 628 1463 696 et
1486 645 1573 696 cum
1596 619 1771 697 huthesio
1794 629 1835 698 et

244 739 410 816 clamore
430 740 607 816 accedere
626 738 741 815 debet
761 740 813 816 ad
832 738 941 816 villas
964 738 1256 839 propinquiores
1279 747 1318 816 et
1339 739 1389 815 ad
1410 739 1639 817 servientem
1660 740 1773 837 regis,
1795 749 1834 817 et

244 867 380 959 postea
398 859 448 935 ad
466 859 703 948 comitatum,
723 867 761 935 et
779 857 832 934 ibi
851 859 1052 935 ostendere
1070 857 1291 936 violentiam
1310 859 1346 935 ei
1366 858 1529 934 factam:
1549 867 1589 935 et
1609 858 1661 936 sic
1681 883 1833 934 revoca·

244 971 348 1054 bitur
361 978 464 1076 quod
477 985 607 1054 actum
618 977 702 1054 erit.
718 977 762 1053 Si
775 985 906 1053 autem
917 976 1223 1067 dissimulaverit,
1236 977 1391 1054 videtur
1404 977 1630 1066 consentire,
1643 986 1689 1054 ut
1703 1003 1833 1075 supra.

245 1095 333 1172 Ut⁸⁸
357 1097 404 1172 de
427 1097 595 1194 quodam
616 1097 753 1173 itinere
778 1096 819 1172 S.
844 1097 891 1172 de
916 1096 1086 1194 Segrave
1111 1097 1151 1173 in
1174 1096 1359 1174 comitatu
1383 1097 1543 1186 Cantiae,
1569 1097 1617 1173 de
1641 1098 1762 1173 Petro
1786 1098 1834 1174 de

243 1213 399 1291 Beehe⁸⁸
412 1215 478 1315 qui
493 1215 746 1292 summonitus
761 1216 839 1292 fuit
853 1218 902 1292 ad
915 1215 1245 1292 warantizandum
1261 1216 1422 1291 Falconi
1436 1216 1485 1292 de
1499 1215 1697 1293 Breaute³⁷
1713 1241 1834 1313 quan·

244 1335 334 1410 dam
354 1344 503 1412 cartam
524 1335 572 1411 de
591 1335 763 1412 manerio
785 1336 832 1411 de
854 1335 1126 1423 Middeltonia,
1149 1345 1188 1412 et
1210 1335 1312 1412 unde
1334 1336 1517 1412 iudicium
1539 1336 1733 1413 redditum
1756 1336 1834 1412 fuit

243 1454 349 1553 apud
376 1454 779 1530 Westmonasterium.
809 1455 868 1530 Et
895 1479 974 1530 non
1001 1454 1125 1531 solum
1154 1463 1361 1531 excusatur
1387 1453 1471 1553 quis
1502 1463 1541 1530 et
1569 1455 1834 1554 exceptionem

242 1571 358 1648 habet
375 1573 407 1648 si
424 1572 495 1649 sibi
512 1571 614 1673 ipsi⁸⁸
632 1573 826 1650 inferatur
842 1572 898 1650 vis
917 1572 1006 1650 vel⁸⁹
1024 1582 1161 1664 metus,
1180 1574 1296 1650 habet
1313 1575 1431 1650 etiam
1450 1575 1481 1650 si
1501 1574 1595 1668 suis„
1610 1573 1683 1651 ut¹⁰
1702 1575 1733 1650 si
1753 1574 1833 1650 filio

242 1693 302 1768 vel
319 1690 418 1783 filiae,
436 1692 551 1768 fratri
567 1693 628 1768 vel
644 1692 777 1782 sorori,
794 1693 855 1768 vel
872 1692 954 1770 aliis
972 1693 1186 1770 domesticis
1204 1702 1244 1770 et
1260 1693 1500 1791 propinquis,
1518 1693 1616 1771 sieut
1632 1694 1680 1770 de
1699 1695 1833 1770 eodem

243 1811 414 1888 Falcone
437 1811 502 1910 qui
525 1811 650 1888 tenuit
674 1811 715 1887 in
739 1812 896 1911 prisona
920 1813 1082 1889 fratrem
1106 1812 1316 1900 cuiusdam,
1341 1812 1461 1888 donee
1485 1812 1638 1888 frater⁴²
1664 1814 1729 1910 qui
1755 1813 1832 1890 fuit

242 1938 355 2006 extra
374 1930 572 2031 prisonem
593 1929 700 2008 dedit
720 1931 753 2007 ei
775 1931 969 2030 quoddam
989 1931 1215 2007 manerium.
1238 1931 1345 2020 Quid
1368 1941 1498 2008 autem
1520 1930 1570 2007 sit
1592 1931 1648 2009 vis
1670 1931 1832 2009 inferius

241 2048 391 2125 dicetur
403 2049 445 2126 in
458 2057 629 2127 tractatu
643 2051 691 2126 de
705 2051 823 2127 assisa
837 2076 944 2126 novae
957 2050 1173 2139 disseisinae,
1188 2060 1228 2127 et
1242 2050 1294 2125 ibi
1308 2051 1473 2148 qualiter
1487 2050 1682 2127 dividitur.
1698 2051 1757 2127 Et
1772 2051 1833 2127 hic

241 2169 447 2247 dicendum
466 2169 539 2246 erit
557 2169 651 2268 quid
668 2169 718 2246 sit
736 2178 873 2246 metus.
894 2170 972 2247 Est
991 2178 1122 2247 autem
1140 2178 1266 2246 metus
1286 2171 1484 2268 praesentis
1504 2170 1566 2246 vel
1586 2170 1711 2246 futuri
1731 2171 1831 2271 peri·

241 2288 316 2364 culi
336 2313 452 2366 causa
468 2288 607 2366 mentis
625 2287 846 2387 trepidatio.
867 2289 925 2364 Et
945 2298 1173 2388 praesentem
1192 2287 1374 2365 debemus
1395 2289 1566 2388 accipere
1585 2298 1733 2366 metum
1753 2315 1832 2366 non

241 2407 494 2506 suspicionem
513 2407 706 2484 inferendi
725 2407 817 2497 eius,
836 2432 907 2483 nec
925 2407 1127 2485 cuiuslibet
1146 2408 1236 2484 vani
1255 2409 1316 2482 vel
1337 2407 1548 2484 meticulosi
1568 2408 1741 2497 hominis,
1765 2410 1832 2486 sed

239 2525 360 2603 talem
372 2527 438 2626 qui
451 2528 588 2602 cadere
602 2525 759 2625 posset⁴²
775 2526 816 2603 in
829 2526 956 2604 virum
970 2534 1221 2604 constantem.
1239 2526 1348 2603 Talis
1363 2525 1465 2603 enim
1481 2526 1594 2604 debet
1608 2515 1689 2604 esse
1705 2537 1831 2605 metus

241 2647 377 2747 quiin
406 2674 445 2725 se
474 2648 669 2726 contineat
698 2648 832 2726 mortis
863 2648 1077 2749 periculum
1106 2658 1146 2725 et
1175 2646 1374 2748 corporis⁴⁸
1405 2647 1658 2724 cruciatum.⁴⁴
1689 2649 1831 2727 Refert

238 2770 397 2848 tamen⁴⁵
413 2779 546 2848 utrum
560 2779 686 2848 metus
702 2770 912 2869 preveniat
928 2769 1174 2846 donationem
1188 2769 1249 2846 vel
1265 2769 1531 2869 subsequatur,
1549 2769 1640 2870 quia
1656 2771 1687 2847 si
1704 2771 1830 2870 primo

239 2903 394 2970 eoactm
418 2902 459 2970 et
483 2919 555 2991 per
578 2903 725 2970 metum
750 2892 971 2992 compulsus
997 2891 1220 2992 promisero,
1247 2900 1288 2969 et
1313 2900 1449 2991 postea
1474 2892 1597 2990 gratis
1624 2902 1663 2970 et
1692 2901 1830 2991 sponte

239 3015 391 3103 dedero,
405 3014 494 3091 talis
509 3023 634 3091 metus
648 3039 727 3090 non
742 3021 910 3090 excusat.
929 3013 971 3089 Si
987 3020 1116 3089 autem
1132 3013 1258 3111 primo
1274 3013 1396 3110 gratis
1412 3012 1623 3112 promisero
1640 3024 1678 3091 et
1695 3025 1831 3112 postea

238 3161 311 3236 per
326 3134 500 3212 metum⁴⁰
518 3145 672 3212 coactus
690 3134 899 3224 tradidero,
917 3135 989 3212 iste
1006 3143 1132 3212 metus
1151 3143 1310 3211 excusat
1327 3142 1490 3235 propter
1510 3133 1731 3214 violentiam
1750 3145 1829 3215 tra·

239 3258 355 3335 dendi
368 3257 435 3334 et‘²
449 3256 761 3356 compulsionem,
777 3282 865 3335 cum
881 3258 984 3334 forte
999 3265 1151 3333 mutata
1167 3257 1217 3334 sit
1232 3256 1359 3356 prima
1374 3255 1552 3334 voluntas
1569 3257 1829 3334 trmrsferendi

239 3378 269 3455 f.
285 3381 354 3473 17]
408 3404 491 3457 rem
510 3379 560 3456 ad
580 3378 836 3456 donatarium.
859 3379 937 3456 Sed
957 3377 1050 3477 quid
1069 3379 1101 3455 si
1122 3378 1257 3477 aliquis
1277 3378 1326 3454 ab
1345 3378 1453 3454 hoste
1473 3388 1611 3478 captus
1631 3389 1670 3456 et
1690 3380 1731 3454 in
1750 3379 1828 3478 pri·

238 3525 335 3578 sona
348 3502 527 3579 detentus
544 3502 790 3578 donationem
805 3501 961 3577 iecerit?
977 3500 1177 3589 Quaeritur
1192 3527 1243 3577 an
1258 3500 1396 3577 valeat.
1414 3500 1533 3589 Quod
1549 3500 1676 3576 valere
1693 3501 1830 3578 debeat

181 3651 189 3671 ·
238 3625 392 3702 videtur
414 3623 542 3726 prima
564 3623 674 3713 facie,
698 3623 794 3701 iacit
817 3622 849 3699 si
873 3621 1026 3722 quidem
1049 3623 1138 3699 talis
1163 3623 1408 3700 donationem
1433 3623 1526 3699 dum
1551 3623 1671 3701 fuerit
1694 3622 1735 3699 in
1757 3623 1828 3700 tali

239 3755 345 3822 statu
361 3746 473 3822 alicui
491 3746 644 3846 parenti
660 3746 722 3821 vel
740 3744 886 3834 alurico,1
904 3743 1016 3823 militi
1033 3745 1094 3821 vel
1112 3744 1290 3821 servienti
1309 3769 1379 3819 suo
1396 3743 1492 3820 bene
1510 3744 1659 3833 merito,
1678 3771 1719 3822 re
1738 3769 1829 3821 vera

237 3867 346 3942 nulla
364 3866 570 3944 intervenit
588 3863 734 3941 coactio
753 3890 822 3941 nec
840 3873 965 3941 metus
985 3865 1027 3940 in
1040 3865 1251 3941 'donatione
1271 3865 1345 3941 ista
1365 3863 1555 3954 facienda,
1577 3865 1643 3942 sed
1664 3865 1829 3941 donator

237 3988 308 4064 hoc
325 3987 537 4064 affectavit'
552 3997 598 4064 ut
614 3987 775 4064 donaret
791 3986 873 4075 tali,
890 3985 1007 4062 unde⁸
1023 3985 1177 4062 videtur
1193 3986 1297 4084 quod
1312 3984 1432 4062 mera⁴
1450 3994 1489 4062 et
1505 3985 1627 4062 libera
1642 3985 1695 4061 et⁸
1713 3983 1828 4086 pura⁸

238 4109 300 4186 sit⁷
321 4109 489 4197 donatio,
510 4119 549 4186 et
568 4109 654 4184 ideo
674 4109 778 4206 quod
797 4107 924 4184 valere
944 4108 1091 4184 debeat.
1113 4107 1172 4185 Et
1192 4105 1223 4182 si
1242 4132 1329 4182 eam
1349 4106 1491 4183 invitus
1514 4108 1660 4184 faceret
1681 4107 1737 4183 ita
1756 4133 1828 4206 per

237 4228 446 4330 prisonem,
463 4229 526 4306 ad'
540 4230 625 4306 hoe·
639 4229 863 4306 coartatus¹⁰
880 4229 1043 4328 pervim
1058 4229 1120 4304 eui
1135 4226 1287 4303 resisti²²
1303 4253 1382 4304 non
1399 4236 1539 4326 posset,
1555 4228 1707 4304 videtur
1724 4229 1828 4326 quod

238 4351 366 4427 valere
386 4377 466 4428 non
488 4351 625 4428 debeat
646 4351 726 4429 vice
749 4375 869 4427 versa.
894 4350 1012 4426 Unde
1034 4349 1188 4426 videtur
1210 4350 1313 4448 quod
1336 4349 1378 4424 in
1400 4349 1558 4446 prisona
1581 4347 1829 4424 donationem

237 4572 263 4608 ⁸⁶
275 4575 356 4648 Om.,
366 4572 432 4649 LA,
441 4573 511 4648 OB,
520 4573 595 4634 MA.
620 4570 648 4607 ⁸⁸
660 4571 769 4646 Bethe,
780 4570 891 4646 Peohe,
901 4571 1029 4644 Beache,
1039 4570 1134 4644 Beke,
1145 4569 1239 4634 MSS.
1249 4589 1314 4630 var.
1341 4567 1367 4602 ⁸¹
1379 4569 1523 4643 Briance,
1534 4569 1680 4643 Breante,
1690 4569 1828 4643 Bramte,

237 4676 366 4750 Braute,
382 4673 511 4750 Breuee,
526 4673 676 4748 Breance,
691 4673 784 4735 MSS.
801 4693 866 4734 var.
904 4671 931 4706 ⁸⁸
942 4671 1075 4751 quando,
1092 4672 1170 4748 MG,
1186 4672 1259 4732 CM.
1296 4669 1324 4704 ⁸⁰
1335 4679 1377 4746 et,
1393 4671 1460 4747 LA,
1478 4671 1552 4745 HA,
1569 4671 1643 4746 MC,
1660 4672 1738 4749 MG,
1755 4672 1828 4732 CM.

236 4773 264 4808 ⁴⁰
275 4774 357 4851 Om.,
373 4774 451 4851 MG,
467 4776 541 4836 CM.
579 4774 718 4836 ⁴1frater
736 4773 881 4850 eiusdem,
897 4775 936 4850 V,
953 4774 1022 4848 OB,
1039 4774 1115 4848 MA,
1133 4775 1214 4847 MB;
1233 4773 1333 4835 frater
1350 4777 1427 4848 eius,
1446 4773 1484 4834 Y.
1524 4771 1551 4806 ⁴²
1562 4778 1672 4852 possit,
1689 4773 1728 4850 V,
1746 4773 1828 4845 MB;

235 4881 351 4954 potest,
363 4875 436 4936 CM.
471 4873 537 4909 ⁴⁸⁴⁴
548 4879 618 4935 vitre
630 4882 807 4951 macutum,
822 4875 900 4950 MG,
913 4875 986 4936 CM.
1021 4872 1172 4949 “autem,
1186 4876 1229 4948 V;
1244 4880 1335 4952 euim,
1349 4876 1422 4937 HA.
1457 4873 1484 4908 ⁴⁰
1494 4883 1609 4937 metum
1622 4883 1664 4949 et,
1679 4875 1747 4950 OA,
1761 4875 1829 4948 LA,

238 4975 572 5052 MC,MG,CE,OC.
609 4975 636 5010 ⁴¹
648 4977 728 5052 Om,
745 4976 814 5052 OA,
830 4976 897 5050 LA,
915 4977 989 5051 HA,
1007 4977 1081 5051 CM,
1098 4977 1174 5038 MG.

320 5074 441 5138 ²smioo
459 5075 520 5152 vel,
537 5075 606 5154 OA,
623 5077 689 5153 OC,
708 5077 775 5152 ΟΕ,
794 5078 872 5153 MG,
890 5079 964 5151 CM,
982 5079 1039 5139 LA
1061 5077 1143 5155 (ut),
1162 5080 1224 5140 MC
1247 5079 1328 5156 (ut).
1370 5077 1576 5157 'assignarit
1594 5079 1675 5150 MA;
1695 5081 1827 5156 aptavit,

237 5176 294 5237 OB
315 5175 441 5255 (corn).
478 5175 583 5252 ⁸Om.,
597 5175 666 5253 OB,
681 5178 757 5238 MB.
794 5175 903 5251 ⁴ve1a,
918 5178 995 5254 MG,
1011 5178 1084 5238 CM.
1121 5176 1160 5211 Η
1172 5179 1252 5256 Om.,
1267 5177 1336 5254 OB,
1352 5179 1428 5240 MB.
1466 5177 1563 5254 linit,
1579 5179 1647 5253 LA,
1662 5180 1736 5252 CM,
1753 5178 1827 5254 MC,

237 5276 321 5352 Μῦς
339 5277 385 5353 lit,
402 5278 471 5353 OA,
488 5279 555 5354 OC,
574 5278 639 5339 CE.
678 5275 808 5352 ⁸·20m,
827 5278 905 5354 MG,
923 5279 995 5339 CM.
1035 5277 1062 5312 ²⁰
1073 5285 1208 5354 coactus,
1226 5280 1296 5355 OB,
1314 5280 1398 5366 MB,
1409 5279 1447 5339 V.
1487 5279 1513 5312 ¹¹
1525 5283 1681 5354 resistere,
1699 5278 1739 5353 V,
1758 5279 1827 5353 OB,

237 5378 313 5455 ΜΒ,
329 5375 403 5455 HA,
417 5379 456 5440 Y.
