4392 6352
777 478 838 539 ns
861 447 1065 541 rrncrris
1089 480 1277 542 CORONAE
1750 489 1825 559 aas

237 625 342 723 sequi
354 624 519 702 voluerit
531 627 656 703 audiri
668 629 793 718 debet,
807 655 895 706 cum
906 656 985 706 non
998 630 1060 708 sit²
1074 633 1210 731 aliquis
1225 633 1290 731 qui
1303 633 1452 709 causari
1465 633 1602 710 debeat
1616 634 1676 710 vel
1690 634 1826 733 possit⁸

237 752 380 818 sectam
395 745 522 819 minus
539 745 612 821 rite
629 746 785 823 iactam.
806 748 848 825 Si
865 756 995 826 autem
1011 775 1099 826 cum
1115 759 1218 827 secta
1235 750 1284 826 ab
1301 751 1410 826 initio
1428 752 1501 828 rite
1518 753 1625 828 iacta
1643 752 1746 844 luit*
1762 753 1826 830 ille

236 863 302 962 qui
317 864 489 962 sequitur
504 865 554 940 ad
568 865 735 964 aliquem
749 867 973 945 comitatum
989 869 1123 945 iecerit
1139 870 1396 957 intervallum,
1411 871 1507 946 bene
1524 870 1668 969 poterit
1684 881 1826 948 sectam

236 1009 346 1060 suam
361 1009 553 1060 resumere
569 984 600 1060 si
615 985 791 1074 volucrit,
808 987 901 1062 dum
916 995 1047 1064 tamen
1064 988 1126 1063 ille
1143 989 1346 1064 comitatus
1364 989 1524 1066 omissus
1542 1016 1613 1089 per
1629 990 1825 1088 negligen-

236 1102 331 1180 tiam
346 1102 468 1180 suam⁶
484 1104 590 1179 inira
602 1113 781 1203 tempora
795 1104 1045 1203 utlagationis
1061 1131 1139 1182 non
1153 1114 1410 1207 computetur.
1428 1109 1487 1185 Et
1503 1110 1606 1207 quod
1622 1110 1762 1185 dicitur
1779 1111 1826 1186 de

236 1249 313 1300 uno
326 1225 512 1300 comitatu
522 1223 664 1300 dicitur
675 1225 722 1300 de
735 1223 922 1323 pluribus,
935 1224 1024 1323 quia
1037 1225 1107 1300 hoc
1120 1235 1247 1302 totum
1260 1227 1359 1302 cedit
1373 1227 1424 1302 ad
1436 1228 1678 1304 commodum
1693 1228 1825 1327 appel-

236 1341 305 1418 lati
321 1349 483 1441 propter
498 1341 776 1439 negligentiam
791 1342 1035 1441 appellantis.

336 1465 383 1542 Si
406 1476 550 1542 sectam
575 1490 767 1544 resumere
793 1467 971 1556 noluerit,
997 1467 1077 1545 eine
1102 1479 1207 1545 secto
1233 1495 1311 1546 noo
1337 1471 1571 1568 procedetur
1597 1471 1648 1548 ad
1675 1471 1826 1570 otiapa-

337 1581 491 1660 tionem.

239 1705 284 1781 Sr
298 1707 401 1782 forte
414 1717 557 1784 sectam
570 1733 762 1785 resumere
775 1710 953 1799 noluerit,
967 1711 1028 1788 vel
1043 1721 1250 1812 antequam
1264 1714 1439 1812 perlecta
1455 1714 1585 1803 fuerit,
1600 1740 1680 1789 non
1694 1739 1825 1813 proce-

237 1825 354 1900 datur
369 1824 450 1900 sine
466 1836 570 1903 secta
585 1826 625 1902 in
640 1829 825 1904 comitatu
842 1830 892 1904 sd
908 1830 1199 1928 utlagationem,
1218 1833 1284 1907 sed
1300 1841 1527 1931 expectetur
1544 1834 1732 1909 adventus
1750 1835 1825 1910 ius-

236 1944 480 2034 titiariorum,
499 1945 572 2020 nisi
592 1947 641 2022 sit
662 1947 796 2046 aliquis
817 1949 881 2046 qui
902 1949 1008 2047 sequi
1028 1951 1150 2048 possit
1170 1960 1209 2026 et
1229 1951 1320 2027 velit
1342 1960 1380 2027 et
1401 1962 1570 2028 resumat
1592 1952 1661 2028 sibi
1684 1961 1826 2029 sectam

236 2064 430 2163 inceptam
452 2067 573 2141 donec
595 2066 829 2165 perficiatur.
853 2067 952 2156 Quae
974 2069 1005 2143 si
1027 2077 1118 2144 ante
1140 2070 1213 2145 iter
1235 2069 1526 2146 iustitiariorum
1549 2070 1725 2169 perfecte
1748 2095 1826 2146 non

237 2184 367 2274 luerit,
391 2185 671 2283 <computatis
691 2186 934 2262 comitatibus
954 2186 1092 2285 quibus
1112 2196 1217 2263 secta
1236 2188 1344 2287 prius
1367 2189 1473 2265 fecta
1493 2189 1674 2279 fuerit),
1696 2189 1826 2265 dicant

236 2302 270 2377 ei
290 2302 482 2379 iustitiarii
501 2304 605 2401 quod
623 2329 709 2380 eam
727 2304 902 2403 perficiat
923 2307 1043 2381 donec
1062 2306 1282 2405 appellatus
1302 2309 1511 2405 utlagetur.
1535 2307 1578 2383 Si
1599 2317 1728 2384 autem
1749 2334 1826 2383 non

237 2423 287 2498 sit
306 2423 442 2521 aliquis
462 2423 589 2522 quiin
607 2424 793 2500 comitatu
813 2424 969 2500 sectam⁰
990 2423 1196 2524 inceptam⁷
1218 2427 1478 2525 resumpserit,
1501 2436 1663 2525 propter
1684 2437 1827 2503 sectam

237 2542 344 2641 prius
364 2544 521 2630 iactam,
540 2543 638 2642 quae⁸
656 2543 863 2619 violentam
882 2544 1028 2621 inducit
1047 2545 1399 2643 presumptionem,
1419 2544 1549 2621 etiam⁹
1570 2545 1677 2622 sine¹⁰
1699 2545 1828 2644 aliqua

235 2661 480 2762 inquisitione
493 2671 626 2739 utrum
640 2662 859 2762 appellatus
875 2662 1075 2761 culpabilis
1091 2663 1140 2739 sit
1154 2663 1215 2739 vel
1230 2663 1347 2750 non,²¹
1364 2663 1611 2762 precipiatur
1626 2690 1649 2739 a
1664 2664 1826 2740 iustitia·

236 2783 302 2860 riis
322 2785 425 2881 quod
443 2783 647 2859 comitatus
667 2791 810 2859 sectam
828 2782 1015 2881 perficiat,
1036 2781 1268 2881 computatis
1288 2781 1559 2858 comitatibus¹²
1580 2783 1826 2881 precedenti·

236 2903 308 2980 bus
328 2903 465 3002 quibus
486 2902 593 3001 prius
615 2911 704 2978 ante
724 2902 798 2978 iter
818 2911 920 2978 secta
942 2902 1049 2977 facta
1069 2901 1158 2990 fuit,
1181 2901 1284 2999 quod
1305 2901 1461 2999 quidem
1481 2901 1561 2977 sine
1582 2900 1826 3000 inquisitione

236 3048 314 3098 non
328 3024 437 3099 fieret
451 3031 583 3098 utrum
596 3019 844 3119 inculpatus¹⁸
859 3019 1060 3120 culpabilis
1074 3028 1173 3096 esset
1186 3019 1247 3095 vel
1262 3045 1352 3107 non,
1368 3019 1439 3096 nisi
1455 3029 1559 3096 secta
1574 3029 1612 3096 et
1628 3019 1826 3119 appellum

236 3141 528 3243 praecessisset.¹⁴
548 3140 640 3217 Sola
658 3148 790 3216 eutem
809 3140 906 3236 iuga
923 3164 1003 3214 non
1021 3137 1159 3214 sufficit
1177 3164 1248 3237 per
1267 3164 1306 3214 se
1325 3138 1385 3213 vel
1404 3138 1571 3214 latitatio
1591 3138 1671 3215 sine
1692 3149 1824 3215 contu-

236 3262 359 3337 macia
382 3261 432 3337 ed
456 3260 622 3359 aliquem
644 3258 912 3356 utlagandum,
937 3282 1060 3356 neque
1084 3257 1413 3346 indictamentum,
1438 3266 1596 3344 rectum,
1621 3257 1683 3332 vel
1708 3258 1826 3344 fama,

238 3382 309 3459 nisi
329 3381 378 3458 sit
397 3381 462 3480 qui
481 3389 665 3479 sequatur
683 3380 724 3454 in
742 3379 968 3455 comitatum
988 3386 1078 3454 ente
1097 3378 1171 3453 iter
1191 3377 1482 3455 iustitiariorum
1503 3388 1541 3455 et
1562 3377 1744 3477 appellet,
1765 3378 1828 3453 vel

238 3506 340 3605 quod
357 3530 381 3579 a
395 3502 607 3580 iustitiariis
624 3502 664 3577 in
680 3499 816 3577 itinere
833 3499 1081 3598 precipiatur
1097 3499 1307 3587 comitatui,
1325 3499 1429 3597 quod
1447 3508 1632 3597 sequatur
1648 3525 1696 3575 ex
1714 3506 1828 3598 parte

238 3627 340 3724 regis
367 3627 415 3703 de
443 3625 628 3701 comitatu
656 3624 696 3699 in
724 3623 949 3699 comitatum
978 3622 1099 3697 donec
1127 3631 1292 3698 rettatus
1323 3623 1533 3698 secundum
1560 3622 1686 3720 legem
1714 3630 1827 3697 terrae

237 3749 358 3825 fuerit
379 3748 591 3845 utlagatus,
615 3747 721 3822 fecta
744 3745 851 3844 prius
875 3770 900 3819 a
921 3743 1133 3821 iustitieriis
1155 3744 1399 3843 inquisitione
1423 3745 1454 3821 si
1477 3744 1584 3820 nulla
1608 3743 1828 3843 praecessic‘

238 3879 343 3946 secte
365 3871 474 3969 prius
497 3870 538 3944 in
561 3869 758 3956 comitatu,
782 3877 915 3943 utrum
938 3867 1146 3943 indictatus
1171 3865 1372 3965 culpabilis
1397 3865 1447 3943 sit
1471 3866 1533 3943 vel
1557 3891 1653 3942 non:
1680 3867 1770 3965 quia
1796 3865 1827 3942 si

237 4001 342 4068 secta
355 3988 587 4091 praecessit,¹⁸
601 3991 689 4067 licet
705 3991 857 4066 deserta
871 3991 1002 4077 fuerit,
1018 3987 1176 4064 temen¹⁷
1192 3988 1310 4065 telem
1326 3988 1472 4064 inducit
1488 3989 1828 4088 presumptionem

238 4115 341 4214 quod
360 4140 437 4189 non
457 4121 612 4213 oportet
631 4113 791 4190 ulterius
812 4112 1002 4211 inquirere
1022 4121 1156 4188 utrum
1176 4111 1383 4188 indictatus
1403 4111 1603 4210 culpabilis
1626 4111 1745 4187 luerit
1766 4112 1828 4187 vel

237 4262 327 4325 non,
341 4237 432 4335 quie
443 4246 546 4313 secta
559 4262 631 4335 per
643 4263 682 4312 se
696 4235 756 4310 vel
770 4235 964 4333 inquisitio
979 4261 1050 4334 per
1063 4259 1103 4309 se
1118 4233 1251 4310 adhoc
1265 4234 1378 4333 plene
1392 4233 1596 4322 sufficiunt,
1611 4232 1682 4308 hoc
1696 4243 1827 4309 tamen

237 4358 450 4447 observato,
465 4359 569 4457 quod
582 4358 612 4433 si
627 4357 820 4456 inquisitio
834 4357 938 4433 dicat
951 4357 1055 4456 quod
1069 4356 1276 4433 indictatus
1291 4356 1491 4455 culpabilis
1505 4381 1585 4432 non
1599 4356 1660 4443 sit,
1677 4356 1828 4433 dicatur

237 4477 462 4556 comitatui¹⁸
484 4480 587 4578 quod
608 4480 658 4556 ad
678 4479 959 4578 utlagationem
978 4506 1058 4556 non
1078 4480 1273 4579 procedat.
1298 4479 1376 4556 Sed
1398 4479 1717 4577 quandocumque
1738 4478 1827 4555 talis

237 4694 341 4773 ¹Om.,
359 4697 436 4773 MG,
453 4698 527 4758 ΟΜ.
564 4696 689 4775 ⁸possit
705 4702 771 4758 iure
787 4705 927 4776 propter,
944 4698 982 4759 V.
1021 4695 1154 4773 ‘luerit
1170 4699 1239 4772 OB,
1257 4699 1332 4773 MA,
1351 4699 1418 4774 ΟΕ,
1436 4699 1503 4774 LA,
1522 4698 1595 4758 MC.
1635 4694 1739 4771 ⁶Om.,
1757 4697 1826 4772 OB,

237 4797 313 4872 MA,
333 4798 407 4858 MB.
449 4797 543 4860 ⁶¹²sie
562 4819 639 4873 cem,
658 4799 726 4861 OB.
766 4797 873 4873 ⁷Om.,
892 4799 968 4875 MA,
988 4800 1063 4860 ΜΒ.
1106 4796 1192 4877 ⁸qui,
1212 4800 1281 4874 OB,
1303 4800 1378 4875 MA,
1400 4800 1475 4860 MB.
1517 4797 1613 4859 ⁰'¹⁰et
1632 4801 1708 4872 sine,
1728 4798 1773 4870 V;
1794 4805 1827 4860 et

235 4919 314 4974 cum,
331 4899 407 4974 MA,
423 4901 499 4975 MB,
517 4899 590 4975 ΟΜ,
607 4900 665 4961 OB
687 4899 796 4977 (alie),
814 4900 869 4960 CB
891 4899 1032 4977 (etiem),
1049 4901 1111 4960 MC
1133 4899 1273 4978 (etiem).
1311 4899 1338 4934 ²¹
1349 4918 1412 4960 non
1427 4903 1488 4961 nisi
1506 4906 1591 4960 secte
1607 4908 1639 4960 et
1656 4897 1826 4976 appellum,

236 4999 305 5075 OB,
321 4999 397 5074 MA,
412 5001 487 5060 ΜΒ.
524 4997 550 5033 ²²
562 4999 712 5075 omnibus,
727 5000 794 5074 OC,
811 4999 887 5061 MG.
925 4999 952 5034 ²⁸
963 4999 1142 5076 indictatus,
1158 5001 1187 5060 V
1194 5023 1203 5073 ;
1219 4998 1373 5077 culpatus,
1389 4999 1459 5076 OB,
1475 5001 1551 5076 MA,
1568 5000 1645 5074 MB,
1660 4999 1727 5074 ΟΕ,
1745 5000 1825 5072 ΟΜ;

240 5097 432 5176 (inculpatus
449 5100 604 5177 culpatus,
621 5100 718 5178 MG).
758 5099 785 5133 ²⁴
796 5104 1034 5177 precessissent,
1053 5100 1120 5174 LA,
1138 5101 1205 5176 OC,
1225 5101 1301 5175 MG,
1320 5101 1395 5175 cM,
1414 5101 1487 5161 ΜΟ.
1527 5098 1554 5134 ¹⁶
1565 5104 1767 5178 precesserit,
1785 5100 1826 5175 V,

236 5199 319 5272 MG;
340 5205 558 5277 praecessisset,
578 5200 653 5260 MA.
695 5200 935 5278 ²⁶praecesserit,
955 5201 994 5275 V,
1014 5201 1080 5277 ΟΕ,
1100 5203 1175 5277 ΟΜ,
1196 5201 1271 5275 MA,
1293 5201 1369 5277 MB,
1391 5203 1471 5274 MG;
1492 5205 1685 5280 precessisse
1711 5201 1825 5280 (*n)t,

236 5300 304 5361 OB.
351 5297 469 5375 ιτΟιη,
495 5301 564 5377 OB,
590 5300 666 5376 MA,
693 5301 769 5375 MB,
794 5301 861 5377 CB,
887 5301 960 5362 ΟΜ.
1008 5298 1216 5363 1⁸vicecomiti
1241 5306 1414 5378 comitatus,
1441 5303 1486 5375 V;
1512 5303 1553 5364 ad
1578 5323 1665 5379 com,
1693 5303 1765 5375 CE3
1791 5307 1826 5364 in

235 5419 322 5474 com,
341 5400 414 5462 ΟΜ.
