4432 6336
360 414 433 484 130
889 409 1112 471 BancTON:
1134 410 1196 469 DE
1219 411 1411 473 LEGIBUS

357 558 508 658 perabit
524 559 759 648 donatarius,
774 570 813 636 et
826 560 859 638 si
873 559 1034 649 irritam,
1049 561 1175 659 primo
1191 561 1420 638 discutiatur
1435 561 1536 638 inter
1551 587 1627 651 eos,
1645 571 1684 639 et
1700 564 1947 662 postmodum

356 677 541 777 procedat
559 677 678 755 assisa
692 704 824 756 versus
840 689 1067 756 extraneum
1083 680 1145 756 vel
1161 705 1240 757 non
1256 681 1502 780 procedat>

456 919 582 994 Facta
609 918 827 1007 traditione,
854 919 1062 996 wadan
1089 920 1244 1018 quando
1271 919 1497 998 donatarius
1522 920 1659 1020 incipit
1684 920 1879 1021 possidere
1897 930 1947 998 'et

456 1038 611 1135 quando
633 1037 798 1113 donator
819 1037 970 1115 desird.

356 1158 589 1234 Vmauuum
607 1165 666 1234 est
682 1155 798 1234 etiam
815 1158 970 1256 quando
987 1157 1213 1234 donatarius
1229 1168 1318 1257 post
1335 1158 1583 1235 traditionem
1600 1159 1735 1259 incipit
1752 1159 1947 1259 possidere

356 1286 395 1354 et
416 1279 580 1353 donator
601 1276 750 1354 desinit.
772 1276 831 1353 Et
851 1287 945 1353 tunc
966 1277 1087 1353 refert
1107 1287 1240 1354 utrum
1261 1277 1485 1355 donatarius
1507 1278 1688 1355 fueritin
1710 1279 1947 1378 possessione

355 1420 427 1494 per
444 1421 495 1484 se,
513 1405 552 1472 et
568 1419 729 1472 vacuam
746 1394 950 1472 habuerit⁸¹
968 1395 1144 1472 saisinam
1162 1396 1243 1473 sine
1262 1398 1448 1474 donatore
1465 1397 1526 1473 vel
1544 1397 1633 1486 suis,
1652 1398 1713 1474 vel
1732 1399 1763 1474 si
1782 1400 1947 1475 donator

356 1513 477 1591 fuerit
491 1512 532 1588 in
547 1513 784 1613 possessione
800 1514 913 1592 simul
929 1539 1017 1593 cum
1034 1515 1247 1604 donatario,
1264 1516 1325 1592 vel
1343 1516 1461 1614 aliqui
1478 1518 1526 1593 de
1544 1516 1622 1594 suis
1638 1515 1818 1593 nomine⁶⁸
1837 1515 1947 1594 suo!⁴

356 1633 414 1710 Bt
433 1632 629 1709 sciendum
647 1634 750 1732 quod
770 1633 934 1711 donator
953 1658 1165 1733 numquam
1185 1635 1324 1713 desinit
1343 1635 1538 1734 possidere
1559 1645 1766 1735 antequam
1786 1639 1946 1714 donata-

355 1751 434 1828 rius
452 1750 647 1850 possidere
664 1752 835 1852 incipiat,
853 1753 944 1852 quia
959 1778 1038 1830 uno
1057 1753 1262 1854 incipiente
1280 1755 1419 1831 dmirut
1438 1755 1547 1845 alius,
1566 1756 1660 1831 dum
1677 1765 1809 1833 tamen
1828 1757 1945 1834 dona-

353 1873 476 1950 tarius
498 1873 539 1948 in
560 1873 796 1972 possessione
817 1869 964 1949 fuerit⁸⁵
986 1898 1120 1962 vacua,
1143 1883 1183 1951 et
1205 1873 1370 1951 donator
1391 1883 1431 1951 et
1455 1876 1513 1951 sui
1535 1884 1648 1952 extra
1669 1874 1946 1974 possessionem

354 1990 555 2068 extiterint
568 2016 728 2089 corpore
742 2002 780 2069 et
795 1992 923 2068 animo
937 1992 1168 2092 possidendi,
1183 2002 1223 2070 et
1238 1993 1463 2071 donatarius
1478 1994 1519 2069 in
1534 1995 1771 2092 possessione
1785 2020 1946 2093 corpore

355 2112 515 2212 proprio
528 2112 589 2188 vel
604 2112 728 2188 alieno
741 2111 894 2188 nomine
909 2137 978 2188 suo
991 2136 1080 2188 cum
1095 2111 1223 2189 animo
1238 2113 1469 2211 possidendi.
1485 2114 1544 2191 Et
1559 2113 1611 2190 sic
1627 2113 1766 2190 desinit
1782 2116 1947 2191 donator

355 2238 395 2307 et
411 2230 546 2329 incipit
563 2230 787 2307 donatarius
805 2230 1011 2329 possidere.
1032 2228 1264 2322 <Desinit⁶⁶
1283 2232 1448 2308 donator
1466 2232 1661 2332 possidere
1680 2258 1768 2310 cum
1785 2257 1947 2332 corpore

355 2360 394 2429 et
409 2351 536 2428 animo
551 2351 720 2427 donandi
734 2360 772 2427 et
786 2350 1046 2427 transferendi
1062 2351 1112 2427 ad
1127 2349 1373 2427 donatarium
1388 2377 1427 2429 se
1442 2352 1615 2451 posuerit
1630 2363 1742 2429 extra
1757 2352 1945 2430 saisinam.

356 2470 542 2567 Corpore,
557 2469 653 2558 dico,
667 2470 827 2569 proprio
840 2479 879 2547 et
892 2493 1060 2558 suorum,
1074 2480 1113 2547 et
1128 2469 1263 2568 incipit
1276 2469 1501 2548 donatarius
1516 2496 1603 2547 cum
1617 2471 1812 2570 ingressus
1827 2473 1947 2549 fuerit

354 2613 516 2666 vacuam
529 2588 807 2689 possessionem
820 2612 892 2687 per
905 2614 944 2666 se
959 2589 1020 2666 vel
1034 2613 1105 2688 per
1120 2614 1220 2677 suos,
1236 2589 1347 2667 idest
1362 2614 1523 2689 corpore
1537 2591 1697 2690 proprio
1712 2591 1772 2667 vel
1789 2616 1946 2669 suorum

354 2731 443 2782 cum
465 2706 592 2784 animo
613 2706 833 2807 possidendi
855 2716 894 2783 et
916 2707 1145 2795 retinendi,⁶'
1168 2705 1237 2784 et⁸⁸
1257 2708 1310 2785 sic
1332 2708 1472 2785 desinit
1494 2734 1594 2786 unus
1617 2718 1656 2786 et
1677 2709 1813 2808 incipit
1837 2711 1944 2786 alius.

358 2826 436 2903 Sed
449 2825 615 2924 qualiter
629 2827 818 2925 perpendi
832 2827 977 2926 poterit
991 2852 1067 2926 quo
1083 2826 1210 2904 animo
1225 2827 1391 2904 donator
1405 2828 1653 2905 donationem
1668 2828 1815 2918 fecerit,
1831 2827 1945 2906 cum⁸'

355 2948 458 3024 solus
475 2948 568 3023 deus
585 2971 652 3022 cor
667 2945 830 3023 hominis
846 2946 1056 3035 intueatur,
1074 2955 1113 3023 et
1131 2946 1244 3022 homo
1262 2947 1472 3024 secundum
1490 2946 1629 3024 faciem
1646 2947 1814 3025 iudicare
1832 2974 1945 3047 opor·

354 3067 433 3143 teti
446 3067 525 3142 Per
538 3065 739 3154 exteriora,
753 3062 992 3142 secundum'⁰
1004 3091 1125 3164 opera
1136 3065 1328 3142 exteriora
1339 3075 1379 3143 et
1393 3065 1603 3143 secundum
1616 3066 1741 3144 visum
1753 3067 1821 3144 et'¹
1836 3067 1946 3145 intel·

355 3183 498 3260 lectum
519 3181 757 3259 hominum.'⁸
779 3182 921 3260 Dicere
943 3181 1072 3260 enim'⁸
1096 3191 1293 3283 poterunt,
1320 3184 1497 3262 Vidimus
1520 3187 1626 3285 quod
1649 3185 1737 3262 talia
1759 3185 1883 3284 pratia
1907 3195 1946 3262 et

354 3307 403 3382 dc
423 3303 621 3381 volontate
640 3327 711 3381 aua
730 3303 848 3380 coivit
867 3312 906 3381 et
925 3303 1006 3380 sine
1026 3303 1155 3402 aliqua
1175 3304 1381 3393 coactione,
1402 3313 1441 3381 et
1461 3305 1566 3403 qnod
1586 3305 1810 3382 donatarius
1830 3304 1947 3382 libera

354 3422 574 3514 intravit>
593 3423 651 3500 Et
669 3421 865 3499 sciendum
882 3424 987 3521 quod
1004 3422 1130 3498 animo
1148 3431 1186 3499 et
1203 3447 1364 3523 corpore
1381 3422 1495 3500 simul
1512 3423 1730 3523 adquiritur
1746 3424 1946 3523 possessio,

356 3549 396 3618 et
410 3567 490 3618 non
505 3565 666 3641 corpore
681 3567 752 3640 per
768 3567 807 3619 se
823 3567 893 3618 nec
910 3540 1037 3618 animo
1054 3568 1192 3642 perse,
1210 3551 1248 3619 et
1265 3542 1362 3619 sicut
1380 3542 1597 3642 adquiritur
1613 3552 1777 3642 utroque
1796 3544 1851 3621 ita
1868 3568 1946 3618 non

356 3662 548 3739 amittitur
561 3661 633 3739 nisi
647 3671 824 3760 utroque,
839 3661 930 3760 quia
943 3663 974 3738 si
988 3661 1072 3760 quis
1088 3687 1112 3737 a
1125 3662 1361 3761 possessione
1376 3662 1547 3751 eiciatur,
1561 3687 1640 3738 non
1656 3663 1799 3740 amittit
1815 3663 1947 3739 statim

355 3791 559 3880 utramque
579 3781 856 3880 possessionem
876 3781 1094 3858 naturalem
1114 3790 1153 3859 et
1175 3781 1334 3869 civilem,
1356 3782 1447 3880 quia
1468 3781 1595 3858 animo
1617 3782 1781 3858 retinere
1803 3782 1947 3881 poterit

355 3903 504 3980 civilem
525 3902 613 3979 licet
636 3902 755 3980 fuerit
777 3909 889 3978 extra
911 3900 1199 4001 possessionem,
1223 3902 1434 3977 secundum
1457 3902 1561 3999 quod
1585 3900 1747 3976 inferius
1770 3898 1947 3977 dicetur*⁴

356 4022 404 4099 de
424 4022 552 4098 assisa.
575 4023 678 4098 Item
699 4021 779 4098 solo
800 4046 972 4120 corpore,
994 4021 1098 4120 quod
1117 4046 1196 4096 non
1216 4031 1274 4097 est
1294 4019 1461 4097 multum
1483 4021 1523 4096 in
1543 4047 1617 4097 usu
1637 4020 1717 4097 sine
1740 4020 1878 4109 animo,
1901 4027 1947 4096 ut

355 4151 633 4242 postmortem
656 4141 814 4218 alicuius
839 4143 959 4217 donec
982 4163 1123 4240 corpus
1148 4137 1363 4216 efferatur²⁶
1389 4141 1439 4217 ad
1463 4139 1714 4238 sepulturam,
1740 4139 1831 4238 quia
1856 4149 1947 4215 ante

355 4288 434 4339 non
451 4262 523 4340 erit
541 4260 728 4360 possessio
745 4285 867 4336 vacua
885 4259 977 4358 quin
996 4258 1123 4335 animo
1139 4258 1201 4334 vel
1218 4283 1380 4358 corpore
1398 4257 1621 4348 retineatur,
1641 4268 1681 4335 et
1700 4284 1788 4336 cum
1805 4283 1947 4358 corpus

355 4378 571 4457 efferatur²⁶
585 4381 663 4456 iam
676 4387 841 4478 utroque
856 4378 994 4454 desinit
1009 4378 1215 4477 possidere.
1231 4378 1289 4455 Et
1305 4378 1439 4455 dehac
1453 4378 1615 4454 materia
1632 4378 1780 4455 dicetur
1794 4378 1945 4478 plenius

355 4499 461 4575 infra
477 4498 525 4574 de
541 4497 670 4574 assisa.
689 4498 794 4574 Item
811 4497 990 4573 desinunt
1007 4495 1164 4594 quidam
1181 4497 1375 4595 possidere
1393 4497 1434 4573 in
1451 4497 1624 4585 veritate,
1644 4497 1800 4596 quidam
1818 4496 1946 4594 quoad

355 4617 385 4693 f.
400 4618 470 4710 42]
525 4614 744 4713 opinionem
761 4615 970 4704 hominum,
989 4615 1080 4714 quia
1096 4615 1324 4713 imaginaria
1340 4615 1485 4714 poterit
1501 4640 1582 4692 esse
1600 4616 1768 4704 donatio,
1788 4625 1827 4693 et
1845 4616 1945 4692 simi·

354 4735 443 4812 liter
458 4733 629 4823 traditio,
647 4733 738 4832 quia
753 4734 897 4833 poterit
915 4735 1000 4833 quis
1017 4734 1247 4811 naturaliter
1265 4734 1460 4834 possidere
1478 4760 1566 4811 vere
1584 4743 1624 4812 et
1642 4734 1752 4824 iuste,
1771 4745 1810 4812 et
1829 4736 1947 4812 etiam

355 4935 511 5013 ”habuit
531 4937 627 5000 MSS.
647 4958 713 4999 var.
755 4934 821 4971 ⁸⁸⁸⁸⁸
834 4938 914 5013 Om,
934 4937 1004 5012 OB,
1024 4937 1100 5010 MA,
1122 4938 1199 5013 ΜΒ,
1220 4937 1287 5011 CE,
1307 4938 1347 4998 Y.
1389 4935 1509 5010 οὗΟιιι.,
1530 4934 1600 5013 OB,
1621 4937 1697 5012 MA,
1719 4937 1796 5012 MB,
1817 4935 1885 5011 CB,
1905 4937 1945 4998 Y.

355 5035 583 5112 ”veldesinit
599 5038 677 5112 MG,
694 5037 767 5099 CM.
805 5036 1024 5116 ”recipiendi
1041 5039 1106 5099 LA.
1146 5036 1212 5072 ’Μ’
1225 5038 1305 5114 Οιιι.,
1324 5039 1402 5114 MG,
1419 5039 1493 5099 CM.
1532 5036 1613 5114 ‘’et,
1632 5039 1710 5112 MG,
1728 5040 1801 5100 CM.
1842 5036 1947 5112 ηεαδ,

356 5137 435 5214 MG,
449 5139 523 5200 cM.
560 5137 586 5172 ²¹
598 5147 630 5201 et
644 5160 717 5214 non,
734 5140 808 5216 cM,
823 5140 901 5214 MG,
916 5138 972 5201 OC
994 5139 1029 5217 (*
1041 5139 1133 5216 non).
1172 5139 1238 5174 '²¹⁷⁸
1250 5139 1405 5200 hominum
1420 5140 1496 5201 dare
1514 5143 1605 5217 enim,
1621 5142 1693 5214 003
1711 5139 1847 5202 homines
1864 5143 1947 5202 enim

355 5237 468 5313 dicere,
483 5240 563 5313 cM;
578 5239 693 5301 homini
708 5240 810 5304 dicere
825 5245 916 5316 enim,
932 5242 1008 5303 MG.
1046 5238 1208 5318 '‘dicitur,
1225 5242 1319 5304 MSS.
1336 5261 1401 5303 var.
1439 5240 1505 5275 ²²²²²
1517 5243 1669 5304 offeratur
1690 5287 1698 5303 .
1722 5288 1730 5304 .
1753 5287 1761 5304 .
1783 5242 1947 5317 offertus,

357 5339 435 5415 MG,
449 5340 522 5401 CM.
