4392 6352
784 537 845 598 DE
869 537 1072 600 PLACITIS
1096 536 1285 600 CORONAE
1757 543 1833 619 337

245 689 348 786 quod
372 713 460 764 cum
484 688 566 788 ipse
591 689 810 788 appellatus
835 689 982 768 veniret
1008 714 1137 766 coram
1162 690 1246 789 ipso
1272 689 1495 788 appellante
1520 697 1559 766 et
1586 697 1705 767 staret
1731 690 1834 768 iuter

244 805 387 903 plures,
410 805 565 905 ipsum²⁸
585 832 663 882 non
683 807 864 905 cognovit
885 833 955 883 neo
977 807 1085 886 scivit
1106 808 1235 906 ipsum
1257 808 1305 883 ab
1328 807 1410 883 aliis
1432 807 1656 884 discernere.
1680 807 1833 885 Poterit

245 926 361 1002 etiam
381 926 497 1025 plura
518 925 595 1002 alia
614 934 746 1025 petere
767 926 837 1002 sibi
859 926 1025 1014 allocari,
1049 927 1097 1002 de
1119 926 1181 1002 die
1202 934 1241 1003 et
1263 925 1358 1002 hora
1379 935 1419 1003 et
1441 926 1664 1014 variatione,
1687 934 1727 1002 et
1750 925 1833 1004 aliis

244 1044 431 1143 pluribus,
448 1045 658 1120 secundum
673 1045 777 1143 quod
791 1045 954 1121 inferius
971 1045 1120 1122 dicetur
1136 1045 1183 1121 de
1201 1045 1375 1144 appellis.
1393 1045 1462 1120 Ad
1478 1044 1722 1143 exceptiones
1739 1044 1833 1122 istas

244 1172 399 1263 oportet
412 1163 516 1262 quod
528 1163 730 1263 appellans
744 1164 976 1262 respondeat
990 1161 1040 1238 ad
1055 1163 1226 1261 singulos
1240 1163 1421 1239 articulos
1435 1188 1507 1262 per
1521 1163 1705 1252 ordinem,
1720 1173 1765 1240 ut
1781 1162 1834 1240 sic

244 1291 442 1358 remaneat
463 1281 661 1381 appellum
681 1282 731 1357 ad
751 1281 943 1358 iudicium.
966 1282 1024 1358 Et
1044 1289 1138 1357 tunc
1158 1281 1367 1357 videndum
1388 1281 1471 1380 quis
1492 1283 1614 1380 possit
1636 1291 1675 1358 et
1696 1282 1834 1359 debeat

244 1399 423 1477 iudicare.
441 1401 501 1477 Et
518 1400 714 1476 sciendum
731 1401 835 1498 quod
851 1425 930 1475 non
947 1401 1029 1498 ipse
1048 1426 1128 1488 rex,
1148 1400 1238 1498 quia
1255 1401 1308 1476 sic
1325 1407 1425 1477 esset
1442 1400 1482 1476 in
1501 1400 1655 1498 querela
1674 1401 1836 1500 propria

244 1528 352 1595 actor
371 1527 410 1595 et
427 1519 545 1595 iudex
564 1519 604 1594 in
624 1519 762 1594 iudicio
782 1519 870 1595 vitae
890 1526 929 1595 et
948 1517 1208 1594 membrorum
1228 1529 1268 1595 et
1289 1518 1604 1607 exheredationis,
1627 1519 1730 1616 quod
1752 1517 1833 1617 qui·

245 1640 332 1715 dem
349 1663 428 1714 non
445 1649 544 1716 esset
562 1639 593 1715 si
611 1638 768 1737 querela
784 1648 883 1714 esset
901 1636 1074 1713 aliorum.
1096 1638 1199 1714 Item
1218 1636 1444 1714 iustitiarius
1462 1663 1552 1726 non,
1571 1662 1659 1713 cum
1677 1637 1718 1712 in
1737 1637 1833 1713 iudi-

244 1756 274 1831 f.
290 1755 409 1849 119b]
464 1756 530 1833 ciis
554 1780 759 1855 personam
782 1755 925 1832 domini
947 1755 1049 1852 regis
1072 1755 1179 1832 cuius
1202 1757 1301 1832 vices
1325 1757 1427 1852 gerit
1449 1764 1708 1854 repraesentet.
1735 1756 1833 1845 Quis

243 1901 336 1974 ergo
357 1874 560 1952 iudicabit?
580 1874 774 1951 Videtur²⁰
796 1873 877 1950 sine
896 1874 1116 1973 praeiudicio
1135 1873 1302 1950 melioris
1324 1876 1521 1950 sententiae
1542 1875 1645 1972 quod
1667 1874 1773 1950 curia
1795 1883 1834 1951 et

244 2019 356 2093 pares
375 1994 610 2082 iudicabunt,
627 2020 676 2070 ne
692 1994 880 2070 maleficia
897 2004 1121 2071 remaneant
1138 1993 1341 2093 impunita,
1360 2002 1400 2070 et
1417 1994 1583 2071 maxime
1601 1994 1666 2069 ubi
1685 1994 1833 2093 pericu·

243 2114 325 2190 lum
340 2115 460 2192 fuerit
475 2114 562 2190 vitae
578 2124 616 2191 et
631 2113 890 2190 membrorum
905 2113 966 2187 vel
981 2111 1296 2200 exheredationis,
1314 2137 1401 2188 cum
1416 2113 1499 2211 ipse
1515 2138 1584 2188 rex
1600 2137 1692 2211 pars
1710 2113 1833 2189 actrix

244 2258 324 2309 esse
340 2233 477 2309 debeat
490 2233 531 2307 in
543 2231 694 2308 iudicio.
713 2232 791 2307 Sed
805 2232 846 2305 in
860 2229 931 2306 hac
945 2239 1058 2329 parte
1072 2241 1118 2307 ut
1132 2231 1286 2307 videtur
1301 2230 1374 2307 erit
1390 2231 1705 2338 distinguendum
1720 2231 1834 2329 quale

245 2352 293 2430 sit
313 2352 463 2428 factum
482 2351 529 2427 de
548 2377 625 2450 quo
643 2349 876 2450 proponitur
895 2348 1105 2448 appellum,
1125 2358 1258 2425 utrum
1278 2348 1419 2425 scilicet
1440 2348 1517 2426 sit⁸⁰
1537 2349 1589 2424 ibi
1609 2349 1754 2425 felonia
1772 2349 1834 2425 vel

243 2472 509 2569 transgressio,
530 2470 621 2569 quia
640 2469 817 2568 quaelibet
836 2467 1091 2564 transgressio
1111 2467 1185 2542 dici
1205 2491 1284 2542 non
1305 2466 1419 2543 debet
1440 2467 1595 2558 felonia,
1617 2469 1791 2567 quamvis
1813 2495 1834 2546 e

243 2616 437 2668 converso.
464 2590 506 2666 Si
530 2597 660 2664 autem
682 2586 733 2662 ibi
756 2586 876 2662 fuerit
899 2585 1054 2673 felonia,
1077 2594 1171 2662 tunc
1194 2584 1398 2662 iudicanda
1421 2595 1511 2664 sunt
1535 2587 1651 2663 verba
1676 2587 1832 2687 appelli,

244 2713 339 2789 ordo
356 2721 395 2788 et
413 2734 625 2811 processus,
643 2716 689 2784 ut
707 2707 793 2784 sciri
812 2706 934 2805 possit
953 2705 984 2781 si
1001 2705 1104 2782 inter
1122 2706 1384 2805 appellantem
1403 2716 1443 2784 et
1463 2707 1704 2806 appellatum
1723 2709 1833 2808 iungi

243 2833 365 2933 possit
386 2832 568 2920 duellum,
590 2829 706 2928 quia⁸1
728 2830 760 2906 si
782 2828 832 2904 ad
853 2827 1052 2927 appellum
1073 2828 1287 2904 accusantis
1308 2837 1469 2927 paratus
1492 2839 1590 2907 esset
1613 2831 1832 2929 appellatus

244 2956 324 3032 siue
347 2953 593 3052 responsione
614 2952 770 3028 vadiare
792 2951 974 3038 duellum,
998 2950 1211 3049 praeoedere
1234 2949 1389 3028 deberet
1413 2951 1645 3028 examinatio
1668 2961 1713 3029 ut
1736 2978 1833 3052 prae·

146 3121 150 3130 ·
243 3077 390 3152 dictum
410 3085 479 3152 est.
502 3076 560 3153 Et
583 3075 614 3151 si
636 3073 717 3150 sine
737 3072 1020 3149 examinatione
1041 3082 1177 3149 contra
1198 3072 1384 3150 iustitiam
1406 3084 1505 3150 esset
1527 3075 1737 3163 vadiatum,
1761 3100 1834 3174 per

242 3197 565 3274 examinationem
580 3205 710 3295 posset
725 3195 931 3271 devadiari.
950 3195 992 3270 Si
1009 3202 1139 3271 autem
1154 3194 1233 3271 tale
1249 3194 1298 3272 sit
1313 3195 1463 3272 factum
1479 3197 1583 3294 quod
1599 3195 1763 3273 debeat⁸²
1780 3197 1833 3273 ibi

242 3320 366 3418 magis
388 3318 643 3416 transgressio
667 3343 784 3417 quam
807 3317 951 3393 felonia
975 3317 1150 3394 denotari
1174 3317 1386 3394 remanebit
1410 3317 1593 3406 duellum,
1620 3320 1686 3395 sed
1710 3318 1832 3395 tunc⁸⁸

241 3440 450 3517 videndum
466 3450 598 3517 utrum
615 3439 870 3536 transgressio
886 3438 953 3514 illa
970 3463 1054 3536 quae
1069 3437 1198 3536 tangit
1215 3464 1346 3537 regem
1363 3440 1491 3536 gravis
1510 3440 1630 3517 fuerit
1647 3441 1707 3517 vel
1726 3441 1831 3532 levis,

242 3562 320 3639 sive
338 3561 419 3650 sibi,
438 3561 516 3638 sive
533 3563 645 3637 uxori
663 3560 730 3638 et⁸⁴
748 3560 889 3659 pueris.
910 3561 962 3636 In
979 3561 1057 3636 suis
1074 3586 1165 3636 vero
1184 3561 1328 3659 poterit
1345 3586 1415 3636 rex
1433 3562 1617 3639 iniuriari.
1639 3564 1682 3639 Si
1701 3572 1831 3640 autem

241 3684 334 3760 levis
350 3683 470 3760 fuerit
484 3682 739 3780 transgressio
755 3706 838 3780 quae
853 3707 1009 3781 poenam
1023 3683 1176 3780 infligat
1193 3683 1454 3782 pecuniariam
1469 3693 1624 3762 tantum
1641 3693 1680 3762 et
1696 3686 1830 3774 levem,

242 3804 338 3882 bene
362 3814 525 3905 possunt
550 3804 743 3882 iustitiarii
768 3805 848 3881 sine
873 3804 1031 3904 paribus
1056 3804 1235 3881 iudicare.
1265 3805 1308 3880 Si
1335 3815 1465 3882 autem
1490 3807 1619 3904 gravis
1645 3808 1765 3885 fuerit
1792 3817 1831 3885 et

225 4007 228 4016 ,
239 3927 418 4026 proxima
438 3926 734 4016 exheredationi,
754 3928 858 4025 quod
876 3926 1179 4024 redemptionem
1198 3927 1367 4015 inducat,
1387 3927 1438 4003 ibi
1460 3928 1600 4005 debent
1620 3954 1733 4028 pares
1755 3930 1829 4006 ius-

240 4049 392 4127 titiariis
408 4050 597 4138 associari,
613 4075 661 4126 ne
676 4050 758 4149 ipse
774 4075 843 4125 rex
857 4074 928 4148 per
944 4049 1112 4147 seipsum
1126 4050 1187 4125 vel
1202 4049 1424 4127 iustitiarios
1441 4050 1557 4126 su0s⁸⁵
1575 4053 1655 4128 sine
1671 4053 1829 4151 paribus

241 4180 348 4247 actor
365 4171 414 4248 sit
430 4182 468 4249 et
485 4171 611 4247 iudex.

340 4296 405 4372 De
421 4294 577 4372 samiae
591 4294 683 4389 falci
699 4303 737 4372 et
752 4293 830 4371 asaia
846 4293 1053 4394 speciebus.

240 4418 376 4495 Esset
390 4418 494 4494 aliud
509 4444 631 4516 genus
645 4417 812 4494 criminis
827 4418 923 4493 laesae
936 4417 1146 4495 maiestatis
1162 4419 1265 4517 quod
1280 4419 1381 4496 inter
1395 4419 1575 4516 graviora
1590 4430 1828 4511 numeratiu,

240 4541 331 4639 quia
343 4541 523 4618 ultimum
536 4541 684 4617 inducit
699 4539 931 4639 supplicium
945 4549 984 4617 et
998 4540 1133 4617 mortis
1149 4540 1395 4630 occasionem,
1412 4541 1553 4619 scilicet
1568 4542 1712 4619 crimen
1727 4543 1829 4632 falsi,

239 4661 279 4736 in
299 4663 466 4760 quadam
486 4662 544 4738 sui
563 4662 699 4761 specie,
718 4673 757 4740 et
776 4663 880 4760 quod
899 4662 1029 4760 tangit
1047 4688 1228 4739 coronam
1248 4663 1419 4740 domini³⁸
1440 4664 1553 4762 regie,
1574 4676 1620 4742 ut
1640 4666 1671 4742 si
1693 4665 1828 4765 aliquis

239 4795 438 4862 accusatus
460 4785 579 4862 luerit
600 4785 661 4861 vel
683 4785 878 4861 convictus
899 4786 1003 4883 quod
1025 4786 1194 4884 sigillum
1215 4787 1359 4862 domini
1381 4787 1482 4884 regis
1505 4788 1716 4878 falsaverit,
1739 4814 1828 4864 con·

239 4907 429 5005 signando
449 4907 537 4983 inde
559 4915 685 4982 cartas
706 4915 746 4983 et
766 4906 908 4996 brevia,
929 4907 989 4983 vel
1011 4907 1042 4982 si
1064 4916 1190 4983 cartas
1212 4909 1420 4986 confecerit
1442 4918 1481 4986 et
1504 4909 1635 4986 brevia
1654 4919 1695 4986 et
1717 4911 1829 5009 signa

238 5029 464 5128 apposuerit
482 5029 710 5116 adulterina,
729 5054 805 5126 quo
823 5053 914 5104 casu
932 5027 1066 5126 siquis
1084 5027 1173 5104 inde
1191 5028 1409 5105 inveniatur
1426 5029 1626 5129 culpasz
1645 5033 1705 5108 vel
1725 5033 1827 5109 seisi·

238 5244 354 5322 ²⁸eum,
373 5247 449 5323 MA,
466 5247 542 5320 ΜΒ,
561 5245 719 5337 CE;·om.,
737 5245 805 5308 OB.
844 5242 1004 5306 ²⁸videtur
1021 5243 1114 5322 quod,
1131 5244 1200 5321 OB,
1219 5246 1295 5322 MA,
1313 5247 1388 5307 ΜΒ.
1430 5245 1456 5280 ⁸⁰
1468 5246 1548 5323 Om.,
1566 5246 1635 5323 OB,
1655 5250 1731 5326 MA,
1751 5251 1826 5312 ΜΒ.

237 5345 550 5425 ⁸²quod,MG,CM.
587 5344 614 5380 ⁸²
626 5344 706 5420 Om.,
723 5345 791 5421 OB,
808 5346 884 5420 MA,
901 5344 976 5405 ΜΒ.
1013 5343 1131 5419 ”Om.,
1148 5345 1218 5421 OB,
1235 5346 1311 5422 MA,
1328 5347 1404 5422 ΜΒ,
1422 5347 1487 5409 CE.
1526 5347 1827 5429 ⁸⁴sive,MG,CM,

238 5446 304 5510 OC.
321 5446 347 5481 ⁸⁵
359 5446 441 5524 Om.,
457 5447 535 5524 MG,
552 5447 626 5524 CM,
641 5446 708 5509 OC.
746 5443 772 5480 ⁸⁰
783 5449 882 5524 ipsius
898 5445 1024 5522 domini,
1041 5445 1081 5521 V,
1098 5446 1173 5507 ΜΒ.
