4392 6352
374 507 448 575 aaa
789 455 791 462 ’
907 501 1129 562 anacrom
1152 501 1213 561 ou
1236 500 1429 562 ruamus

375 650 405 726 f.
419 653 488 744 98]
545 675 688 749 pressa.
705 652 757 727 In
771 653 938 729 secundo
951 678 1042 728 vero
1055 678 1146 729 casu
1160 661 1310 729 nonest
1324 678 1435 750 pura,
1451 653 1517 728 sed
1532 653 1752 750 dependens
1767 677 1965 750 quousque

373 769 547 846 extiterit
559 770 730 846 condicio
744 770 803 846 vel
819 771 982 847 deficiat.
1000 772 1103 847 Item
1117 771 1297 848 constitui
1312 780 1441 869 potest
1456 772 1525 847 dos
1541 769 1819 846 rationabiliter
1834 794 1965 846 secun·

375 888 469 964 dum
482 889 585 985 quod
599 888 826 987 praedictum
839 898 909 978 est,
923 899 963 967 et
976 915 1054 966 non
1068 888 1172 965 ultra
1186 889 1341 966 tertiam
1355 899 1520 987 partem,
1536 889 1627 987 quia
1640 889 1681 964 in
1694 888 1830 964 maiori
1845 914 1963 987 quan-

375 1007 488 1084 titate
508 1033 625 1105 quam
644 1008 685 1082 in
705 1007 820 1083 tertia
842 1017 955 1106 parte
975 1007 1156 1084 constitui
1177 1031 1255 1083 non
1276 1015 1416 1107 potest.
1440 1007 1591 1084 Potest²
1612 1017 1743 1084 tamen
1765 1007 1805 1082 in
1827 1007 1964 1084 minori

375 1125 468 1201 dum
489 1135 619 1201 tamen
640 1150 740 1202 uxor
760 1127 801 1200 in
822 1125 1094 1202 constitutione
1116 1153 1155 1203 se
1176 1135 1307 1202 teneat
1328 1135 1561 1202 contentam.
1587 1125 1629 1202 Si
1650 1136 1782 1204 tamen
1804 1126 1965 1202 ulterius

355 1268 491 1340 ‚quam
507 1243 785 1320 rationabiliter
801 1245 1070 1333 constituatur,
1087 1269 1174 1321 cum
1191 1244 1311 1320 fuerit
1327 1244 1534 1341 assignata,
1551 1244 1591 1320 id
1608 1244 1712 1342 quod
1729 1244 1878 1322 excedit
1895 1269 1966 1342 per

376 1363 751 1439 admensurationem
778 1363 1031 1451 revocabitur,
1061 1363 1093 1437 si
1120 1362 1295 1461 capitalis
1324 1362 1501 1439 dominus
1531 1361 1591 1439 vel
1622 1362 1719 1440 alius
1748 1363 1798 1439 ab
1827 1362 1965 1439 herede

374 1479 506 1556 dotem
521 1480 785 1578 assignaverit.
805 1480 924 1558 Secus
940 1490 1070 1558 autem
1087 1481 1160 1557 erit
1175 1481 1206 1557 si
1222 1481 1330 1557 heres
1346 1481 1417 1556 hoc
1435 1481 1570 1557 fecerit
1587 1480 1707 1557 sciens
1725 1491 1764 1558 et
1781 1481 1963 1580 prudens.

375 1597 434 1674 Et
446 1598 524 1673 haec
539 1623 623 1696 quae
636 1599 739 1675 dicta
753 1609 844 1675 sunt
858 1600 905 1676 de
919 1601 1035 1676 tertia
1049 1608 1161 1698 parte
1175 1625 1267 1676 vera
1281 1608 1372 1676 sunt
1387 1601 1435 1676 de
1451 1599 1566 1674 feodo
1580 1599 1750 1688 militari,
1766 1600 1837 1674 nisi
1854 1600 1966 1676 aliter

374 1718 599 1794 observetur
615 1719 663 1794 de
679 1717 808 1815 aliqua
823 1717 1099 1794 consuetudine
1117 1717 1283 1816 speciali,
1301 1718 1363 1794 vel
1380 1717 1466 1793 nisi¹
1483 1727 1588 1794 terra
1606 1727 1785 1795 teneatur
1803 1719 1844 1793 in
1861 1742 1965 1795 soca·

374 1835 440 1933 gio
454 1835 520 1910 ubi
536 1835 787 1912 diversimode
803 1835 850 1913 fit
866 1836 966 1912 dotis
982 1835 1217 1924 constitutio,
1235 1836 1296 1912 vel
1311 1836 1352 1912 in
1368 1835 1625 1934 gavelkinde,⁸
1642 1837 1703 1912 vel
1721 1837 1752 1912 si
1770 1837 1966 1934 socagium

375 1953 612 2050 adiungatur
633 1955 748 2030 feodo
769 1954 936 2030 militari.
960 1955 1018 2030 Et
1039 1955 1086 2030 de
1107 1955 1178 2030 hac
1199 1955 1361 2030 materia
1381 1954 1527 2031 habetis
1551 1954 1599 2031 de
1620 1955 1785 2031 termino
1806 1955 1965 2031 Paschae

375 2098 477 2148 anno
500 2073 601 2171 regis
625 2073 790 2148 Henrioi
814 2072 948 2171 quinto
971 2073 1128 2161 decimo,
1152 2074 1338 2149 comitatu
1363 2073 1631 2171 Cantebrigiae.
1657 2074 1761 2149 Item
1784 2074 1965 2150 constitui

374 2199 504 2290 potest
523 2192 591 2266 dos
610 2216 688 2267 non
707 2200 861 2266 tantum
880 2191 921 2265 in
938 2189 1066 2267 terris⁴
1085 2200 1124 2267 et
1142 2190 1370 2267 tenementis
1390 2190 1636 2290 perquisitis,¹⁵
1656 2192 1859 2268 sedetiam
1878 2217 1964 2290 per·

376 2309 582 2407 quirendis,
607 2310 638 2385 si
661 2309 873 2408 perquisita
897 2309 1044 2386 fuerint
1068 2310 1128 2385 vel
1152 2308 1358 2386 acciderint
1383 2310 1424 2384 in
1447 2309 1528 2385 vita
1550 2309 1633 2399 viri,
1659 2320 1703 2386 ut
1728 2310 1776 2387 de
1800 2310 1966 2386 termino

374 2428 534 2504 Paschae
552 2453 653 2504 armo
671 2427 773 2525 regis
793 2426 957 2502 Henrioi
976 2426 1152 2525 septimo,
1172 2427 1357 2503 comitatu
1379 2427 1629 2515 Somersetiae,
1649 2427 1698 2504 de
1718 2429 1863 2504 Emma
1882 2453 1966 2527 quae

375 2546 453 2623 fuit
473 2571 573 2622 uxor
592 2545 781 2622 Willelmi
800 2545 927 2645 Dacy.
949 2545 1008 2620 Et
1027 2544 1116 2622 licet
1136 2545 1195 2621 vir
1215 2547 1274 2622 ius
1295 2546 1471 2622 habuerit
1492 2547 1533 2622 in
1553 2546 1666 2624 terris
1688 2548 1965 2646 perquirendis,

374 2674 498 2740 cessat
512 2664 612 2740 dotis
627 2663 763 2762 petitio
777 2663 849 2740 nisi
864 2664 903 2740 in
918 2663 1000 2739 vita
1012 2663 1084 2740 viri
1100 2663 1247 2741 fuerint
1261 2664 1491 2763 perquisita,
1507 2665 1681 2763 quamvis
1697 2676 1787 2763 post
1802 2675 1965 2742 mortem

374 2781 447 2857 viri
460 2781 665 2858 acciderint
678 2781 752 2859 vel⁸
766 2781 998 2882 perquisitae'
1012 2781 1175 2857 luerint:
1190 2783 1280 2880 quia
1295 2783 1342 2858 de
1356 2808 1400 2858 eo
1414 2784 1462 2860 de
1476 2809 1553 2881 quo
1567 2783 1626 2859 vir
1638 2808 1850 2882 numquam
1863 2782 1964 2860 seisi·

374 2927 466 2978 nam
479 2902 613 2977 habuit
627 2927 705 2978 non
720 2910 849 3000 potest
864 2902 932 2977 dos
947 2900 1039 2999 peti,
1055 2901 1127 2976 nisi
1143 2901 1198 2976 ita
1213 2909 1312 2977 esset
1327 2901 1430 2999 quod
1445 2902 1513 2978 dos
1530 2902 1827 2979 constitueretur
1842 2903 1882 2978 in
1898 2902 1964 2978 ali·

375 3046 451 3119 quo
465 3030 685 3097 tenemento
699 3021 802 3118 quod
816 3029 906 3118 post
919 3028 1084 3095 mortem
1098 3019 1263 3096 tenentis
1273 3026 1372 3094 esset
1382 3019 1432 3094 ad
1441 3018 1567 3095 virum
1576 3045 1830 3096 reversurum.
1847 3020 1966 3109 Quod

375 3142 408 3218 si
427 3142 495 3218 dos
515 3141 570 3217 ita
588 3139 802 3216 constituta
821 3136 951 3226 fuerit,
973 3138 1052 3213 sive
1073 3145 1289 3213 revertatur
1310 3137 1350 3212 in
1371 3137 1451 3213 vita
1472 3137 1544 3214 viri
1565 3135 1657 3214 sive⁸
1678 3146 1768 3236 post
1789 3147 1964 3225 mortem

375 3260 449 3336 erit
462 3259 567 3334 locus
583 3257 760 3357 petitioni
776 3256 888 3343 dotis,
904 3264 950 3331 ut
964 3255 1086 3366 videri
1101 3255 1262 3354 poterit:
1280 3257 1311 3332 si
1328 3257 1586 3333 constituatur
1604 3257 1672 3332 dos
1689 3256 1730 3332 in
1746 3265 1965 3333 tenemento

375 3378 479 3476 quod
496 3375 571 3452 alia
586 3401 685 3451 uxor
700 3374 868 3452 tenuerit
883 3373 924 3449 in
941 3375 1082 3462 dotem,
1100 3373 1144 3448 si⁹
1161 3374 1202 3448 in
1218 3373 1298 3449 vita
1314 3373 1446 3450 uxoris
1462 3374 1605 3450 dotatae
1623 3375 1813 3463 acciderit,
1832 3370 1964 3473 quam·

375 3495 432 3571 vis
451 3520 529 3570 non
547 3495 587 3569 in
605 3495 686 3570 vita
704 3493 787 3582 viri,
806 3492 1048 3591 recuperabit
1067 3517 1152 3568 eam
1171 3518 1270 3567 uxor
1289 3499 1335 3568 ut
1354 3493 1484 3568 dotem
1504 3518 1614 3568 suam
1634 3492 1667 3569 si
1685 3493 1802 3569 inde¹⁰
1823 3503 1966 3570 sectam

374 3611 577 3688 habuerit¹¹
610 3609 858 3687 sufficientem
890 3618 1053 3710 propter
1083 3610 1395 3686 constitutionem
1427 3611 1527 3687 dotis
1559 3612 1829 3710 specificatam,
1862 3612 1966 3711 quod

376 3729 531 3829 quidem
555 3730 666 3806 aliter
682 3738 787 3807 esset
810 3729 883 3805 nisi
906 3736 1005 3805 esset
1029 3728 1259 3828 specificata.
1284 3729 1343 3805 Et
1367 3730 1414 3806 de
1438 3729 1509 3805 hac
1532 3729 1694 3806 materia
1718 3730 1893 3806 habetis²¹
1918 3731 1965 3806 de

375 3849 540 3927 termino
576 3847 709 3924 Sancti
743 3847 905 3923 Hillarii
939 3873 1041 3922 anno
1076 3847 1177 3945 regis
1212 3847 1377 3923 Henrioi
1412 3857 1551 3946 quarto
1587 3849 1744 3937 decimo,
1781 3851 1966 3926 comitatu

377 3967 679 4055 Norhamtoniae,
707 3967 754 4042 de
783 3965 1004 4042 Christiana
1032 3990 1115 4063 quae
1143 3965 1220 4042 fuit
1247 3990 1347 4041 uxor
1373 3964 1555 4054 Walteri,
1585 3965 1696 4064 quae¹⁸
1725 3969 1966 4067 recuperavit

376 4087 550 4185 quamvis
571 4085 630 4160 vir
652 4111 742 4161 suus
764 4085 853 4160 inde
875 4084 1052 4160 saisinam
1072 4109 1152 4160 non
1172 4084 1330 4159 haberet
1352 4085 1444 4160 dum
1467 4085 1576 4160 vixit.
1600 4086 1658 4163 Et
1680 4110 1767 4161 cum
1789 4112 1891 4161 uxor
1914 4086 1966 4162 sic

376 4205 511 4280 dotata
530 4204 650 4280 fuerit
669 4203 716 4279 de
736 4229 777 4279 re
796 4229 913 4301 quam
933 4201 1029 4278 alius
1047 4210 1166 4290 tenet,
1187 4212 1225 4278 et
1245 4229 1329 4300 qua
1348 4212 1437 4302 post
1455 4212 1620 4279 mortem
1639 4205 1805 4281 tenentis
1826 4206 1965 4280 reverti

376 4322 514 4398 debeat
531 4322 580 4397 ad
598 4321 776 4397 heredem
793 4330 1010 4396 warantum
1028 4322 1075 4396 de
1093 4321 1183 4397 dote
1202 4347 1282 4408 sua,
1301 4321 1509 4398 videndum
1528 4320 1587 4397 si¹⁴
1606 4331 1810 4421 expectare
1829 4324 1966 4399 debeat

375 4437 566 4514 mortem²⁵
588 4436 753 4514 tenentis
774 4447 981 4536 antequam
1003 4440 1133 4515 dotem
1154 4437 1304 4526 habeat,
1327 4440 1387 4514 vel
1409 4440 1439 4515 si
1462 4438 1524 4515 ei¹⁰
1546 4439 1684 4517 debeat
1705 4441 1893 4538 assignari
1915 4442 1965 4517 ad

375 4557 583 4632 valentiam
602 4556 642 4631 in
660 4556 846 4644 tenantia,
867 4582 1064 4654 quousque
1085 4558 1153 4633 dos
1175 4559 1228 4634 sio
1248 4558 1446 4633 nominata
1466 4559 1500 4634 ei
1523 4557 1643 4634 fuerit
1664 4557 1884 4636 deliberata.
1908 4560 1966 4635 Et

375 4672 529 4749 videtur
552 4674 655 4771 quod
678 4683 883 4772 expectare
907 4675 1044 4750 debeat
1068 4677 1140 4750 nisi
1164 4674 1276 4751 aliter
1300 4676 1515 4774 specialiter
1539 4677 1759 4754 convenerit
1784 4678 1831 4753 ab
1855 4678 1965 4753 initio

459 4843 608 4924 ²poterit,
630 4844 699 4920 OB,
721 4847 796 4920 MA,
818 4845 892 4906 ΜΒ.
936 4844 1023 4922 ²ubi,
1045 4847 1112 4922 LA,
1133 4846 1206 4907 MC.
1250 4846 1263 4880 ⁸
1275 4846 1486 4925 gavelekinde,
1508 4847 1737 4927 garelinkinde,
1759 4847 1965 4927 gavelikindc,

374 4944 591 5025 galielikende‚
610 4945 805 5020 kavelkinde,
826 4948 920 5010 MSS.
940 4968 1006 5008 var.
1047 4945 1190 5010 ⁴‘⁸terria
1209 4953 1392 5010 tenementis
1412 4953 1602 5028 perquisitis,
1623 4951 1691 5026 OA,
1712 4949 1784 5023 003
1806 4957 1880 5012 terr.
1901 4958 1964 5011 ten.

375 5057 407 5110 et
421 5068 520 5126 perq,
535 5050 603 5124 OB,
619 5049 695 5124 MA,
711 5049 788 5125 MB,
804 5049 870 5125 ΟΕ,
887 5049 927 5123 Y,
943 5050 1017 5124 CM,
1034 5050 1097 5110 MC
1104 5071 1113 5122 3
1130 5057 1204 5111 terr.
1221 5058 1253 5110 et
1267 5057 1330 5111 ten.
1347 5058 1379 5111 et
1394 5071 1493 5129 perq.,
1511 5051 1586 5113 MG.
1625 5049 1692 5125 ⁰et,
1709 5052 1778 5126 OB,
1795 5052 1870 5126 MA,
1888 5053 1965 5127 MB,

376 5150 442 5224 ΟΕ,
460 5151 533 5225 CM,
552 5150 592 5225 Y,
609 5148 686 5211 MG.
725 5149 931 5228 'perquisita
949 5151 989 5225 V,
1006 5151 1075 5225 OA,
1093 5150 1161 5224 OC,
1180 5152 1236 5212 LA
1257 5151 1401 5229 (luerit).
1441 5150 1524 5228 ‘vel,
1544 5153 1613 5228 OA,
1632 5152 1698 5226 LA,
1718 5153 1792 5227 MC,
1810 5153 1878 5228 00,
1897 5152 1963 5212 OE.

375 5249 480 5325 ⁹0m.,
497 5251 566 5325 OB,
586 5251 663 5325 MA,
680 5251 756 5314 MB.
797 5250 915 5328 ²⁰Om.,
935 5253 1013 5328 MG,
1032 5252 1071 5313 Y.
1111 5250 1273 5329 ¹²babeat,
1294 5252 1371 5329 MG,
1391 5253 1432 5327 Y,
1451 5254 1525 5314 CM.
1566 5253 1685 5329 ²²Om.,
1705 5253 1774 5328 OA,
1794 5254 1863 5329 OB,
1884 5254 1964 5326 Μῦς

374 5356 505 5412 inveniri
520 5356 648 5430 poterit,
664 5353 745 5425 MA;
762 5356 929 5428 invenitur,
946 5353 1022 5414 MB.
1060 5350 1131 5414 ²‘et
1147 5374 1223 5433 quoe,
1239 5353 1309 5430 OA,
1326 5355 1393 5429 LA,
1410 5355 1478 5430 OC,
1496 5355 1569 5416 MC.
1609 5354 1695 5417 “est
1712 5359 1809 5436 igitur
1825 5359 1863 5431 si,
1881 5356 1964 5428 Μῦς

374 5457 472 5532 igitur
489 5457 526 5530 si,
542 5452 617 5530 CM,
634 5453 673 5514 Y.
712 5451 777 5488 ²⁸⁴⁸
789 5460 918 5516 mortem
935 5461 1099 5534 antequam
1116 5453 1219 5517 dotem
1236 5459 1367 5535 recipiat
1384 5457 1434 5516 vel
1452 5455 1565 5518 babeat
1582 5456 1630 5517 vel
1649 5461 1688 5530 ei,
1706 5456 1775 5531 OB,
1794 5457 1870 5531 MA,
1888 5457 1964 5518 MB.
