4432 6336
617 443 698 504 'DE
721 443 1025 516 ADQUIRENDO
1048 443 1205 504 RERUM
1229 441 1431 504 DOMINIO
1760 448 1832 514 126

241 596 418 695 gentium
432 594 542 671 nobis
559 594 828 694 adquiruntur.
846 593 956 669 Nihil
971 593 1074 671 enim
1090 603 1172 670 tam
1188 589 1443 669 conveniens⁶⁸
1460 600 1518 668 est
1534 591 1703 668 naturali
1720 589 1833 689 aequi·

240 716 315 793 tati
346 741 463 815 quam
492 713 722 791 desiderium
751 713 896 790 domini
925 712 1088 789 volentis
1119 713 1160 788 in
1190 712 1309 788 alium
1339 736 1421 788 rem
1452 735 1562 788 suam
1592 708 1834 788 transferre⁶⁹

243 835 272 910 f.
287 836 357 928 40]
413 832 567 909 ratam⁶⁰
584 832 726 909 haberi.
744 833 804 910 Bt
820 832 914 909 nihil
931 832 1091 908 interest
1109 857 1160 908 an
1176 831 1259 930 ipse
1276 830 1453 907 dominus
1471 855 1542 929 per
1560 856 1599 906 se
1616 829 1749 906 tradat
1766 828 1833 905 ali·

242 953 304 1028 cui
326 977 408 1028 rem
430 951 574 1040 datam,
598 978 648 1027 an
671 951 767 1028 alius
788 951 989 1028 voluntate
1011 949 1143 1047 ipsius,
1168 951 1266 1026 sicut
1288 974 1359 1048 per
1382 957 1673 1048 procuratorem
1696 947 1728 1024 si
1752 948 1834 1047 ipse

242 1093 409 1169 praesens
439 1094 519 1146 non
548 1070 679 1157 fuerit,
709 1068 770 1144 vel
801 1094 872 1168 per
902 1068 1082 1145 nuntium
1111 1093 1200 1145 eum
1228 1066 1367 1144 litteris
1397 1077 1529 1143 tamen
1560 1066 1834 1166 procuratoriis

243 1190 477 1290 patentibus,
496 1200 542 1266 ut
562 1214 682 1287 supra
701 1189 847 1264 dictum
868 1189 985 1266 estin
1005 1197 1129 1286 parte,
1149 1186 1432 1263 continentibus
1453 1185 1694 1263 voluntatem
1714 1186 1834 1284 ipsius

243 1306 451 1385 donatoris.
468 1308 527 1383 Et
543 1307 583 1382 in
599 1332 676 1405 quo
692 1332 783 1383 casu
799 1305 1067 1384 ostendantur1
1084 1306 1222 1382 litterae
1238 1315 1277 1382 et
1294 1315 1402 1381 carta
1418 1303 1478 1382 ut’
1495 1305 1568 1380 dici
1585 1304 1729 1404 poterit
1745 1305 1834 1381 talis

241 1426 376 1505 habuit
396 1427 510 1503 breve
530 1436 568 1503 et
587 1435 746 1514 cartam,
767 1426 977 1502 secundum
998 1425 1101 1524 quod
1122 1424 1290 1522 Anglice
1310 1425 1462 1513 dicitur,
1483 1424 1554 1502 He
1575 1424 1700 1501 hadde
1721 1423 1835 1500 botta

243 1545 330 1622 urit
353 1546 433 1622 ond
454 1545 615 1622 clame.
641 1545 699 1622 Et
722 1545 800 1622 sive
823 1545 893 1622 fiat
915 1544 1075 1621 traditio
1099 1569 1170 1643 per
1193 1545 1321 1643 ipsum
1344 1543 1541 1620 dominum
1565 1543 1626 1620 vel
1649 1569 1721 1644 per
1744 1569 1833 1643 pro·

243 1672 471 1754 curatorem,
490 1663 535 1740 si⁸
553 1664 613 1740 cui
631 1664 714 1739 fieri
734 1664 871 1740 debeat
888 1663 1046 1740 traditio
1065 1664 1113 1740 de
1132 1664 1260 1762 aliqua
1278 1664 1392 1740 domo
1410 1689 1481 1762 per
1500 1689 1539 1739 se
1558 1662 1618 1739 vel
1636 1664 1834 1761 mesuagio

243 1783 392 1860 ratione
417 1783 575 1861 alicuius
601 1783 726 1871 fundi,
752 1809 797 1859 eo
822 1783 950 1859 animo
974 1792 1020 1859 ut
1044 1783 1268 1860 donatarius
1292 1790 1422 1858 totum
1447 1783 1614 1858 fundum
1639 1783 1834 1881 possideat

243 1928 364 2000 usque
380 1903 430 1978 ad
444 1900 642 1980 terminos⁴
657 1928 746 1979 cum
762 1902 938 1979 omnibus
955 1901 1100 1978 iuribus
1116 1909 1156 1978 et
1173 1901 1414 2000 pertinentiis
1433 1902 1521 1989 suis,
1540 1911 1579 1978 et
1596 1901 1662 1976 ubi
1679 1925 1757 1977 non
1775 1911 1834 1978 est

243 2046 394 2098 necesse
411 2046 543 2099 omnes
560 2020 693 2120 glebas
710 2020 880 2110 euasura,
899 2046 969 2096 neo
986 2020 1127 2119 ubique
1145 2045 1214 2096 neo
1232 2020 1400 2118 undique
1419 2020 1557 2119 pedem
1576 2045 1730 2118 ponere,
1750 2021 1834 2096 fieri

244 2139 358 2217 debet
376 2140 535 2217 traditio
555 2165 626 2240 per
646 2139 788 2217 ostium
808 2148 847 2217 et
868 2138 952 2239 per⁸
972 2139 1135 2238 haspam
1154 2137 1229 2215 vel⁰
1251 2137 1335 2237 per⁷
1357 2137 1542 2227 anulum,⁸
1564 2147 1602 2214 et
1625 2138 1677 2215 sio
1699 2139 1772 2216 erit
1793 2139 1835 2214 in

244 2259 479 2358 possessione
492 2259 540 2335 de
552 2268 636 2336 toto
647 2284 696 2335 ex
708 2259 908 2336 voluntate
922 2268 960 2335 et
974 2265 1132 2357 aspectu
1145 2256 1198 2334 et⁹
1211 2256 1431 2357 possidendi
1444 2255 1629 2334 affectum
1646 2258 1689 2334 Si
1704 2265 1834 2334 autem

244 2376 394 2455 nullum
410 2377 460 2454 sit
475 2377 526 2453 ibi
541 2377 754 2466 edificium,
771 2376 866 2453 fiet¹²
883 2375 945 2454 ei²²
962 2376 1099 2452 seisina
1115 2377 1326 2453 secundum
1342 2378 1446 2476 quod
1463 2375 1677 2474 vulgariter
1693 2376 1836 2453 dicinrr

244 2522 315 2595 per
334 2497 485 2573 lustum
505 2505 545 2572 et
564 2521 636 2596 per
654 2495 845 2584 baculum,
866 2503 905 2571 et
925 2493 1064 2572 suffieit
1085 2495 1167 2571 sola
1188 2493 1324 2594 pedis¹⁸
1345 2494 1485 2594 positio
1505 2520 1595 2571 eum
1615 2495 1835 2594 possidendi

244 2615 390 2693 affectu
401 2641 451 2692 ex
463 2615 663 2692 voluntate
675 2614 885 2704 donatoris,
900 2615 1073 2713 quamvis
1088 2613 1220 2690 statim
1234 2613 1404 2713 expletia
1417 2639 1496 2690 non
1509 2614 1665 2712 ceperit.
1681 2614 1835 2691 Poterit

244 2733 346 2810 enim
366 2733 450 2833 quis
471 2733 609 2810 habere
629 2733 792 2810 liberum
813 2741 1076 2810 tenementum
1095 2758 1144 2808 ex
1165 2732 1383 2821 traditione,
1406 2732 1579 2831 quamvis
1602 2733 1734 2810 statim
1755 2759 1835 2810 non

242 2864 379 2931 utatur
395 2878 465 2929 nee
482 2852 652 2952 expletis
667 2850 911 2951 capiantur,¹⁴
929 2852 1019 2950 quia
1036 2877 1128 2928 usus
1147 2861 1185 2929 et
1204 2851 1374 2949 expletis
1389 2877 1469 2928 non
1485 2851 1653 2929 multum
1670 2878 1833 2951 operan-

242 2983 309 3051 tur
322 2975 373 3051 ad
385 2974 642 3051 donationem.
657 2974 802 3050 Valent
814 2983 947 3050 tamen
959 2971 1182 3049 multotiens
1198 2972 1247 3048 ad
1263 2973 1509 3071 possessionis
1525 2972 1832 3063 declarationem,

243 3105 283 3173 et
296 3095 369 3172 dici
383 3103 569 3194 poterrmt
581 3091 810 3170 vestimenta
824 3092 1076 3169 donationum
1090 3091 1189 3169 sicut
1202 3090 1371 3168 traditio.
1390 3091 1532 3191 Siquis
1548 3092 1832 3192 enimequum²⁸

244 3215 378 3290 emerit
392 3214 432 3287 in
445 3213 532 3312 ipsa
544 3211 752 3288 traditione
766 3236 857 3287 suus
871 3211 956 3299 erit,
971 3210 1060 3288 licet
1075 3210 1207 3287 statim
1222 3236 1267 3286 eo
1282 3235 1360 3286 non
1374 3219 1521 3301 utatur,
1537 3220 1576 3288 et
1591 3211 1715 3288 illud²⁸
1732 3213 1835 3289 idem

244 3337 317 3413 dici
346 3335 490 3434 poterit
516 3337 565 3410 de
590 3331 819 3410 vestimento
845 3341 885 3409 et
912 3331 1140 3408 huiusmodi.
1169 3333 1322 3408 Eodem
1349 3333 1464 3410 modo
1492 3333 1524 3410 si
1552 3334 1636 3432 quis
1665 3333 1833 3411 fundum

243 3456 389 3546 emerit,
406 3481 485 3532 non
502 3453 645 3554 poterit
663 3452 795 3530 statim
813 3478 924 3528 arare
941 3478 1010 3530 nec
1028 3453 1212 3544 excolere,
1230 3454 1322 3553 quia
1338 3454 1454 3530 boves
1474 3452 1603 3532 lorte²'
1622 3454 1834 3531 nonhabet

242 3600 366 3674 neque
389 3597 579 3662 caracam,
603 3596 673 3649 nec
697 3571 869 3671 aliquid²⁸
892 3597 969 3670 quo
993 3573 1052 3649 uti
1075 3572 1208 3672 possit,
1233 3572 1322 3649 vel¹⁹
1347 3573 1438 3672 quia
1460 3573 1541 3651 dies
1566 3573 1769 3663 feriatuS,¹⁰
1794 3585 1834 3652 et

244 3691 410 3770 sufficit²²
434 3691 524 3770 talis
550 3691 688 3768 saisina
713 3693 841 3790 quoad
866 3690 1030 3767 liberum
1056 3699 1330 3768 tenementum.
1362 3693 1467 3783 <Et
1494 3716 1583 3768 cum
1610 3692 1737 3770 animo
1763 3694 1833 3770 tali

242 3814 504 3891 transferatur
521 3813 666 3890 lundus
682 3822 728 3890 ut
744 3813 908 3889 donator
924 3821 1052 3889 totum
1067 3814 1280 3890 transierat
1298 3823 1338 3890 et
1354 3814 1579 3891 donatarius
1596 3823 1724 3892 totum
1740 3817 1832 3892 reci-

244 3935 339 4033 piat,
355 3960 435 4011 non
453 3933 590 4012 sufficit
608 3936 711 4033 quod
729 3933 953 4010 donatarius
971 3941 1108 4010 utatur
1124 3933 1165 4009 in
1183 3933 1312 4032 aliqua
1329 3944 1453 4033 parte,
1473 3935 1551 4012 sive
1570 3936 1610 4010 in
1629 3937 1834 4036 principali

244 4055 322 4132 sive
337 4057 378 4133 in
393 4055 647 4154 pertinentiis,
664 4055 736 4130 nisi
753 4054 918 4131 donator
933 4065 972 4132 et
989 4081 1120 4132 omnes
1139 4055 1196 4130 sui
1213 4055 1369 4132 omnino
1387 4082 1411 4131 a
1428 4057 1664 4155 possessione
1681 4068 1832 4146 exeant,

244 4177 334 4275 quia
350 4177 494 4253 utendo
511 4178 552 4254 in
569 4186 682 4276 parte
700 4202 771 4275 per
788 4203 828 4254 se
844 4176 906 4252 vel
923 4202 995 4276 per
1012 4201 1100 4254 suos
1117 4183 1246 4253 totum
1263 4177 1402 4254 retinet
1422 4177 1589 4255 fundum
1607 4203 1695 4254 cum
1715 4180 1832 4278 perti·

243 4295 395 4385 nentiis,
415 4295 589 4394 quamvis
610 4295 835 4372 donatarius
855 4295 896 4372 in
917 4295 1045 4394 aliqua
1065 4305 1178 4394 parte
1198 4305 1344 4386 utatur,
1368 4296 1445 4373 sive
1467 4296 1508 4372 in
1529 4296 1733 4397 principali
1755 4299 1834 4376 sive

243 4412 284 4489 in
304 4414 557 4514 pertinentiis,
578 4413 670 4513 quia
687 4440 759 4514 per
777 4414 896 4492 talem
915 4439 1028 4491 usum
1049 4414 1142 4490 nihil
1163 4416 1343 4514 adquirit.
1368 4415 1473 4493 sed²⁸
1495 4416 1526 4493 si
1547 4418 1617 4494 fiat
1638 4417 1833 4516 inquisitio

243 4531 291 4609 de
306 4531 419 4621 usu,²⁸
435 4541 474 4610 et
489 4533 708 4632 inquiratur
722 4534 827 4632 quod
842 4533 1007 4610 donator
1022 4533 1062 4609 in
1079 4534 1208 4633 aliqua
1223 4544 1337 4634 parte
1351 4561 1443 4612 usus
1460 4535 1509 4614 sit
1526 4561 1648 4636 usque
1666 4537 1715 4614 ad
1731 4563 1832 4616 mor-

245 4747 271 4783 ω
282 4754 508 4826 inconveniens,
522 4750 591 4825 OB,
606 4752 682 4826 MA,
695 4751 770 4812 ΜΒ.
806 4749 833 4785 ⁵⁰
843 4751 1021 4828 transferri,
1035 4751 1104 4827 OB,
1118 4753 1193 4814 ΜΒ.
1229 4751 1255 4787 ⁰⁰
1267 4761 1379 4830 ratum,
1392 4755 1461 4830 OB,
1476 4756 1551 4832 MA,
1567 4758 1643 4832 ΜΒ,
1658 4757 1724 4832 ΟΕ,
1739 4758 1779 4831 Y,
1794 4758 1832 4820 V.

327 4849 662 4927 ²ostenduutur,MG,
680 4852 753 4913 CM.
793 4851 954 4928 'et,MG,
972 4853 1045 4914 ΟΜ.
1085 4851 1175 4929 ⁸sod,
1194 4856 1271 4931 MG,
1290 4856 1362 4917 CM.
1403 4855 1601 4932 ‘terminum
1619 4858 1687 4920 OA
1728 4857 1833 4936 ⁶0m.,

244 4950 313 5028 OB,
334 4952 410 5026 MA,
432 4952 507 5013 ΜΒ.
550 4949 681 5028 ’·Ὀω.,
701 4953 770 5030 OA,
792 4955 857 5015 LA.
900 4951 1005 5030 ¹Om,
1026 4955 1094 5031 OC,
1116 4956 1189 5016 CM.
1233 4954 1285 4990 ”²⁰
1296 4977 1353 5034 per
1374 4956 1554 5035 possidendi
1576 4960 1733 5036 affectum,
1755 4961 1833 5038 MG,

245 5052 320 5129 ΟΜ,
336 5052 392 5116 OC
415 5052 492 5131 (et).
531 5052 635 5130 ¹²liat,
653 5054 693 5132 V,
712 5055 780 5131 OB,
798 5057 874 5130 MA,
894 5057 970 5133 ΜΒ,
987 5056 1028 5131 Y,
1046 5057 1120 5118 ΟΜ.
1160 5054 1252 5132 1²ib1,
1270 5057 1347 5132 MG,
1366 5059 1439 5120 CM.
1480 5058 1506 5094 ²⁸
1518 5059 1641 5137 pedum,
1661 5062 1739 5136 MG,
1758 5064 1832 5124 ΟΜ.

244 5152 633 5233 ²⁴capientur,MG,CM.
670 5155 788 5232 1⁸Om.,
803 5157 872 5232 OB,
887 5158 963 5233 MB,
981 5156 1037 5235 (4-
1050 5159 1145 5236 MA).
1183 5156 1210 5193 ¹⁸
1221 5157 1315 5234 istud,
1332 5159 1517 5234 LA,Y;id,
1535 5161 1610 5222 MG.
1648 5160 1674 5195 Π
1688 5162 1833 5238 fortasse,

244 5256 314 5334 OB,
333 5257 408 5331 ΜΒ,
428 5257 495 5332 CE,
511 5257 551 5319 Y.
592 5253 618 5290 ¹⁸
630 5256 725 5332 aliud,
744 5258 813 5333 OA,
832 5258 898 5333 LA,
917 5258 984 5332 ΟΟ,
1003 5259 1081 5335 MG,
1100 5261 1174 5335 CM,
1195 5260 1268 5320 MC.
1309 5257 1436 5321 ²⁰¹²²vel
1454 5260 1519 5323 dies
1541 5266 1582 5322 sit
1602 5263 1733 5326 feriatus
1753 5266 1834 5326 suffi-

244 5362 298 5434 eit,
323 5359 402 5435 MG,
428 5359 500 5420 ΟΜ.
549 5356 575 5390 ²⁰
588 5357 718 5420 feriatus
744 5367 801 5435 est,
828 5361 894 5433 LA,
922 5361 993 5422 MC.
1042 5359 1160 5435 ¹²Om.,
1185 5359 1253 5435 OC,
1280 5361 1357 5438 MG,
1384 5363 1457 5424 ΟΜ.
1505 5361 1627 5439 ²⁸casu,
1654 5367 1731 5445 MG,
1758 5369 1832 5428 ΟΜ.
