4392 6352
864 445 925 507 oa
948 445 1222 509 xorronmus
1767 456 1842 524 319

253 595 308 672 ita
329 594 622 692 extingueretur
642 621 758 694 poena
778 597 820 671 in
839 596 974 672 maiori
996 622 1068 695 pro
1091 605 1215 696 parte,
1238 597 1379 674 scilicet
1400 598 1503 695 quod
1526 623 1605 672 non
1625 598 1843 675 traheretur

252 713 349 789 neo²⁸
365 715 624 812 frangeretur,
641 715 745 813 quod
760 741 841 791 esse
856 740 934 791 non
949 716 1072 792 debet.
1092 715 1134 791 Si
1151 725 1280 792 autem
1297 717 1381 792 duae
1397 716 1458 792 vel
1474 715 1604 814 plures
1620 727 1843 815 competant

253 833 420 910 actiones
436 842 571 910 contra
586 859 718 922 unum,
736 860 900 933 quarum
915 861 995 910 una
1009 835 1213 910 criminalis
1230 836 1279 911 sit
1296 844 1334 911 et
1352 835 1474 911 altera
1490 835 1620 923 civilis,
1638 835 1843 912 criminalis

253 952 362 1050 prius
379 952 492 1029 debet
506 951 747 1028 terminari.²⁴
763 953 821 1029 Et
839 963 895 1029 est
913 953 1023 1042 ratio,
1043 952 1133 1052 quia
1149 953 1181 1030 si
1198 953 1282 1051 quis
1300 952 1520 1050 appellatus
1538 951 1622 1030 est²⁵
1641 954 1689 1029 de
1706 954 1786 1030 vita
1804 962 1843 1030 et

252 1070 444 1159 membris,
470 1071 655 1169 competit
680 1071 714 1146 ei
740 1073 915 1170 exceptio
941 1079 1075 1147 contra
1102 1071 1308 1171 quemlibet
1334 1080 1514 1169 agentem
1539 1071 1711 1161 civiliter,
1740 1073 1843 1170 quod

253 1188 473 1287 appellatus
491 1189 525 1264 ei
543 1190 776 1288 respondere
793 1215 872 1265 non
889 1198 1044 1267 tenetur
1061 1198 1268 1288 antequam
1289 1217 1328 1267 se
1347 1191 1565 1266 defenderit
1584 1191 1625 1265 in
1643 1191 1842 1279 criminali,

253 1335 322 1386 nec
341 1317 492 1385 mutare
513 1306 684 1408 poterit²⁸
705 1317 850 1385 statum
870 1334 983 1385 suum
1002 1307 1213 1407 quamdiu²⁷
1236 1308 1373 1385 dubius
1396 1309 1515 1386 fuerit
1536 1318 1660 1386 status
1681 1319 1844 1408 propter

252 1427 407 1503 crimen.
432 1427 474 1502 Si
497 1437 626 1522 autem
646 1436 782 1503 contra
802 1452 924 1503 unum
945 1428 1030 1502 duae
1050 1425 1304 1525 competunt²⁸
1326 1428 1494 1504 actiones
1516 1427 1656 1517 civiles,
1679 1454 1844 1526 quarum

252 1571 332 1632 una
348 1546 388 1620 in
406 1571 611 1644 personam
629 1556 668 1623 et
686 1545 761 1621 alia
779 1546 819 1621 in
837 1572 930 1634 rem,
949 1556 1114 1643 utraque
1132 1546 1245 1621 simul
1264 1545 1408 1644 poterit
1426 1546 1621 1634 intentari,
1641 1547 1733 1644 quia
1750 1573 1843 1623 neu·

251 1673 315 1742 tra
331 1665 446 1742 aliam
462 1665 564 1742 tollit
581 1664 642 1741 vel
659 1664 840 1752 excludit,
857 1691 906 1740 ex
923 1691 998 1763 quo
1016 1690 1096 1741 sese
1113 1665 1214 1741 inter
1230 1664 1383 1740 easdem
1401 1690 1585 1763 personas
1602 1666 1841 1764 compatiun-

252 1792 329 1872 tur,
344 1784 432 1860 acsi
447 1809 546 1860 unus
560 1783 644 1859 illas
659 1784 869 1860 intentaret
883 1808 1015 1859 versus
1029 1783 1171 1881 plures.
1190 1783 1233 1858 Si
1247 1791 1377 1859 autem
1390 1792 1555 1882 utraque
1571 1784 1690 1860 fuerit
1705 1784 1747 1859 in
1761 1809 1842 1859 rem

252 1911 292 1978 et
303 1911 468 2001 utraque
481 1926 598 2000 super
609 1901 858 2001 possessione,
872 1902 939 1977 illa
951 1927 1035 2000 quae
1049 1901 1166 1978 fuerit
1180 1926 1297 2000 super
1310 1901 1546 2000 possessione
1560 1903 1721 2000 propria
1734 1903 1842 2000 prius

251 2021 450 2099 terminari
470 2022 594 2109 debet,
614 2021 713 2097 sicut
731 2019 850 2096 assisa
868 2044 975 2096 novae
995 2018 1210 2108 dissemina,
1230 2019 1374 2118 quam²⁹
1394 2019 1461 2095 illa
1480 2044 1564 2119 quae
1585 2020 1706 2097 fuerit
1726 2046 1843 2119 super

252 2141 488 2239 possessione
505 2140 639 2229 aliena,
657 2140 755 2216 sicut
773 2139 890 2215 assisa
904 2139 1040 2214 mortis
1058 2138 1305 2214 antecessoris
1324 2136 1398 2214 de³⁰
1416 2146 1540 2215 morte
1558 2137 1716 2215 alicuius
1735 2146 1841 2215 ante·

251 2256 448 2334 cessoris.³¹
474 2257 516 2333 Si
539 2266 668 2334 autem
690 2257 822 2356 plures
845 2256 1028 2355 petierint
1049 2257 1226 2333 seisinam
1248 2257 1448 2355 propriam
1471 2283 1602 2334 versus
1626 2283 1748 2334 unum
1770 2284 1843 2357 per

252 2378 410 2454 assisam
423 2402 531 2454 novae
545 2375 760 2465 disseisinae,
774 2376 912 2453 ultima
926 2375 1064 2452 saisina
1078 2376 1186 2474 prius
1200 2376 1273 2452 erit
1287 2375 1542 2464 terminanda,
1559 2385 1599 2452 et
1614 2376 1667 2452 sic
1681 2376 1751 2454 fiat
1766 2374 1841 2452 de⁸²

251 2497 427 2595 pluribus
442 2496 545 2594 quod
559 2497 606 2572 de
621 2496 781 2573 duobus.
797 2495 856 2572 Et
869 2495 967 2570 illud
980 2495 1081 2571 idem
1096 2493 1194 2569 fiat⁸⁸
1209 2495 1257 2570 de
1271 2493 1417 2570 assisa⁸⁴
1431 2494 1565 2570 mortis
1582 2494 1840 2582 antecessoris,

252 2615 283 2690 si
301 2615 432 2714 plures
450 2623 588 2713 petant
604 2640 736 2691 versus
753 2639 874 2690 unum
892 2638 964 2712 per
982 2615 1150 2690 assisam.
1172 2612 1215 2688 Si
1234 2622 1364 2689 autem
1382 2613 1449 2688 uni
1468 2620 1691 2711 competant
1710 2613 1841 2712 plures

251 2735 419 2812 actiones
434 2734 561 2811 civiles
575 2759 708 2810 versus
722 2758 855 2820 unum,
871 2742 953 2809 tam
969 2757 1085 2830 super
1101 2731 1337 2830 possessione
1353 2731 1513 2829 propria
1529 2741 1568 2807 et
1585 2731 1709 2807 aliena
1725 2757 1841 2829 quam

250 2879 368 2953 super
386 2852 626 2952 proprietate
643 2859 779 2951 petens
796 2850 912 2927 habet
930 2849 1152 2927 electionem
1171 2875 1288 2948 quam
1307 2850 1433 2947 primo
1453 2849 1617 2926 voluerit
1636 2850 1839 2937 intentare,

251 2981 290 3048 et
309 2997 389 3048 una
409 2971 530 3048 electa
549 2972 599 3047 ad
620 2970 713 3046 alias
734 2995 951 3067 regressum
972 2995 1050 3044 non
1070 2968 1225 3045 habebit
1246 2969 1439 3066 pendente
1459 2966 1536 3056 illa,
1560 2969 1591 3044 si
1613 2968 1840 3067 processerit

251 3093 460 3168 secundum
473 3091 646 3166 ordinem
660 3089 864 3165 actionum.
879 3088 937 3165 Et
951 3088 982 3163 si
996 3085 1156 3164 ordine⁸⁸
1170 3111 1248 3162 non
1262 3095 1414 3163 servato
1428 3087 1666 3186 processerit,
1682 3087 1732 3162 ad
1747 3086 1840 3162 alias

250 3211 498 3311 postmodum
517 3233 733 3306 regressum
752 3232 830 3283 non
847 3205 1013 3283 habebit.
1033 3207 1091 3283 Et
1109 3205 1212 3282 unde
1231 3205 1261 3280 si
1280 3206 1411 3303 plures
1430 3213 1653 3303 competant
1672 3205 1839 3281 actiones

252 3329 434 3405 adversus
461 3352 594 3415 unum,
622 3325 720 3402 sicut
746 3325 866 3402 assisa
892 3350 1000 3400 novae
1028 3324 1231 3400 disseisinae
1259 3324 1306 3399 de
1335 3323 1571 3421 possessione
1601 3323 1771 3421 propria,
1800 3333 1840 3400 et

249 3445 396 3525 assisa⁸⁸
419 3445 493 3522 de⁸²
518 3445 655 3522 seisina
679 3443 938 3532 antecessoris,
963 3451 1002 3519 et
1025 3442 1139 3518 breve
1164 3443 1211 3519 de
1235 3443 1422 3540 ingressu,
1447 3451 1486 3520 et
1511 3441 1625 3518 breve
1651 3443 1697 3518 de
1722 3451 1839 3530 recto,

250 3566 375 3666 primo
392 3565 424 3642 si
439 3565 531 3641 velit
547 3563 721 3640 ordinem
736 3588 898 3650 servare,
915 3559 1046 3660 quod⁸⁸
1063 3587 1143 3638 una
1158 3562 1366 3638 terminata
1383 3560 1504 3660 possit
1522 3562 1572 3637 ad
1590 3561 1683 3638 alias
1699 3561 1839 3638 habere

249 3708 478 3782 regressum,
502 3679 628 3781 primo
652 3678 770 3778 eligat
795 3678 1010 3756 actionem⁸⁹
1035 3704 1152 3777 super
1176 3681 1424 3779 possessione,
1448 3690 1487 3757 et
1511 3679 1617 3755 illam
1641 3679 1767 3778 primo
1792 3679 1839 3755 de

250 3804 388 3880 seisina
408 3803 579 3903 propria,
602 3812 640 3879 et
663 3810 798 3901 postea
820 3802 866 3877 de
890 3800 1027 3877 seisina
1048 3800 1183 3888 aliena,
1207 3808 1246 3876 et
1267 3809 1361 3877 tunc
1384 3801 1538 3876 demum
1562 3808 1655 3897 agat
1678 3801 1726 3876 de
1749 3825 1838 3899 pro-

248 3925 425 4024 prietate,
442 3933 481 4000 et
497 3924 622 4023 primo
638 3922 757 4021 eligat
774 3921 962 3997 actionem
978 3922 1026 3997 de
1044 3922 1230 4018 ingressu,
1247 3929 1286 3997 et
1303 3929 1438 4018 postea
1456 3945 1573 4018 super
1589 3921 1674 4018 ipso
1691 3919 1837 3996 recto.⁴⁰

250 4043 356 4132 Quia
381 4043 412 4120 si
437 4042 564 4141 primo
592 4041 750 4140 elegerit
778 4041 920 4138 agere⁴²
948 4066 1066 4140 super
1093 4041 1177 4139 ipso
1205 4050 1321 4128 recto,
1351 4065 1562 4138 numquam
1590 4040 1838 4138 postmodum

247 4190 466 4262 regressum
477 4163 631 4240 habebit
646 4164 695 4239 ad
708 4163 920 4250 inferiores,
934 4163 1007 4239 nisi
1021 4163 1077 4239 ita
1090 4162 1139 4239 sit
1152 4163 1256 4261 quod
1271 4161 1477 4259 aliquando
1492 4186 1563 4259 per
1577 4161 1838 4236 narrationem

246 4292 422 4360 vertatur
436 4285 550 4360 breve
565 4282 639 4360 de⁴²
655 4293 759 4360 recto
773 4284 814 4359 in
828 4284 943 4359 breve
959 4284 1006 4360 de
1021 4283 1208 4380 ingressu.
1225 4281 1331 4370 Quia
1345 4280 1518 4379 quamvis
1534 4289 1665 4357 teneat
1681 4281 1776 4356 ordo
1791 4288 1836 4356 ut

248 4401 277 4476 f.
294 4404 387 4495 lla]
442 4402 669 4501 pradictum
687 4412 744 4479 est
762 4403 811 4478 de
828 4403 977 4479 actione
994 4402 1035 4476 in
1052 4403 1241 4479 actionem
1260 4401 1498 4478 ascendendo
1514 4427 1636 4499 usque
1655 4402 1705 4477 ad
1723 4400 1837 4476 breve

247 4523 295 4598 de
313 4532 429 4612 recto,
448 4547 660 4622 numquam
677 4523 824 4600 tenebit
842 4524 937 4599 ordo
957 4522 1220 4600 descendendo
1239 4549 1264 4598 a
1283 4522 1479 4620 superiore
1499 4521 1648 4599 actione
1669 4521 1719 4597 ad
1738 4522 1836 4596 infe·

246 4666 398 4718 norem.

246 4858 273 4894 ¹⁸
285 4860 366 4939 quod
381 4883 452 4937 non,
468 4861 537 4937 OB,
552 4863 629 4937 MA,
644 4863 720 4938 MB,
736 4863 791 4923 ΟΕ
811 4863 870 4940 (-
880 4860 992 4940 quod),
1009 4863 1038 4922 Y
1057 4861 1105 4938 (et
1121 4862 1202 4939 quod
1218 4859 1310 4937 non).
1348 4858 1375 4893 ²⁴
1386 4860 1594 4933 determinari,
1611 4858 1688 4933 MG,
1705 4858 1779 4932 CM,
1796 4859 1834 4918 Y.

246 4957 272 4994 ²⁵
286 4960 392 5035 fuerit,
413 4962 489 5036 MG,
510 4963 582 5022 CM.
626 4961 651 4995 ²⁰
663 4965 773 5040 possit,
792 4964 859 5038 LA,
880 4962 952 5022 MC.
995 4960 1134 5039 ²⁷quam,
1156 4962 1234 5037 MG,
1256 4962 1329 5023 CM.
1371 4959 1399 4995 '⁸
1409 4967 1596 5039 competant,
1618 4961 1656 5035 V,
1679 4960 1745 5035 LA,
1766 4960 1835 5034 OB,

246 5059 319 5120 MC.
355 5059 383 5095 ²⁹
394 5060 486 5139 quod,
500 5061 539 5137 V,
555 5063 620 5124 LA.
658 5061 723 5097 ³⁰⁴¹
735 5062 815 5136 Om.‚
831 5062 908 5136 MG,
923 5064 997 5124 CM.
1034 5060 1191 5136 ⁸²·⁸⁸Om.,
1208 5063 1285 5138 MG,
1302 5063 1375 5123 CM.
1414 5060 1654 5136 ⁸⁴aasisia,OA,
1671 5062 1738 5136 LA,
1755 5060 1834 5133 MC;

245 5180 317 5235 aaa,
339 5161 432 5222 MSS.
453 5181 518 5222 var.
560 5159 587 5195 ⁸⁸
599 5162 638 5224 de
658 5161 776 5237 ordine,
797 5164 875 5239 MG,
896 5163 969 5222 CM.
1012 5161 1149 5224 ⁸⁰'⁸⁷ass.
1171 5167 1279 5224 mortis
1300 5167 1503 5224 antecessoris
1525 5161 1574 5236 de,
1597 5162 1669 5235 CE;
1696 5163 1772 5240 (ass.
1796 5161 1835 5222 de

245 5264 353 5322 mortis
367 5268 431 5321 ant.
445 5268 487 5336 et,
501 5261 578 5338 MG,
592 5262 685 5340 CM).
721 5261 748 5296 ⁸⁸
759 5267 841 5341 quia,
856 5264 922 5339 CB,
937 5263 1015 5338 MG,
1029 5263 1104 5338 CM,
1119 5263 1191 5325 MC.
1227 5261 1254 5297 ⁸⁹
1265 5267 1412 5337 actiones,
1427 5264 1466 5340 V,
1481 5264 1548 5326 OA.
1584 5262 1742 5340 ⁴⁰¹⁴²Om.,
1757 5262 1835 5339 MG,

247 5359 320 5422 CM.
359 5359 384 5394 ⁴¹
397 5362 478 5436 Om,
493 5361 561 5434 OB,
579 5362 654 5435 MA,
671 5364 747 5438 ΜΒ,
763 5363 831 5439 CE,
847 5364 886 5426 Y.
