4392 6352
382 493 457 562 816
915 485 1139 547 BRACTON:
1161 485 1222 545 DE
1246 484 1438 547 LEGIBUS

384 635 414 712 f.
431 635 549 728 lllb]
605 633 816 713 iustitiariis
835 635 976 712 nostris
993 636 1100 735 apud
1117 635 1510 712 Westmonasterium
1527 635 1629 712 inter
1647 635 1755 725 tales,
1774 637 1826 712 ad
1845 661 1975 733 recog·

384 754 619 830 noscendum
632 754 717 852 quis
731 755 939 831 advocatus
954 762 1131 843 etcetera,
1146 764 1185 831 et
1200 753 1252 830 sic
1265 764 1393 831 totum
1406 755 1605 852 originale.
1620 755 1679 830 Et
1694 754 1779 830 ideo
1793 755 1864 830 tibi
1879 779 1975 853 prae·

384 875 546 974 cipimus
559 873 662 972 quod
676 873 881 971 diligenter
894 873 1063 972 inquiras
1077 874 1142 972 qui
1156 873 1317 950 fuerunt
1330 873 1588 970 recognitores
1602 873 1772 950 eiusdem
1786 874 1922 962 assisae,
1936 883 1976 950 et

384 993 469 1068 illos
488 992 568 1068 sine
585 993 689 1068 omni
708 992 891 1068 dilatione
908 992 1037 1069 venire
1056 992 1176 1069 facias
1194 1017 1324 1068 coram
1342 992 1554 1069 iustitiariis
1573 992 1713 1069 nostris
1733 991 1839 1090 apud
1858 992 1976 1068 talem

384 1110 511 1187 locum
525 1110 595 1186 tali
612 1111 672 1187 die
688 1111 738 1187 ad
754 1111 971 1187 faciendam
987 1111 1287 1208 recognitionem
1304 1111 1404 1187 illius
1421 1110 1558 1200 assisa,
1576 1111 1674 1188 sicut
1690 1110 1820 1188 venire
1838 1110 1975 1187 debue-

385 1241 479 1306 runt
504 1255 633 1306 coram
657 1229 870 1306 iustitiariis
896 1230 1037 1306 nostris
1064 1230 1171 1327 apud
1196 1229 1586 1306 Westmonasterium
1612 1229 1682 1306 tali
1710 1229 1771 1305 die
1797 1230 1848 1305 ad
1874 1229 1976 1306 idem

386 1349 607 1425 faciendum
626 1347 867 1424 constitutos.
891 1346 997 1424 Scire
1018 1347 1134 1424 etiam
1156 1347 1275 1424 facias
1296 1347 1479 1446 praedicto
1500 1349 1550 1424 B.
1571 1358 1610 1425 et
1633 1348 1685 1424 sic
1706 1348 1884 1447 deinceps
1906 1373 1977 1446 per

385 1467 515 1542 omnia
527 1465 624 1543 sicut
637 1466 678 1541 in
691 1466 797 1541 brevi
807 1464 1036 1563 praecedenti
1047 1490 1167 1564 usque
1177 1465 1462 1552 adclausulum,
1474 1466 1526 1541 In
1535 1465 1641 1542 cuius
1651 1465 1706 1542 rei
1715 1467 1977 1543 testimonium

386 1595 563 1663 etcetera.
579 1587 637 1663 Et
651 1587 790 1663 habeas
803 1594 981 1662 etcetera.
998 1587 1116 1661 Teste
1130 1593 1307 1661 etcetera.
1325 1585 1426 1661 Cum
1441 1591 1571 1660 autem
1586 1585 1704 1662 assisa
1719 1585 1854 1662 mortis
1871 1595 1976 1662 ante·

386 1706 543 1782 cessoris
567 1704 695 1804 posita
719 1703 838 1780 fuerit
863 1703 1069 1801 aliquando
1094 1727 1222 1778 coram
1247 1703 1388 1780 talibus
1413 1703 1624 1780 iustitiariis
1649 1704 1690 1778 in
1713 1705 1911 1791 comitatu,
1938 1711 1977 1779 et

386 1833 476 1922 post
494 1823 682 1900 defaltum
699 1822 761 1898 vel
778 1822 970 1900 essonium
987 1821 1047 1897 vel
1066 1821 1166 1898 diem
1185 1822 1319 1898 datum
1338 1821 1398 1898 vel
1416 1830 1633 1898 warantum
1652 1832 1832 1899 vocatum
1850 1823 1978 1922 posita

387 1941 507 2019 fuerit
520 1966 651 2018 coram
665 1939 877 2017 iustitiariis
892 1940 1172 2027 itinerantibus,
1188 1949 1228 2016 et
1243 1939 1369 2038 primo
1385 1939 1447 2015 die
1461 1964 1541 2016 non
1557 1941 1704 2017 venerit
1719 1949 1866 2030 tenens,
1883 1950 1977 2018 tunc

387 2068 676 2137 summoneatur
688 2059 792 2157 quod
805 2058 854 2135 sit
867 2083 996 2133 coram
1010 2059 1151 2135 talibus
1165 2058 1376 2135 iustitiariis
1391 2057 1658 2135 itinerantibus
1673 2085 1744 2158 per
1757 2059 1837 2135 tale
1851 2058 1976 2134 breve.

486 2181 534 2258 Si
547 2181 666 2258 cansa
679 2179 940 2275 transferatur
953 2207 977 2257 c
990 2189 1159 2280 quatuor
1171 2180 1383 2259 iustitiariia
1397 2206 1518 2280 usque
1533 2182 1585 2259 ud
1597 2183 1673 2259 iter
1685 2182 1978 2259 iustitinriorurn

488 2307 600 2376 eutro
614 2299 839 2375 comitatum
855 2323 942 2375 cunt
956 2298 997 2375 in
1011 2297 1196 2376 comitatu
1210 2300 1367 2397 incepta
1379 2298 1512 2394 fuerit.

387 2421 483 2496 Rex
506 2419 717 2497 vicecomiti
740 2421 915 2498 salutem.
942 2421 1152 2498 Summone
1176 2421 1389 2520 perbonos
1415 2423 1707 2500 summonitores
1733 2431 1900 2499 etcetera
1924 2423 1977 2498 A

387 2542 492 2640 quod
508 2542 557 2618 sit
574 2566 704 2618 coram
720 2541 862 2620 talibus
880 2542 1092 2620 iustitiariis
1109 2544 1249 2621 nostris
1268 2544 1548 2631 itinerantibus,
1568 2544 1618 2620 ad
1637 2544 1869 2620 audiendam
1888 2542 1977 2620 assi·

388 2690 470 2740 sam
488 2664 621 2741 mortis
641 2664 888 2741 antecessoris
907 2690 1023 2763 quam
1042 2665 1090 2740 B.
1111 2665 1275 2740 incuria
1293 2673 1438 2752 nostra,
1457 2690 1587 2741 coram
1605 2665 1746 2741 talibus
1766 2665 1979 2741 iustitiariis

388 2785 556 2860 nostris¹⁷
570 2786 620 2861 ad
632 2786 704 2861 boc
716 2785 947 2875 constitutis,
962 2785 1173 2862 arramavit
1186 2812 1317 2862 versus
1334 2787 1498 2862 eundem
1511 2787 1564 2861 A.
1582 2787 1629 2862 de
1644 2794 1756 2863 tanta
1770 2796 1877 2862 terra
1892 2811 1979 2862 cum

388 2905 630 3003 pertinentiis
644 2906 685 2983 in
697 2906 768 2982 tali
782 2906 884 2996 villa,
900 2907 957 2984 ita
969 2908 1074 3005 quod
1088 2908 1207 2984 assisa
1220 2907 1289 2982 illa
1301 2917 1395 2983 tunc
1410 2908 1596 3007 procedat
1610 2907 1651 2983 in
1667 2908 1801 2983 eodem
1816 2916 1922 2984 statu
1939 2907 1979 2982 in

389 3055 464 3128 quo
479 3028 556 3104 fuit
570 3029 677 3127 apud
690 3028 808 3105 talem
821 3028 959 3117 locum,
975 3036 1014 3104 et
1029 3029 1184 3126 quando
1199 3028 1327 3127 posita
1342 3028 1418 3104 luit
1433 3053 1563 3103 coram
1577 3029 1751 3127 praefatis
1767 3028 1978 3104 iustitiariis

388 3148 667 3225 itinerantibus.
683 3149 741 3225 Et
753 3149 883 3225 venire
898 3149 1017 3224 facias
1031 3174 1160 3224 coram
1173 3149 1315 3224 eisdem
1329 3149 1540 3225 iustitiariis
1555 3149 1696 3230 nostris
1710 3149 1979 3226 itinerantibus

389 3271 496 3368 apud
517 3269 744 3368 pradictum
764 3268 903 3358 locum,
926 3270 971 3345 C.
993 3271 1048 3345 D.
1071 3269 1122 3344 E.
1145 3270 1403 3366 recognitores
1426 3270 1595 3346 eiusdem
1618 3269 1743 3346 assisae
1766 3271 1815 3346 ad
1838 3269 1979 3369 praefa·

389 3398 474 3466 tum
490 3390 709 3478 terminum,
727 3391 778 3466 ad
795 3389 1012 3466 faciendam
1030 3387 1187 3466 assisam
1205 3389 1321 3466 illam.
1341 3391 1400 3467 Et
1417 3391 1557 3467 babeas
1576 3387 1655 3465 ibi¹⁸
1673 3390 1830 3466 nomina
1848 3415 1979 3488 recog·

388 3510 559 3587 nitorum
576 3519 615 3588 et
632 3509 704 3586 hoc
722 3509 846 3586 breve.
868 3509 1013 3586 Teste²⁹
1032 3519 1209 3588 etcetera.
1231 3510 1275 3588 Si
1291 3536 1383 3587 vero
1402 3510 1583 3588 constitui
1603 3511 1768 3589 debeant
1787 3511 1980 3588 iustitiarii

391 3634 440 3709 ed
466 3633 634 3731 aliquam
657 3631 941 3731 inquisitionem
966 3631 1195 3720 faciendam,
1221 3632 1282 3709 vel
1307 3632 1356 3708 de
1381 3632 1687 3710 contentionibus
1714 3633 1853 3710 habitis
1879 3634 1981 3710 inter

391 3753 537 3851 aliquos
554 3753 602 3828 de
617 3752 870 3841 libertatibus,
886 3751 948 3828 vel
964 3753 1011 3828 de
1028 3752 1178 3829 roberia
1194 3752 1255 3828 vel
1272 3753 1319 3828 de
1338 3753 1432 3841 aliis,
1450 3753 1548 3830 sicut
1565 3754 1613 3829 de
1629 3754 1777 3829 iniuriis
1794 3764 1833 3831 et
1851 3754 1980 3830 huius·

389 3873 505 3961 modi,
521 3873 551 3948 si
566 3874 643 3949 duo
657 3873 942 3950 constituantur
955 3873 1015 3950 vel
1030 3873 1173 3972 plures,
1189 3874 1259 3949 fiat
1273 3874 1432 3971 singulis
1447 3873 1608 3951 eorum²⁰
1624 3875 1737 3951 breve
1752 3876 1925 3951 clausum
1940 3876 1981 3950 in

389 3992 460 4068 hac
477 3993 614 4068 forma.

490 4115 618 4193 Breve
631 4115 680 4192 de
693 4115 960 4193 conutituendo
972 4115 1197 4193 iustitiarios
1210 4116 1261 4191 ud
1273 4116 1537 4214 inquisitiones
1549 4116 1747 4211 faciendus
1761 4143 1880 4217 super
1893 4143 1981 4194 con·

491 4232 726 4311 tentionibus
743 4234 794 4311 ud
811 4233 1016 4333 querelans.

391 4355 488 4432 Rsx
507 4355 646 4432 dilecto
665 4364 705 4432 et
724 4357 829 4432 fideli
849 4383 918 4434 suo
939 4358 992 4432 A.
1014 4355 1188 4433 salutem.
1214 4356 1352 4433 Sciatis
1373 4358 1477 4455 quod
1497 4357 1763 4434 constituimus
1785 4384 1852 4435 vos
1873 4359 1981 4436 iusti·

390 4478 547 4554 tiarium
562 4486 739 4553 nostrum
757 4477 870 4552 simul
887 4502 975 4552 cum
992 4478 1041 4552 B.
1060 4478 1111 4553 ad
1129 4476 1323 4575 quandam
1341 4477 1625 4575 inquisitionem
1645 4479 1862 4556 faciendam
1881 4480 1983 4556 inter

393 4598 438 4674 C.
457 4605 680 4694 querentem
698 4607 737 4674 et
754 4598 808 4672 D.
828 4622 945 4695 super
961 4595 1267 4674 contentionibus
1285 4598 1387 4674 inter
1406 4623 1470 4673 eos
1488 4600 1581 4674 ortis
1601 4600 1648 4675 de
1666 4600 1808 4677 talibus
1827 4600 1981 4678 liberta·

391 4721 506 4808 tibus,
532 4729 571 4796 et
595 4719 644 4795 de
668 4717 981 4817 occupationibus
1007 4719 1222 4807 feodorum,
1247 4729 1286 4795 et
1313 4719 1361 4794 de
1386 4719 1687 4819 quibuscumque
1713 4721 1795 4797 aliis
1821 4722 1981 4811 iniuriis

391 4840 552 4930 roberia,
570 4840 790 4916 verberibus
808 4849 847 4916 et
864 4838 990 4938 plagis
1008 4846 1048 4915 et
1064 4838 1292 4928 huiusmodi,
1311 4840 1358 4916 de
1376 4840 1513 4937 quibus
1532 4842 1726 4917 contentio
1745 4843 1865 4918 fuerit
1881 4845 1983 4920 inter

392 4989 467 5052 eos,
486 4964 694 5040 secrmdum
711 4962 879 5037 formam
893 4959 1111 5036 litterarum
1127 4968 1348 5035 nostrarum
1366 4986 1461 5058 quas
1478 4961 1567 5037 inde
1583 4963 1754 5038 misimus
1773 4964 1983 5041 vicecomiti

392 5093 526 5161 nostro
549 5083 630 5159 tali.
655 5083 713 5159 Et
737 5081 824 5157 ideo
847 5080 953 5157 vobis
977 5081 1217 5169 mandamus,
1243 5090 1425 5178 rogantes
1452 5092 1640 5180 quatenus
1667 5083 1717 5159 ad
1742 5084 1843 5160 diem
1869 5111 1983 5184 quem

392 5302 418 5339 ²⁷
431 5305 511 5376 Om.,
524 5301 592 5376 ΟΛ,
605 5302 672 5375 LA,
686 5300 753 5376 OC,
767 5299 845 5373 MG,
859 5302 899 5374 Y,
913 5301 985 5361 CM.
1023 5298 1049 5332 ²⁸
1061 5299 1142 5374 Om.,
1155 5298 1225 5374 OB,
1240 5299 1316 5373 ΜΒ,
1331 5302 1371 5374 Y,
1386 5300 1451 5361 ΟΕ.
1487 5299 1605 5377 1”Om.,
1621 5303 1687 5379 LA,
1702 5304 1764 5363 CM
1773 5327 1781 5375 ;
1801 5304 1910 5382 (breve
1924 5314 1981 5366 etc.

392 5409 472 5464 terte
487 5410 557 5475 etc,
573 5401 666 5463 MSS.
683 5399 779 5477 van).
818 5397 844 5432 ²⁰
856 5401 936 5474 Om.,
953 5399 1021 5472 OB,
1039 5399 1114 5474 MA,
1131 5401 1207 5475 ΜΒ,
1225 5399 1291 5474 cE,
1308 5402 1347 5462 Y.
