4394 6342
828 1349 923 1446 DE
964 1350 1183 1448 REBUS

309 1603 376 1681 De
390 1601 504 1680 rebus
519 1613 558 1681 et
572 1629 701 1681 rerunt
716 1605 918 1682 diniaone:
932 1607 1059 1706 ptimo
1073 1607 1219 1686 divisio

284 1730 548 1810 UPERIUS
568 1732 713 1809 dictum
730 1742 788 1810 est
805 1733 853 1810 de
871 1734 1044 1832 personis
1062 1743 1101 1811 et
1120 1743 1225 1811 statu
1242 1734 1440 1811 hominum
1458 1745 1498 1812 et
1516 1735 1598 1812 iure
1617 1760 1798 1835 persona·

295 1876 395 1941 rum,
417 1860 693 1950 consequenter
714 1851 919 1929 dicendum
941 1853 997 1929 eri
1016 1852 1041 1887 ⁸⁷
1066 1855 1113 1930 de
1136 1854 1249 1931 rebus
1272 1880 1343 1952 per
1366 1853 1600 1943 divisionem,
1624 1854 1715 1954 quia
1737 1881 1798 1931 res

209 1997 280 2071 per
306 1970 529 2048 divisionem
552 1972 688 2048 melius
715 1973 954 2070 aperiuntur.
981 1974 1130 2050 Rerum
1156 1981 1287 2050 autem
1312 1974 1439 2073 prima
1465 1973 1599 2050 divisio
1624 1973 1703 2049 haec
1729 1982 1799 2061 est,

210 2092 314 2189 quod
336 2117 465 2168 rerum
488 2092 663 2190 quaedam
686 2101 777 2168 sunt
801 2092 841 2168 in
864 2091 1097 2191 patrimonio
1121 2102 1266 2182 nostro,
1290 2103 1329 2171 et
1354 2095 1528 2192 quaedarn
1552 2103 1675 2171 extra.
1701 2095 1800 2185 Quae

210 2220 300 2288 sunt
314 2211 355 2287 in
370 2211 603 2311 patrimonio
619 2211 711 2289 satis
726 2211 876 2311 patebit
891 2211 1063 2288 inferius.
1081 2213 1212 2288 Extra
1227 2213 1504 2312 patrimonium
1521 2222 1651 2291 autem
1668 2215 1798 2291 dicun·

209 2339 348 2407 turres
362 2355 478 2406 sacrae
490 2340 529 2408 et
542 2355 774 2408 communes.
790 2331 979 2420 Quadam
994 2357 1085 2408 vero
1099 2356 1168 2408 nec
1183 2341 1273 2409 sunt
1288 2331 1329 2408 in
1343 2332 1576 2431 patrimonio
1591 2357 1661 2410 nec
1676 2343 1798 2423 extra,

210 2449 308 2527 sicut
324 2451 410 2527 iura
427 2458 467 2526 et
484 2451 697 2540 servitutes,
716 2451 973 2540 ususfructus,
992 2450 1093 2528 iter⁸⁸
1112 2460 1151 2528 et
1170 2459 1289 2541 actus,
1308 2450 1398 2527 via⁸⁹
1417 2461 1456 2530 et
1475 2478 1583 2551 aquae
1602 2454 1741 2531 ductus
1760 2462 1800 2529 et

208 2569 436 2646 huiusmodi.
456 2571 515 2646 Et
533 2570 618 2646 ideo
636 2596 716 2646 non
735 2571 916 2647 dicuntur
935 2571 1137 2648 servitutes
1157 2597 1237 2647 esse
1257 2571 1297 2647 in
1316 2572 1437 2661 bonis,
1458 2573 1547 2671 quia
1568 2598 1639 2672 per
1659 2597 1698 2648 se
1719 2572 1799 2650 sine

209 2689 334 2765 fundo
354 2689 513 2765 alienari
531 2714 610 2765 non
629 2697 803 2788 possunt.
826 2691 929 2767 Item
950 2689 1149 2788 praediales
1171 2691 1372 2768 servitutes
1393 2717 1464 2791 per
1486 2717 1526 2768 se
1546 2717 1626 2777 non
1644 2715 1798 2768 censen·

208 2815 286 2898 tur,
303 2818 343 2885 et
357 2809 443 2885 ideo
458 2808 639 2886 videntur
655 2835 733 2885 non
749 2836 842 2898 esse,
858 2811 918 2886 vel
936 2809 1113 2887 extinctae
1129 2835 1222 2899 esse,
1240 2812 1271 2887 si
1288 2821 1516 2886 censeantur
1533 2837 1603 2909 per
1621 2837 1672 2887 se.
1693 2812 1799 2887 Nam

209 2937 247 3005 et
263 2929 414 3004 manica
428 2929 580 3005 videtur
596 2928 778 3017 extincta,
794 2954 882 3005 cum
899 2928 1005 3004 non⁴⁰
1022 2928 1194 3006 accedit⁴²
1212 2930 1451 3018 vestimento,
1469 2939 1507 3007 et
1524 2930 1679 3028 tignum
1695 2928 1798 3005 vide-

208 3056 275 3125 tur
298 3073 377 3124 non
401 3047 587 3147 possideri
611 3047 726 3124 cum⁴²
751 3047 923 3125 accedit⁴⁸
949 3049 1117 3125 aedificio.
1146 3049 1225 3126 Sed
1250 3059 1380 3127 tamen
1406 3075 1485 3126 non
1511 3051 1692 3127 dicuntur
1716 3051 1798 3127 istae

209 3169 411 3245 servitutes
425 3194 505 3245 esse
518 3177 630 3244 extra
643 3168 755 3257 bona,
769 3193 857 3245 cum
870 3169 1109 3267 possidentes
1123 3169 1399 3267 exceptionem,
1413 3178 1453 3246 et
1467 3196 1546 3246 non
1557 3170 1798 3270 possidentes

208 3287 376 3364 habeant
392 3287 590 3365 actionem.

309 3406 461 3484 Diuisio
477 3407 655 3484 seeundo.

210 3527 289 3602 Frr
305 3525 372 3603 et⁴⁴
388 3527 463 3602 alia
479 3537 518 3603 et
535 3527 701 3602 secunda
718 3525 851 3602 divisio
867 3551 1008 3615 rerum,
1026 3526 1116 3625 quia
1134 3526 1215 3602 aliae
1233 3536 1324 3604 sunt
1341 3527 1558 3627 corporales
1577 3530 1658 3605 aliae
1676 3530 1798 3606 incor-

209 3646 372 3744 porales.
389 3646 622 3746 Corporales
639 3672 729 3723 vero
747 3671 830 3745 quae
845 3646 955 3744 tangi
972 3655 1146 3745 possunt,
1164 3648 1261 3724 sicut
1277 3657 1394 3736 terra,
1412 3649 1570 3737 fundus,
1587 3675 1648 3727 res
1665 3649 1798 3726 immo·

209 3765 302 3842 biles
321 3767 380 3842 vel
399 3793 459 3843 res
477 3766 646 3855 mobiles,
666 3791 750 3865 quae
769 3792 808 3842 se
827 3792 980 3842 movere
1000 3776 1174 3865 possunt,
1195 3767 1292 3843 sicut
1313 3767 1492 3844 animalia
1511 3778 1550 3854 et
1570 3768 1797 3858 huiusmodi,

210 3887 269 3962 vel
286 3885 440 3962 moveri.
461 3886 837 3984 Incorporalesvero
854 3894 944 3962 sunt
962 3886 1061 3962 sicut
1077 3895 1168 3962 sunt
1185 3886 1282 3974 iura,
1300 3911 1383 3985 quae
1401 3887 1521 3962 videri
1539 3911 1617 3961 non
1636 3896 1799 3985 possunt

209 4031 332 4105 neque
351 4005 473 4104 tangi,
493 4014 538 4082 ut
557 4006 617 4081 ius
636 4004 763 4092 eundi,
785 4004 936 4102 agendi,
958 4031 1145 4103 aquamve
1166 4004 1341 4094 ducendi,
1362 4004 1428 4082 et⁴⁵
1450 4005 1694 4082 huiusm0di⁴⁶
1715 4031 1799 4105 quae

209 4152 288 4202 non
303 4126 548 4225 possidentur
564 4125 630 4202 sed
647 4125 766 4224 quasi.

309 4245 461 4322 Divisio
477 4245 602 4321 tertio.

209 4365 294 4441 Ean
314 4365 430 4442 etiam
448 4363 565 4440 tertia
585 4362 718 4440 divisio
738 4388 879 4451 rerum,
902 4361 1031 4462 quod⁴⁷
1054 4361 1136 4439 aliae
1157 4370 1247 4439 sunt
1267 4387 1499 4452 communes,
1521 4363 1603 4440 aliae
1625 4364 1797 4464 publieae,

209 4484 292 4560 aliae
310 4480 611 4569 universitatis⁴⁸
630 4481 712 4558 aliae
730 4482 884 4571 nullius,
905 4481 971 4558 et⁴⁹
992 4481 1074 4557 aliae
1095 4481 1345 4579 singulorum,
1366 4507 1450 4582 quae
1469 4483 1584 4561 variis
1606 4509 1654 4559 ex
1673 4486 1797 4562 causis

208 4604 345 4702 cuique
362 4602 631 4702 adquiruntur.

310 4723 500 4817 Quodam
516 4746 578 4798 ree
592 4732 684 4798 eunt
700 4745 930 4798 commoneo.

210 4844 431 4918 Naturam
449 4867 540 4918 vero
556 4841 637 4917 iure
655 4839 871 4917 communia
889 4849 979 4917 sunt
997 4839 1196 4916 omnium⁶⁰
1214 4840 1308 4916 haec:
1328 4867 1429 4940 aqua
1447 4841 1656 4940 profluens,
1675 4868 1741 4918 aer
1759 4851 1798 4918 et

209 5027 235 5063 ⁸⁷
247 5037 305 5105 est,
325 5029 401 5102 ΜΒ,
419 5029 458 5088 v.
500 5025 607 5103 θῆαι,
626 5029 696 5103 οΑ,
715 5026 783 5099 oc,
803 5026 878 5100 nn,
897 5026 964 5086 MA
986 5025 1118 5103 (corr.);
1138 5029 1222 5098 nem,
1241 5024 1281 5100 v,
1303 5026 1370 5101 nn,
1390 5024 1464 5100 uc,
1486 5026 1553 5101 cn,
1575 5027 1649 5100 cM,
1670 5027 1747 5102 no,
1769 5028 1798 5086 Y

213 5129 343 5208 μοι).
379 5126 686 5201 ⁸⁸·⁸⁹itemvia,0B,
701 5127 776 5188 Mn.
813 5125 1180 5202 ⁴⁰n0n‚on,os,un,
1195 5127 1271 5202 Mn,
1287 5127 1364 5202 Mo,
1379 5127 1446 5202 oc,
1462 5127 1536 5204 no,
1552 5128 1619 5200 nn,
1634 5127 1708 5204 HA,
1724 5129 1798 5204 cM,

209 5232 254 5303 Y3
272 5251 342 5305 om.,
359 5230 435 5291 Ano.
473 5228 500 5263 ⁴²
512 5228 649 5302 accedat,
668 5229 744 5301 MA,
762 5227 838 5300 MB,
857 5229 924 5302 OC,
941 5227 987 5300 Y;
1007 5227 1137 5302 accidat,
1156 5228 1223 5288 OB.
1265 5225 1371 5289 ⁴²cum
1389 5248 1461 5304 non,
1481 5230 1520 5302 V,
1540 5231 1614 5303 CM,
1633 5223 1711 5304 MG,
1730 5230 1798 5305 OC,

209 5330 283 5393 uc.
323 5328 350 5364 ⁴⁸
362 5329 484 5406 mint,
503 5329 572 5404 on,
592 5329 668 5406 Mn,
686 5329 762 5390 nn.
803 5327 830 5362 ⁴⁴
842 5333 945 5402 enam,
964 5327 1033 5404 os,
1053 5329 1129 5404 MA,
1150 5330 1216 5406 oe,
1236 5330 1311 5406 cM,
1332 5329 1404 5392 nn
1445 5328 1512 5365 *Μ’
1524 5331 1604 5410 om,
1624 5332 1702 5407 Mo,
1723 5333 1796 5394 cn.

208 5432 235 5466 ⁴⁷
247 5452 323 5512 quae,
338 5433 408 5507 OB,
423 5432 498 5492 ΜΒ.
525 5429 553 5464 ⁴⁸
563 5431 762 5506 universales,
779 5430 848 5503 OB,
865 5430 939 5490 ΜΒ.
967 5427 994 5462 ⁴⁹
1006 5430 1087 5506 Om„
1103 5429 1171 5504 OB,
1189 5431 1264 5507 MA,
1282 5431 1357 5506 MB,
1374 5432 1413 5493 Y.
1441 5431 1468 5467 ⁶⁰
1479 5437 1592 5506 omnia,
1608 5433 1648 5509 V,
1665 5434 1740 5508 MA,
1757 5433 1797 5494 Y.
