4432 6340
373 475 447 542 256
906 469 1127 531 BRACTON:
1150 467 1211 530 DE
1234 469 1427 531 LEGIBUS
1512 521 1513 526 ,

372 617 547 716 capitalis
566 617 632 717 qui
650 617 730 695 tale
749 618 888 696 habeat
907 575 1163 719 privilegium,
1185 629 1224 696 et
1244 618 1308 696 alii
1328 644 1429 696 unus
1448 620 1510 695 vel
1530 619 1689 719 plures²²
1710 645 1800 708 non,
1821 620 1963 698 credo¹⁸

372 737 412 812 in
431 735 502 812 hae
520 747 632 836 parte
651 735 896 837 privilegium
915 761 995 816 esse
1015 739 1311 838 preferendum.
1332 738 1434 815 Esto
1452 738 1570 816 etiam
1589 740 1694 837 quod
1713 738 1797 837 quis
1817 740 1866 817 de
1884 765 1963 816 uno

370 857 540 932 tenuerit
558 856 598 931 in
616 856 812 955 sooagium
829 866 869 934 et
888 859 935 934 de
954 856 1029 933 alio
1047 883 1119 957 per
1138 857 1336 934 servitium
1353 858 1530 946 militare,
1552 857 1736 956 quaeritur
1755 857 1839 956 quis
1859 859 1962 958 eapi-

372 973 509 1049 talium
531 974 773 1051 dominorum
796 975 972 1075 praeferri
994 975 1131 1053 debeat
1154 976 1195 1052 in
1216 975 1432 1074 maritagio.
1457 976 1515 1051 ut
1537 1001 1672 1053 verum
1693 985 1752 1052 est
1774 978 1878 1075 quod
1899 978 1964 1053 ille

372 1095 437 1193 qui
455 1093 635 1170 feoffavit
652 1119 723 1193 per
740 1093 937 1170 servitium
952 1094 1130 1183 militare,
1148 1120 1218 1171 nee
1234 1094 1308 1172 erit
1325 1094 1523 1172 habendus
1541 1105 1737 1194 respectus
1758 1095 1808 1172 ad
1825 1096 1962 1194 priori·

372 1211 402 1286 f.
418 1212 512 1305 88b]
568 1219 689 1288 tatem
713 1212 898 1312 temporis
922 1213 983 1288 vel
1008 1211 1303 1312 posteritatem²⁴
1328 1222 1491 1313 propter
1516 1213 1761 1314 privilegium
1785 1214 1962 1293 militare.

374 1331 478 1407 Item
502 1340 652 1408 retento
677 1331 831 1430 primo¹⁸
855 1357 958 1420 casu,
984 1333 1015 1409 si
1040 1331 1241 1430 contingat
1267 1333 1370 1431 quod
1394 1359 1443 1409 ex
1470 1341 1582 1432 parte
1608 1333 1730 1432 patris
1758 1333 1963 1410 descendat

372 1449 563 1526 hereditas
579 1476 663 1549 quae
676 1459 831 1527 tenetur
847 1476 919 1549 per
934 1451 1131 1527 servitium
1146 1451 1323 1540 militare,
1339 1461 1380 1528 et
1396 1477 1444 1526 ex
1460 1461 1573 1550 parte
1589 1452 1724 1528 matris
1740 1453 1781 1528 in
1798 1452 1962 1550 socagio,

372 1568 433 1643 vel
458 1594 480 1643 e
504 1567 708 1657 contrario,
734 1568 765 1644 si
791 1569 985 1646 eontentio
1011 1570 1082 1645 fiat
1107 1571 1155 1646 de
1180 1570 1385 1667 maritagio
1411 1569 1572 1658 heredis,
1598 1570 1639 1645 in
1665 1569 1771 1646 errius
1797 1595 1963 1668 persona

372 1686 552 1783 coniungi
572 1685 737 1763 debeant
755 1687 828 1762 illae
847 1689 931 1764 duae
950 1688 1192 1777 hereditates,
1211 1685 1274 1764 ille
1293 1689 1334 1762 in
1353 1687 1559 1785 maritagio
1579 1688 1843 1788 praeferendus
1862 1687 1963 1765 erit²⁶

371 1806 479 1884 euius
501 1807 659 1883 feodum
681 1807 788 1905 prius
810 1806 957 1882 fuerit¹⁷
980 1806 1244 1895 deliberatum,
1268 1808 1477 1884 secundum
1500 1807 1604 1906 quod
1626 1807 1788 1884 inferius
1812 1807 1963 1906 plenius

372 1926 530 2002 dicetur.
548 1927 601 2001 In
616 1925 693 2001 fine
707 1951 799 2001 vero
814 1925 1030 2002 notandum
1046 1926 1149 2022 quod
1166 1950 1244 2001 non
1261 1934 1390 2025 potest
1406 1926 1491 2025 quis
1509 1926 1574 2025 qui
1592 1926 1663 2002 sub
1679 1926 1853 2002 custodia
1869 1926 1962 2002 alte-

371 2043 451 2120 rius
467 2052 579 2121 estet
596 2045 701 2121 infra
715 2053 869 2121 aetatem
884 2043 1024 2120 habere
1041 2044 1160 2121 alium
1175 2043 1241 2144 qui
1257 2045 1363 2120 infra
1379 2052 1533 2121 aetatem
1550 2045 1671 2121 fuerit
1688 2044 1760 2121 sub
1777 2045 1962 2132 custodia,

372 2162 462 2262 quia
476 2163 706 2260 regulariter
718 2188 853 2239 verum
868 2171 926 2239 est
939 2164 1043 2262 quod
1056 2163 1151 2238 a'lios
1165 2188 1298 2261 regere
1312 2187 1391 2239 non
1405 2171 1534 2263 potest
1550 2162 1616 2262 qui
1632 2189 1671 2240 se
1685 2165 1813 2262 ipsum
1829 2189 1964 2262 regere

372 2307 451 2359 non
463 2283 581 2359 novit.
595 2283 681 2359 Neo
693 2280 900 2380 pertinebit
911 2281 1160 2379 maritagium
1173 2283 1223 2358 ad
1236 2281 1363 2381 ipsum
1377 2283 1442 2381 qui
1455 2282 1576 2359 fuerit
1588 2292 1715 2360 custos
1730 2283 1810 2360 eius
1825 2283 1872 2359 de
1886 2308 1963 2381 quo

371 2401 454 2501 ipse
473 2411 604 2477 tenere
622 2400 808 2488 debuerit,
827 2400 900 2476 nisi
919 2409 1181 2476 tenementum
1200 2400 1302 2475 illius
1319 2400 1477 2477 minoris
1499 2400 1619 2477 fuerit
1639 2402 1686 2477 de
1707 2401 1822 2477 feodo
1843 2401 1963 2500 ipsius

372 2519 551 2595 custodis.
575 2519 617 2595 Si
637 2527 768 2595 autem
788 2520 836 2595 de
856 2517 1013 2595 alterius
1034 2519 1161 2607 feodo,
1184 2517 1247 2594 ille
1267 2517 1421 2594 habebit
1442 2517 1691 2617 maritagium
1711 2518 1859 2596 heredis
1882 2520 1962 2596 eius

372 2638 438 2736 qui
452 2637 638 2715 feoffatus
651 2638 771 2714 fuerit
783 2663 854 2736 per
865 2647 1060 2714 tenentem
1073 2663 1186 2713 suum
1200 2647 1238 2714 et
1251 2636 1465 2714 custodiam
1477 2637 1697 2727 tenementi,
1712 2661 1795 2737 quae
1809 2637 1963 2737 quidem

370 2765 505 2834 tenens
524 2781 615 2833 suus
631 2756 832 2833 habiturus
849 2765 948 2832 esset
966 2756 997 2832 si
1014 2765 1113 2832 esset
1130 2755 1254 2854 plenae
1271 2756 1406 2844 aetatis,
1424 2756 1513 2832 hoet
1529 2755 1778 2853 maritagium
1796 2756 1962 2833 tenentis

372 2877 430 2952 sui
447 2875 658 2976 pertineret
674 2876 724 2950 ad
741 2875 860 2951 alium
876 2873 1074 2951 dominum
1092 2900 1204 2951 suum
1220 2873 1426 2973 capitalem
1442 2874 1592 2950 ratione
1608 2874 1804 2952 veterioris
1821 2875 1961 2951 feoffa·

371 2993 502 3070 menti.
532 2992 704 3086 <Casus
730 2994 778 3069 de
804 2992 980 3068 Henrioo
1006 2994 1055 3070 de
1081 2993 1211 3093 Traoy
1237 3002 1276 3069 et
1302 2993 1502 3069 Willelmo
1529 2993 1577 3070 de
1604 2993 1887 3070 Punehardone
1914 2993 1963 3070 de

371 3112 509 3189 herede
527 3113 674 3209 Rogeri
693 3110 880 3211 Beaupel,
900 3120 939 3187 et
958 3111 1060 3188 unde
1079 3120 1336 3188 antecessores
1355 3110 1544 3187 Willelmi
1564 3112 1824 3188 feoffaverant
1844 3112 1962 3210 Regi-

371 3230 531 3306 naldum
544 3230 720 3329 Beaupel
732 3231 780 3306 de
793 3239 897 3306 terra
908 3229 957 3306 de
969 3229 1167 3328 Hywissa,
1179 3239 1219 3306 et
1231 3228 1473 3327 Reginaldus
1486 3231 1688 3327 Rogerum
1700 3229 1824 3306 filium
1838 3256 1961 3318 suum,

371 3359 410 3426 et
425 3374 589 3448 quorum
603 3348 760 3426 heredes
777 3348 890 3424 simul
907 3358 945 3425 et
961 3347 1077 3424 semel
1093 3348 1254 3424 fuerunt
1269 3347 1375 3424 infra
1390 3357 1555 3438 aetatem,
1572 3358 1612 3425 et
1628 3348 1735 3425 heres
1753 3349 1960 3446 Reginaldi

370 3469 411 3545 in
427 3468 600 3546 custodia
619 3467 711 3543 dicti
729 3466 892 3542 Henrioi
911 3467 1060 3542 ratione
1077 3475 1189 3542 terrae
1208 3468 1257 3543 de
1276 3466 1548 3563 Cocheslegha,
1568 3477 1606 3543 et
1626 3466 1733 3544 heres
1754 3468 1900 3565 Rogeri
1921 3469 1960 3542 in

371 3585 545 3662 custodia
560 3583 760 3673 willelmi,
776 3583 867 3683 quia
881 3592 1144 3660 tenementum
1159 3585 1368 3683 Reginaldi
1385 3594 1423 3661 et
1439 3594 1704 3662 tenementum
1719 3587 1867 3684 Rogeri
1883 3611 1961 3662 non

372 3704 534 3779 fuerunt
549 3704 596 3780 de
610 3703 743 3779 eodem
759 3702 934 3793 feodo>

470 3905 536 3982 De
551 3904 764 4002 maritagiis
780 3901 963 3981 heredum
979 3913 1018 3981 et
1035 3905 1216 4002 adquam
1231 3903 1425 4002 pertinere
1442 3902 1580 3980 debeat
1597 3903 1856 4001 maritagiom.

371 4023 552 4099 Dre'rum
568 4034 627 4101 est
643 4048 762 4122 supra
777 4023 825 4099 de
841 4022 1042 4099 heredibus
1060 4022 1126 4121 qui
1142 4022 1265 4121 plenae
1280 4022 1403 4098 aetatis
1421 4029 1522 4111 sunt,
1540 4030 1579 4098 et
1596 4023 1655 4098 sui
1671 4022 1764 4098 iuris
1782 4022 1822 4098 in
1837 4030 1961 4099 morte

371 4150 589 4241 parentum,
611 4152 650 4219 et
671 4141 735 4239 qui
756 4141 862 4216 infra
882 4150 1035 4218 aetatem
1056 4140 1267 4229 extiterint,
1288 4141 1359 4216 sub
1381 4141 1488 4217 euius
1510 4141 1684 4216 custodia
1705 4151 1745 4218 et
1767 4165 1859 4216 eura
1881 4164 1962 4217 esse

369 4263 534 4339 debeant
549 4286 670 4359 usque
687 4261 737 4336 ad
753 4259 965 4359 legitimam
982 4267 1135 4335 aetatem
1152 4258 1229 4336 sive
1244 4259 1416 4335 maritati
1434 4259 1581 4335 fuerint
1598 4259 1639 4334 in
1655 4259 1736 4334 vita
1754 4266 1960 4359 parentum

370 4379 448 4457 sive
468 4404 557 4456 non.
580 4380 699 4454 Nune
719 4388 849 4455 autem
870 4377 1102 4454 dicendum²⁸
1124 4377 1171 4454 de
1193 4377 1266 4454 illis
1288 4379 1354 4476 qui
1376 4379 1416 4454 in
1437 4377 1518 4453 vita
1539 4387 1746 4477 parentum
1768 4403 1848 4453 non
1869 4387 1960 4454 sunt

369 4498 552 4586 maritati,
578 4497 629 4572 ad
652 4522 765 4594 quem
789 4497 982 4596 pertineat
1007 4522 1139 4572 eorum
1163 4496 1423 4596 maritagium,
1449 4497 1659 4573 seeundum
1684 4496 1788 4595 quod
1813 4496 1960 4572 fuerint

371 4615 442 4692 sub
462 4615 637 4691 custodia
656 4624 863 4713 parentum
884 4616 944 4690 vel
966 4615 1190 4713 capitalium
1211 4616 1465 4691 dominorum.
1491 4614 1569 4691 Sed
1591 4615 1778 4714 imprimis
1801 4640 1879 4691 non
1903 4623 1960 4691 est

369 4731 626 4809 omittendum
642 4732 772 4808 videre
787 4731 880 4830 quid
896 4732 1017 4808 iuris¹⁰
1034 4758 1122 4808 omn
1139 4733 1262 4832 plenae
1279 4733 1402 4810 aetatis
1420 4732 1619 4811 extiterint
1637 4744 1676 4811 et
1693 4759 1772 4809 non
1788 4732 1960 4810 meritati

369 4851 411 4926 in
422 4850 503 4927 vita
515 4860 733 4949 parentum,
749 4852 825 4928 sive
838 4852 998 4926 maseuli
1011 4852 1158 4928 fuerint
1173 4854 1251 4929 sive
1266 4852 1429 4928 feminae.
1444 4853 1513 4928 Ad
1527 4853 1630 4950 quod
1646 4852 1841 4928 sciendum
1856 4852 1960 4951 quod

369 4992 458 5045 oum
477 4968 600 5069 plenae
618 4970 742 5046 aetatis
762 4969 972 5058 extiterint,
992 4971 1088 5046 tales
1108 4971 1265 5048 heredes
1286 4996 1326 5047 se
1346 4971 1449 5069 ipsos
1469 4971 1652 5047 maritare
1673 4979 1858 5070 poterunt
1879 4971 1960 5048 sine

368 5134 396 5170 ¹²
407 5137 513 5215 plures
528 5141 590 5198 sint
604 5136 729 5212 domini,
743 5137 782 5212 V,
797 5137 874 5198 MG.
910 5135 977 5170 ¹¹¹¹¹
992 5137 1126 5215 (plures,
1140 5159 1202 5199 non
1216 5136 1320 5215 eredo,
1334 5139 1428 5201 MSS.
1444 5137 1546 5216 var.);
1562 5139 1668 5217 plures
1684 5159 1756 5213 non,
1771 5137 1874 5214 eredo,
1890 5138 1960 5214 ΟΛ,

369 5237 436 5310 LA,
450 5238 490 5310 Y,
505 5237 581 5312 ΜΒ,
595 5238 675 5310 MC;
694 5237 753 5314 (—
763 5245 795 5298 et
809 5239 863 5298 alii
877 5258 956 5298 nnus
979 5281 987 5298 .
1010 5282 1018 5297 .
1042 5282 1049 5297 .
1072 5244 1163 5316 parte
1178 5237 1385 5318 privilegium,
1402 5240 1497 5317 MA).
1535 5238 1562 5273 ¹⁴
1574 5243 1846 5316 posterioritatem,
1863 5239 1958 5300 MSS.

368 5357 433 5398 rar.
472 5334 498 5371 ²⁶
510 5336 591 5411 Om.,
607 5338 676 5412 OB,
693 5336 769 5411 MA,
786 5338 861 5398 ΜΒ.
899 5334 925 5370 ¹⁸
937 5345 995 5413 est,
1013 5338 1079 5414 LA,
1095 5340 1169 5400 Mc,
1206 5337 1318 5414 1linit,
1334 5340 1403 5417 ΟΛ,
1420 5341 1498 5416 MG,
1516 5342 1590 5417 CM,
1607 5342 1645 5402 Y.
1684 5339 1712 5374 ¹⁸
1723 5339 1885 5402 dicendum
1902 5347 1959 5415 est,

369 5437 409 5512 V,
424 5437 502 5513 MG,
517 5438 590 5497 CM.
627 5435 655 5470 ²⁹
666 5441 742 5499 iuris
758 5440 810 5512 sit,
824 5437 864 5513 V,
880 5438 956 5499 MG.
