4432 6336
389 455 439 524 94
919 445 1143 508 ssscrou:
1166 445 1227 507 ns
1251 446 1442 510 seorsus

389 625 481 676 nam
503 623 621 697 quem
643 598 725 696 ipse
745 597 915 674 tenuerit
938 597 986 673 de
1011 597 1281 676 feoffatoribus
1304 607 1344 675 et
1367 595 1596 696 capitalibus
1619 598 1783 674 dominis
1808 599 1897 675 suis.
1923 597 1983 674 Et

390 719 495 818 quod
521 717 679 795 heredes
707 724 891 794 tenentur
917 715 1179 806 warantizare,
1210 717 1241 794 si
1269 726 1418 794 cartam
1445 716 1696 816 cognoverint
1725 716 1787 793 vel
1816 717 1982 816 probata

391 837 522 926 fuerit,
545 835 692 914 habetis
716 838 764 914 de
787 836 923 913 itinere
946 835 1112 912 Martini
1136 836 1185 912 de
1209 835 1462 925 Patesbilla,‘⁰
1487 837 1535 913 de
1558 835 1718 936 loquelis
1744 837 1982 914 diversorum

389 957 654 1045 comitatuum,
672 981 756 1056 quae
770 954 959 1032 luerunt*1
976 980 1093 1054 super
1109 953 1291 1032 iudicium
1306 956 1348 1031 in
1362 955 1498 1032 itinere
1515 980 1585 1032 suo
1602 981 1704 1032 anno
1720 954 1850 1054 regis‘'
1868 956 1981 1033 Hen-

390 1077 458 1154 rici
471 1076 600 1165 tertio,
616 1076 664 1153 de
679 1075 866 1173 magistro
881 1074 1025 1151 militiae
1041 1075 1177 1174 templi
1193 1075 1235 1151 in
1250 1075 1411 1172 Anglia.
1431 1075 1535 1151 Item
1551 1073 1582 1152 si
1600 1074 1684 1173 quis
1703 1074 1852 1152 dederit
1870 1075 1982 1152 slicui

390 1196 521 1273 domui
543 1196 728 1293 religiose
750 1204 896 1272 terram
918 1218 1006 1270 cum
1028 1217 1189 1292 corpore
1212 1219 1281 1270 suo
1305 1195 1345 1270 in
1369 1201 1543 1270 extremo
1566 1193 1777 1283 voluntate,
1802 1193 1869 1271 et⁵⁸
1892 1195 1982 1271 inde

388 1313 576 1392 moriatus
596 1313 757 1403 seisitus,
777 1339 856 1390 non
875 1313 1016 1390 valebit
1036 1313 1194 1389 donatio
1214 1313 1287 1389 nisi
1307 1312 1538 1390 interveniat
1556 1312 1707 1389 heredis
1728 1313 1980 1402 confirmatio,

389 1460 475 1534 quoe
492 1457 645 1511 omnem
664 1431 823 1532 supplet
840 1432 1047 1509 defectum.
1067 1430 1214 1508 Unde⁶⁴
1234 1433 1266 1509 si
1283 1432 1392 1509 heres
1413 1441 1502 1531 post
1521 1430 1852 1509 confirmationem
1871 1442 1982 1533 petat

390 1579 462 1654 per
480 1553 649 1642 assisam,
666 1552 834 1630 obstabit
852 1552 887 1628 ei
905 1549 1080 1650 exceptio
1099 1550 1411 1640 confirmationis,
1431 1551 1520 1626 licet
1540 1550 1667 1650 prima
1687 1551 1786 1628 facie
1805 1551 1983 1629 videatur

390 1673 494 1771 quod
519 1670 761 1748 confirmatio
787 1670 907 1760 nulla,
933 1669 1026 1747 ubi⁶³
1053 1670 1198 1747 donum
1224 1669 1441 1768 precedens
1468 1669 1681 1747 invalidum
1707 1671 1908 1748 iudicetur.
1938 1671 1982 1749 Si

391 1802 521 1871 autem
542 1818 613 1890 per
633 1801 713 1868 tres
734 1791 813 1868 dies
836 1788 924 1866 vel⁸⁸
946 1799 1114 1889 quatuor
1136 1797 1227 1867 ante
1249 1798 1414 1866 mortem
1436 1814 1558 1878 suam,
1581 1788 1642 1866 vel
1665 1799 1873 1888 antequam
1896 1791 1981 1866 reli·

390 1912 495 2010 gioni
514 1937 555 1988 se
571 1909 826 2000 transtulerit,
844 1909 1005 1998 dederit,
1024 1919 1063 1986 et
1083 1907 1261 1986 seisinsm
1280 1909 1410 1986 domui
1429 1908 1615 2006 religiosae
1635 1909 1781 1998 fecerit,
1800 1935 1880 1986 non
1899 1933 1981 1987 suc-

390 2031 538 2106 curitur
556 2029 686 2106 heredi
706 2054 777 2126 per
796 2027 954 2106 assisam
973 2026 1108 2105 mortis
1129 2028 1376 2105 antecessoris
1398 2027 1448 2104 sd
1469 2027 1646 2104 seisinam
1666 2030 1980 2128 recuperandam,

391 2149 420 2224 l.
435 2150 505 2243 28]
561 2149 651 2246 quis
666 2147 815 2225 seisitus
830 2173 909 2224 non
923 2147 1028 2236 obiit,
1045 2156 1084 2224 et
1100 2145 1232 2223 statim
1247 2145 1409 2223 efficitur
1424 2147 1588 2224 liberum
1603 2157 1878 2236 tenementum,
1894 2173 1983 2224 cum

391 2268 504 2345 simul
521 2277 752 2344 concurrant
768 2266 827 2344 ius
845 2277 884 2344 et
901 2265 1050 2355 seisina,
1067 2275 1113 2342 ut
1131 2264 1178 2343 de
1195 2265 1333 2342 ultimo
1351 2266 1486 2343 itinere
1505 2265 1670 2342 Martini
1690 2268 1738 2344 de
1756 2267 1981 2344 Pateshilla¹

391 2388 432 2462 in
445 2385 631 2463 comitatu
644 2385 825 2462 Eboraci.
917 2449 921 2455 .

491 2509 596 2584 item
617 2504 796 2607 pluribus
816 2505 902 2602 fieri
921 2504 1066 2604 poterit
1088 2503 1245 2581 doratio
1267 2503 1382 2580 simol
1404 2514 1443 2580 et
1465 2505 1507 2582 ia
1530 2505 1664 2581 eodem
1688 2515 1861 2604 tempore
1884 2504 1983 2583 scat

490 2627 650 2705 diversis
666 2624 904 2725 temporibus
921 2633 959 2700 ct
975 2623 1194 2700 successive.

392 2751 605 2826 Pnusrnus
623 2757 662 2824 et
679 2746 859 2844 legitimis
877 2747 960 2822 fieri
979 2745 1123 2846 poterit
1142 2743 1299 2822 donatio
1318 2746 1526 2822 successive
1543 2755 1589 2822 ut
1609 2771 1728 2845 supra
1747 2748 1893 2824 dictum
1912 2754 1981 2835 est,

391 2868 452 2945 vel
467 2868 580 2945 simul
595 2866 770 2943 omnibus
786 2865 835 2942 ab
849 2865 969 2954 initi0,
986 2875 1025 2942 et
1040 2890 1204 2964 quorum
1218 2890 1349 2940 omnes
1367 2874 1529 2964 possunt
1546 2890 1627 2941 esse
1643 2864 1766 2964 plenae
1782 2865 1905 2942 aetatis
1921 2864 1982 2940 vel

390 2989 496 3065 infra
511 2996 674 3076 aetstem,
690 2986 751 3062 vel
766 2985 923 3084 quidam
938 2983 1117 3061 illorum.¹
1133 2985 1196 3061 Ut
1211 2985 1241 3058 si
1257 3009 1388 3060 omnes
1404 2984 1510 3060 infra
1525 2991 1689 3073 aetatem,
1707 2993 1861 3082 oportet
1879 2984 1983 3083 quod
2060 2977 2065 2986 ’

391 3109 557 3183 donator
574 3104 750 3182 omnibus
768 3105 834 3181 det
852 3114 1034 3193 tutorem,
1054 3103 1144 3202 quia
1161 3105 1244 3202 ipse
1261 3103 1427 3180 donator
1444 3111 1554 3178 tutor
1573 3128 1653 3180 esse
1672 3129 1751 3179 non
1771 3105 1914 3203 poterit
1934 3129 1983 3180 ne

392 3226 569 3303 seisinam
585 3251 695 3301 susm
708 3223 933 3299 continuare
948 3221 1150 3311 videatur,⁸
1166 3246 1236 3298 nec
1252 3221 1395 3320 poterit
1412 3221 1538 3298 minor
1554 3224 1752 3300 donationi
1769 3223 1982 3300 consentire

391 3345 464 3422 nisi
480 3344 551 3420 boc
569 3344 688 3420 faciat
704 3351 834 3420 tutore
851 3350 1018 3419 auctore.
1038 3342 1081 3418 Si
1098 3351 1229 3418 autem
1245 3367 1376 3418 omnes
1393 3340 1517 3440 plenae
1534 3341 1657 3418 aetatis
1676 3342 1886 3431 extiterint,
1904 3367 1983 3418 non

392 3466 465 3541 erit
487 3464 699 3540 necessaris
719 3463 859 3540 tutoris
882 3462 1102 3549 auctoritas,
1125 3461 1215 3559 quia
1236 3460 1395 3559 quilibet
1418 3486 1550 3537 corum
1573 3461 1711 3538 sufficit
1735 3460 1912 3561 sibiipsi.
1940 3461 1984 3537 Si

392 3591 523 3660 autem
546 3581 703 3681 quidam
726 3580 830 3656 inira
853 3589 1006 3657 aetstem
1030 3590 1069 3657 et
1092 3580 1248 3678 quidam
1272 3605 1361 3668 non,
1386 3580 1418 3656 si
1441 3581 1607 3657 donator
1630 3579 1795 3657 voluerit
1819 3589 1982 3678 possunt

392 3701 554 3778 maiores
576 3725 656 3778 esse
677 3709 825 3777 tutores
845 3698 1063 3786 minorum,⁴
1085 3700 1179 3776 dum
1200 3708 1331 3775 tamen
1351 3698 1460 3774 nulla
1482 3697 1647 3798 suspicio
1668 3699 1856 3776 habeatur
1878 3701 1983 3799 quod

392 3821 600 3897 machinari
621 3820 740 3896 velint
761 3820 801 3895 in
822 3827 986 3895 mortem
1006 3819 1224 3894 minorum.⁸
1247 3819 1417 3895 Tollitur
1440 3828 1570 3895 autem
1592 3818 1768 3917 suspicio,
1791 3829 1836 3896 ut
1859 3819 1891 3894 si
1912 3820 1982 3895 fiat

393 3940 550 4017 donatio
574 3941 679 4038 patri
702 3938 764 4014 vel
787 3939 903 4015 matri
928 3948 966 4016 et
990 3962 1124 4015 eorum
1149 3938 1278 4036 pueris
1302 3937 1494 4035 legn'timis.
1520 3937 1645 4013 Aliud
1670 3947 1802 4015 tamen
1827 3947 1926 4015 esset
1951 3938 1983 4014 si

394 4059 520 4148 fratri,
541 4058 731 4136 aumculo
751 4058 812 4134 vel
832 4057 964 4156 nepoti
983 4065 1147 4156 propter
1165 4057 1223 4133 ius
1244 4057 1492 4134 accrescendi.
1516 4056 1595 4133 Sed
1615 4082 1703 4135 cum
1724 4057 1860 4156 aliquis
1882 4059 1982 4156 ipso·

392 4205 480 4255 rum
502 4178 582 4256 sine
603 4178 742 4254 herede
764 4175 977 4266 decesserit,
999 4202 1087 4252 cum
1108 4176 1263 4253 sintita
1286 4175 1440 4252 feoffati
1463 4175 1576 4253 simul
1599 4185 1638 4253 et
1661 4201 1739 4252 non
1762 4177 1983 4275 seperatim,

393 4297 577 4396 quaeritur
599 4298 630 4373 si
652 4321 744 4396 pars
764 4294 996 4373 decedentis⁶
1018 4319 1230 4372 accrescere
1252 4295 1390 4371 debeat
1414 4295 1683 4393 superstitibus
1706 4295 1767 4372 vel
1791 4296 1840 4372 cd
1865 4297 1982 4371 dons-

392 4423 518 4493 torem
531 4417 672 4492 reverti
687 4441 759 4513 pro
773 4415 929 4491 defectu
943 4413 1137 4490 heredum.
1153 4412 1212 4491 Et
1227 4439 1361 4489 verum
1376 4423 1433 4490 est
1450 4415 1553 4512 quod
1569 4413 1660 4490 non*
1678 4416 1728 4492 ad
1744 4416 1983 4502 donatorem,

394 4558 464 4612 nec
479 4535 530 4612 ad
545 4534 770 4632 superstites
786 4558 857 4632 per
871 4534 930 4609 ius
947 4533 1195 4622 accrescendi,
1212 4534 1279 4609 sed
1295 4558 1343 4608 ex
1359 4533 1442 4609 iure
1459 4533 1714 4622 successionis,
1732 4533 1823 4632 quia
1839 4533 1983 4631 poterit

395 4652 555 4752 quilibet
571 4676 652 4728 esse
667 4651 775 4729 heres
793 4651 949 4728 alterius
966 4676 1053 4727 cum
1071 4651 1147 4728 sint
1162 4650 1335 4750 legitimi,
1355 4653 1458 4750 quod
1475 4677 1557 4728 esse
1574 4678 1653 4729 non
1671 4651 1814 4751 posset⁸
1833 4654 1881 4729 de
1899 4651 1982 4729 bos·

396 4871 626 4948 ⁸⁰Pateshulla,
653 4871 840 4948 Psteshella,
867 4870 961 4933 MSS.
988 4891 1053 4932 var.
1101 4868 1270 4946 uiuerint,
1296 4869 1374 4944 MG,
1401 4870 1474 4931 CM.
1524 4869 1551 4904 ⁵²
1573 4874 1662 4950 regni
1689 4875 1783 4949 regis,
1810 4871 1878 4945 OC,
1906 4871 1982 4932 MG.

396 4974 514 5050 ⁶⁸Om.,
536 4973 614 5047 MG,
635 4974 708 5034 CM.
752 4971 778 5006 ⁵⁴
791 4981 823 5034 et
842 4972 935 5046 unde,
956 4972 996 5046 V,
1018 4973 1085 5049 LA,
1107 4973 1174 5046 OC,
1197 4973 1274 5050 MG,
1296 4973 1371 5048 CM,
1394 4973 1467 5033 MC.
1512 4970 1620 5050 ⁶⁶nisi,
1643 4973 1711 5049 LA,
1733 4973 1808 5047 MC,
1832 4974 1912 5046 CM;
1936 4979 1984 5034 est

395 5073 458 5151 ubi,
474 5075 549 5136 ΜΒ.
587 5072 613 5108 ⁸⁶
625 5075 674 5134 vel
688 5093 756 5151 per,
772 5074 850 5149 MG,
866 5074 939 5134 CM.

477 5173 694 5249 ²Patesbulls,
711 5173 891 5251 Patesbille,
909 5173 1004 5236 MSS.
1021 5194 1087 5235 vsr.
1126 5173 1264 5252 'eorum
1282 5174 1322 5249 V,
1341 5176 1414 5237 CM.
1453 5174 1645 5253 ⁸videretur‚
1664 5177 1733 5254 OB,
1751 5178 1828 5253 MA,
1848 5178 1924 5252 ΜΒ,
1943 5178 1982 5238 Y.

395 5276 556 5351 ‘minoris
574 5277 643 5350 OB,
661 5276 737 5350 MA,
755 5276 830 5336 MB.
870 5273 1030 5351 ‘minoris
1047 5276 1117 5352 OB,
1136 5276 1211 5350 MA,
1230 5277 1306 5337 MB.
1345 5273 1595 5353 ‘descendentia
1615 5278 1693 5352 MG,
1712 5279 1786 5355 CM,
1805 5278 1864 5341 OA
1887 5279 1983 5357 (corr.

394 5377 536 5457 desced)
548 5401 557 5452 ς
569 5376 705 5453 desced,
718 5378 791 5450 OB;
805 5376 934 5452 disced,
947 5378 1022 5438 MB.
1056 5374 1149 5453 lnec,
1162 5376 1240 5451 MG,
1253 5378 1292 5439 Y.
1327 5375 1465 5455 ‘potest
1480 5378 1519 5454 V,
1534 5380 1611 5454 MG,
1625 5379 1699 5440 CM.
