4374 6366
390 497 465 568 896
922 490 1146 553 BRACTON:
1168 490 1229 552 DE
1253 491 1445 554 LEGIBUS

391 641 517 740 doque
537 641 645 717 varia
665 639 950 730 continentur,⁴⁸
973 643 1202 741 quandoque
1223 643 1458 720 concordant
1480 653 1519 721 et
1541 643 1684 722 habent
1705 646 1922 733 recordum,
1948 653 1987 722 et

391 761 621 858 quandoque
640 758 912 836 coronatores‘⁰
933 785 1004 859 per
1024 786 1063 837 se
1083 760 1164 837 sine
1183 760 1413 850 vicecomite,
1434 759 1506 837 ut⁶⁰
1528 762 1559 839 si
1578 763 1784 840 vicecomes
1805 770 1988 838 mortuus

391 878 511 955 fuerit
532 878 592 954 vel
614 886 777 968 amotus,
798 887 837 955 et
858 879 975 954 rotuli
996 877 1100 954 non⁶²
1123 878 1379 956 inveniantur.
1404 880 1447 956 Si
1468 905 1559 956 vero
1580 881 1730 956 rotulus
1752 879 1988 957 vicecomitis

391 995 610 1073 discordet⁵²
632 1022 655 1072 a
677 995 813 1073 rotulis
835 1006 1106 1074 coronatorum
1130 1007 1168 1075 et
1191 998 1308 1074 rotuli
1330 1007 1602 1075 coronatorum
1623 999 1864 1087 conveniant,
1890 1007 1990 1076 ωηο

390 1139 523 1190 οοηηη
541 1114 707 1191 stabitur
724 1115 895 1203 recordo,
914 1114 981 1190 et⁸⁸
998 1115 1089 1214 quia
1107 1115 1257 1192 rotulus
1275 1115 1504 1193 vicecomitis
1523 1115 1616 1192 nihil
1635 1126 1821 1216 operatur
1838 1116 1917 1192 nisi
1937 1117 1990 1192 ad

390 1232 663 1310 testimonium.
690 1233 748 1310 Et
774 1232 893 1332 quid⁶⁴
920 1233 950 1310 si
976 1233 1125 1310 rotulus
1150 1232 1264 1310 unius
1290 1233 1525 1310 coronatoris
1551 1234 1742 1312 discordet
1769 1233 1819 1311 a⁶⁸
1845 1233 1990 1311 rotulis

391 1351 554 1427 aliorum
566 1351 795 1450 cumplures
809 1351 977 1428 fuerint?
991 1351 1185 1428 Standum
1196 1353 1269 1430 erit
1282 1350 1509 1451 pluralitati.
1525 1352 1568 1428 Si
1582 1362 1712 1429 autem
1726 1378 1804 1429 non
1817 1352 1893 1430 nisi
1908 1353 1990 1428 duo

390 1477 635 1546 coronatores
659 1467 725 1546 et³⁸
749 1468 1052 1557 dissecordent,⁸'
1076 1479 1169 1547 tunc
1194 1469 1360 1547 stabitur
1383 1470 1511 1547 rotulo
1534 1469 1654 1570 ipsius
1678 1495 1768 1548 cum
1792 1496 1869 1569 quo
1895 1495 1989 1545 con·

390 1587 524 1664 cordat
545 1588 695 1663 rotulus
715 1587 954 1664 vicecomitis.
979 1587 1021 1664 Si
1043 1597 1173 1664 autem
1192 1588 1268 1665 sint
1290 1588 1341 1664 ibi
1362 1597 1528 1687 quatuor
1549 1587 1821 1665 coronatores‘⁸
1843 1597 1884 1664 et
1908 1589 1990 1664 duo

390 1704 618 1783 dissentiant
636 1730 660 1780 a
678 1705 838 1793 duobus,
856 1730 926 1781 nec
945 1715 1134 1804 appareat
1151 1706 1358 1784 vicecomes
1376 1706 1440 1805 qui
1460 1706 1631 1783 rotulum
1648 1705 1787 1783 habeat
1806 1707 1857 1783 ad
1875 1707 1989 1784 testi-

390 1821 602 1912 monium,”
616 1831 710 1899 tunc
724 1822 889 1900 stabitur
902 1824 976 1901 illis
992 1824 1140 1902 duobus
1157 1825 1222 1922 qui
1236 1849 1309 1923 pro
1325 1851 1365 1901 se
1379 1824 1521 1902 habent
1537 1824 1691 1923 aliquod
1707 1825 1991 1901 adminiculum

390 1953 429 2020 et
451 1943 517 2042 qui
538 1969 627 2020 cum
649 1943 871 2043 appellante
892 1945 1136 2021 conveniunt.
1160 1945 1218 2021 Et
1241 1945 1326 2021 ideo
1349 1944 1483 2021 audito
1505 1944 1661 2043 appello
1684 1945 1922 2044 appellantis
1948 1951 1989 2020 et

390 2062 524 2137 audita
539 2062 787 2160 responsione
803 2062 1002 2161 appellati,
1019 2071 1113 2139 tunc
1129 2063 1255 2161 primo
1273 2063 1482 2140 audiantur
1497 2062 1616 2138 rotuli
1634 2073 1920 2160 coronatorum,
1941 2070 1988 2138 ut

390 2179 476 2256 sciri
493 2180 615 2278 possit
632 2190 765 2257 utrum
782 2181 984 2279 appellans
1002 2180 1200 2279 appellum
1218 2207 1331 2258 suum
1348 2181 1451 2279 quod
1471 2181 1563 2257 fecit
1580 2181 1621 2256 in
1638 2181 1835 2270 comitatu,
1854 2181 1897 2256 in
1917 2181 2000 2256 ali--

391 2323 467 2395 quo
484 2298 692 2374 mutaverit
708 2323 838 2374 coram
855 2296 1067 2375 iustitiariis
1084 2299 1145 2374 vel
1163 2298 1194 2374 si
1211 2296 1280 2373 in⁰⁰
1298 2297 1452 2396 aliquo⁶²
1471 2298 1688 2387 variaverit,
1707 2297 1768 2374 vel
1787 2299 1818 2374 si
1838 2306 1989 2375 sectam

390 2414 486 2492 bene
501 2415 635 2492 fecerit
650 2417 711 2492 vel
725 2440 814 2492 non.

489 2542 586 2617 Noa
601 2549 731 2640 potest
749 2539 835 2639 qaia
851 2539 893 2617 ia
910 2539 1066 2640 appello
1084 2565 1154 2617 rao
1172 2541 1321 2618 variare
1339 2564 1410 2617 nec
1428 2540 1626 2639 appellans
1646 2549 1807 2618 matare.
1827 2539 1988 2616 Poterit

490 2659 640 2736 adicere
653 2667 691 2735 et
705 2682 916 2736 accrescere
931 2658 1128 2758 appellum
1143 2669 1182 2736 et
1195 2683 1275 2735 noo
1288 2658 1469 2736 nanaere.

389 2783 455 2858 Er
467 2783 663 2860 sciendum
678 2784 781 2882 quod
792 2784 833 2858 in
845 2782 1021 2860 omnibus
1034 2783 1198 2882 appellis
1211 2783 1418 2860 maioribus
1432 2780 1519 2858 vel⁰²
1533 2782 1743 2859 minoribus
1758 2807 1836 2858 non
1850 2789 1986 2881 potest

390 2903 592 3003 appellans
615 2905 764 2981 variare
785 2903 874 2981 vel⁶⁸
898 2905 1096 3004 appellum
1120 2905 1296 2983 suumin
1319 2905 1448 3003 aliquo
1471 2913 1634 2981 mutare.
1659 2905 1827 2980 Adicere
1849 2913 1988 2981 tamen

389 3036 519 3127 potest
533 3027 774 3126 quandoque,
788 3037 833 3103 ut
848 3027 879 3103 si
893 3027 1018 3126 primo
1034 3027 1136 3104 dicat
1150 3026 1216 3105 et⁶⁴
1231 3027 1402 3127 appellet
1417 3028 1464 3103 de
1479 3026 1599 3125 plaga
1613 3025 1683 3103 sibi
1698 3027 1805 3102 facta
1820 3027 1889 3103 sed
1904 3052 1988 3103 ηοη

389 3148 531 3225 dixerit
549 3149 685 3248 quibus
703 3149 830 3238 amris,
848 3149 996 3226 adicere
1013 3157 1142 3248 potest
1159 3158 1197 3225 et
1216 3174 1324 3225 arma
1341 3149 1550 3237 nominare,
1569 3149 1710 3226 scilicet
1728 3149 1832 3247 quod
1850 3148 1985 3246 gladio

389 3270 450 3348 vel
480 3270 653 3347 bisacuta
682 3280 721 3348 et
750 3270 977 3347 huiusmodi.
1011 3271 1114 3346 Item
1144 3269 1288 3369 poterit
1319 3269 1520 3369 appellans
1549 3271 1590 3345 in
1621 3271 1760 3347 iudicio
1792 3269 1986 3347 actionem

388 3391 580 3480 mutare‚⁰⁸
597 3392 763 3469 maxime
780 3391 856 3469 de⁶⁰
874 3392 988 3468 rebus
1005 3392 1174 3468 robbatis
1192 3392 1253 3467 vel
1271 3392 1379 3468 furto
1398 3392 1547 3481 ablatis,
1567 3402 1605 3468 et
1624 3393 1672 3469 de
1691 3393 1811 3469 atroci
1830 3392 1985 3479 iniuria,

390 3517 457 3593 sed
472 3516 612 3592 nonde
627 3523 751 3592 morte
765 3514 939 3604 hominis,
955 3524 1000 3592 ut
1016 3515 1048 3591 si
1063 3514 1252 3592 actionem
1267 3540 1351 3613 quae
1367 3514 1572 3591 criminalis
1589 3523 1658 3604 est,
1676 3515 1803 3614 primo
1820 3515 1986 3592 civiliter

388 3638 650 3727 intentaverit,
668 3637 813 3736 poterit
829 3636 936 3714 illam
953 3646 1105 3714 mutare
1123 3646 1162 3714 et
1182 3662 1296 3735 agere
1315 3636 1574 3726 criminaliter,
1594 3647 1633 3715 et
1653 3637 1706 3714 sic
1725 3662 1892 3714 crescere
1914 3662 1984 3736 ap-

389 3759 535 3859 pellum
553 3769 593 3836 et
612 3785 766 3858 augere.
789 3761 867 3837 Sed
887 3760 918 3836 si
937 3759 1063 3859 primo
1083 3759 1272 3836 actionem
1291 3759 1526 3836 criminalem
1546 3758 1793 3836 criminaliter
1812 3759 1984 3835 intenta-

388 3883 498 3971 verit,
514 3907 592 3958 non
606 3881 749 3981 poterit
763 3907 848 3958 eam
861 3891 1013 3958 mutare
1027 3907 1097 3958 nec
1112 3907 1226 3980 agere
1241 3881 1412 3971 civiliter,
1428 3891 1466 3959 et
1482 3882 1535 3958 sic
1550 3882 1765 3958 decrescere
1780 3880 1984 3980 appellum

388 4002 476 4080 vel*
495 4003 678 4081 minuere.
699 4004 858 4080 Auditis
877 4004 999 4102 igitur
1016 4004 1141 4080 verbis
1163 4003 1307 4103 appelli
1327 4013 1367 4080 et
1386 4004 1632 4102 responsione
1653 4003 1840 4102 appellati
1861 4011 1901 4079 et
1922 4028 1982 4079 re-

388 4128 505 4204 cordo
524 4136 806 4215 coronatomm,
826 4133 893 4203 aut
912 4126 1029 4203 stabit
1048 4125 1247 4225 appellum
1266 4135 1334 4202 aut
1353 4126 1475 4214 cadet,
1496 4124 1705 4201 secundum
1725 4124 1828 4223 quod
1849 4120 1983 4201 secta⁶⁸

389 4246 647 4327 sufficienter⁰⁹
663 4248 769 4324 lacta
784 4247 903 4326 fuerit
918 4247 1007 4324 vel²⁰
1021 4248 1148 4324 minus
1164 4248 1248 4337 rite,
1264 4248 1325 4324 vel
1341 4246 1551 4323 secundum
1567 4247 1670 4346 quod
1685 4247 1879 4322 variatum
1896 4246 1981 4322 lue-

389 4369 467 4448 ritn
491 4371 553 4447 vel
576 4395 654 4447 non
675 4369 879 4447 variatum.
903 4368 1048 4459 Qu0d⁷²
1073 4370 1104 4445 si
1127 4368 1257 4446 omnia
1279 4369 1375 4446 bene
1399 4377 1641 4457 concurrant,
1665 4376 1760 4443 tunc
1784 4376 1982 4467 proponat

389 4491 637 4591 appellatus⁷⁸
654 4491 897 4590 exceptiones
913 4493 944 4569 si
962 4517 1056 4591 quas
1073 4491 1212 4570 habeat
1227 4498 1489 4590 competentes
1505 4489 1586 4568 sibi.

388 4709 416 4744 ⁴⁸
426 4713 653 4784 contineantur,
675 4709 720 4782 V;
743 4713 947 4785 contineatur,
971 4708 1037 4770 OC.
1081 4707 1397 4784 19Οιη.,Μ(ὶ,(3Μ.
1443 4707 1468 4741 ⁸⁰
1481 4715 1524 4782 et,
1546 4708 1624 4784 MG,
1648 4707 1713 4767 CE.
1758 4705 1877 4780 Μ01η,
1901 4707 1977 4768 MA.

388 4808 415 4843 ⁶²
426 4809 595 4886 discordat,
611 4810 688 4886 MG,
704 4810 777 4870 CM.
815 4807 842 4843 ⁵¹
854 4810 934 4884 Om,
949 4809 1016 4883 LA,
1032 4811 1072 4885 Y,
1088 4810 1161 4870 MC.
1199 4807 1446 4885 ⁸⁴0m.,LA,Y
1467 4807 1554 4887 (-†-).
1594 4806 1619 4840 ⁶⁵
1633 4808 1713 4882 Om,
1730 4810 1798 4884 OA,
1815 4809 1882 4881 LA,
1900 4808 1979 4880 MG,

389 4910 463 4986 CM,
482 4910 539 4972 OC
563 4909 651 4987 (-Ι-).
693 4908 851 4985 ⁸⁶'⁵⁷Om.,
871 4910 948 4984 MA,
967 4912 1044 4986 ΜΒ,
1065 4910 1130 4971 CE.
1171 4908 1239 4944 ⁶⁶⁶⁶⁶
1249 4911 1330 4984 Om,
1350 4910 1417 4971 OB.
1459 4906 1724 4970 ⁶⁰testifieandum
1745 4913 1809 4971 sive
1829 4909 1870 4970 ad
1891 4913 1979 4970 testi·

387 5015 531 5086 monium,
547 5011 586 5084 V,
603 5010 675 5083 CE3
690 5014 897 5071 testimouium
914 5013 978 5071 sive
995 5011 1034 5072 ad
1051 5009 1287 5086 testificandum,
1305 5011 1385 5083 MC;
1402 5009 1639 5085 testificandum,
1657 5010 1729 5083 003
1747 5009 1977 5071 rectificandum

388 5115 452 5173 sive
467 5115 686 5186 testimonium,
700 5112 777 5184 MA,
793 5111 870 5186 ΜΒ,
887 5111 944 5172 OB
966 5110 1129 5189 (--sive).
1166 5108 1233 5145 ⁰⁰⁴¹
1244 5110 1324 5187 Om,
1341 5112 1410 5186 OB,
1428 5112 1504 5184 MA,
1521 5113 1598 5187 ΜΒ,
1616 5111 1681 5172 CE.
1721 5109 1747 5144 ⁸²
1758 5119 1800 5188 et,
1818 5112 1885 5188 LA,
1904 5111 1976 5172 MC.

387 5207 492 5286 ⁰⁸uec,
507 5210 576 5286 OB,
591 5211 668 5286 MA,
684 5211 760 5285 ΜΒ,
776 5210 843 5286 CE,
859 5211 933 5298 MC.
970 5209 997 5244 ⁶⁴
1009 5211 1100 5289 quod,
1116 5212 1185 5287 OB,
1202 5213 1279 5287 MA,
1295 5213 1369 5273 ΜΒ.
1409 5209 1622 5289 015οηι.,Μ(ὶ,
1641 5213 1714 5274 CM.
1752 5210 1779 5246 θ’
1791 5217 1834 5287 in,
1852 5214 1919 5288 LA,
1936 5213 1975 5285 Y,

387 5309 460 5369 MC.
502 5309 582 5385 ⁸⁷et,
603 5310 679 5386 ΜΒ,
700 5311 771 5383 ΟΟς
791 5331 858 5386 nec,
877 5312 945 5384 LA,
965 5311 1041 5373 MG.
1082 5309 1202 5388 08Οιη,
1223 5312 1288 5373 CB.
1332 5309 1490 5387 ΝΟΜ,
1511 5314 1581 5388 OB,
1602 5314 1678 5388 MA,
1700 5315 1774 5375 ΜΒ.
1817 5312 1884 5348 ¹¹¹¹¹
1896 5315 1975 5386 Om,

388 5409 465 5484 MG,
482 5409 556 5469 CM.
593 5407 619 5442 ⁷²
631 5413 713 5488 qula,
732 5411 808 5485 MG,
826 5412 900 5486 CM,
917 5412 983 5473 OC.
1023 5410 1141 5486 '⁸Om.,
1159 5411 1228 5486 OB,
1246 5413 1322 5489 MA,
1340 5414 1416 5489 ΜΒ,
1433 5415 1498 5475 CE.
