4432 6340
400 507 474 576 282
934 497 1155 558 BBACTON:
1178 497 1239 558 DE
1263 497 1455 560 LEGIBUS

400 659 440 728 et
459 650 619 728 ulterius
638 675 727 726 non.
749 649 814 726 De
833 648 939 726 nullo
960 657 1090 725 autem
1108 657 1328 725 tenemento
1348 648 1451 748 quod
1470 656 1627 725 tenetur
1647 649 1697 725 ad
1717 649 1926 726 terminum
1946 649 1992 726 fit

399 769 634 868 homagium,
652 768 697 846 fit
714 776 845 845 tamen
862 768 951 844 inde
969 767 1165 844 fidelitatis
1184 776 1476 844 sacramentum

500 888 583 991 Per
596 911 693 986 qreae
705 910 901 986 perronae.

402 1009 489 1084 Pro
508 1031 604 1106 quas
624 1007 829 1106 personas?
849 1005 908 1082 Et
928 1004 1124 1082 sciendum
1144 1003 1247 1104 quod
1268 1029 1347 1081 non
1367 1029 1438 1104 ρετ
1458 1013 1727 1103 procuratores
1749 1029 1818 1081 nee
1839 1031 1909 1104 per
1930 1005 1992 1082 lit·

401 1135 504 1202 teras
529 1125 613 1200 fieri
637 1125 781 1223 poterit
805 1122 1038 1222 homagium,
1065 1123 1131 1200 sed
1157 1122 1197 1198 in
1221 1124 1382 1222 propria
1406 1148 1572 1222 persona
1597 1133 1679 1200 tam
1705 1123 1850 1200 domini
1876 1149 1993 1223 quam

401 1244 566 1320 tenentis
580 1244 667 1342 capi
680 1243 793 1320 debet
805 1250 845 1319 et
859 1242 954 1330 fieri,
967 1242 1058 1340 quia
1071 1243 1112 1318 in
1125 1241 1426 1341 quibuscumque
1439 1241 1588 1318 casibus
1602 1267 1768 1340 persona
1781 1241 1993 1318 neeessaria

402 1361 533 1450 fuerit,
550 1361 749 1460 negotium
764 1387 835 1460 per
850 1369 1140 1460 procuratorem
1155 1360 1216 1436 vel
1233 1386 1304 1459 ρετ
1320 1360 1468 1437 litteras
1484 1360 1657 1459 expediri
1674 1385 1753 1437 non
1770 1360 1925 1459 poterit.

501 1483 528 1558 1
529 1490 608 1559 tern
623 1479 789 1580 qualiter
803 1489 842 1556 et
856 1501 1028 1578 perque
1042 1477 1169 1556 verba.

404 1603 515 1678 Irmu
529 1599 695 1698 qualiter
707 1608 747 1676 et
760 1623 831 1698 ρετ
844 1623 928 1696 quae
940 1598 1057 1674 verba
1071 1596 1154 1674 fieri
1168 1596 1319 1674 debeat⁴
1333 1597 1556 1695 homagium
1562 1595 1589 1671 2⁸
1605 1597 1663 1675 Et
1678 1597 1875 1674 sciendum
1889 1597 1992 1696 quod

401 1719 465 1796 ille
496 1717 562 1817 qui
592 1715 828 1815 homagium⁰
859 1715 1000 1793 faeere'
1031 1715 1144 1792 debet
1174 1715 1336 1792 obtentu
1366 1715 1599 1802 reverentiae,
1630 1713 1733 1815 quia⁸
1765 1715 1878 1792 debet
1908 1715 1992 1792 hoe'

402 1838 558 1915 domino
582 1861 663 1925 suo,
689 1837 794 1913 adire
819 1834 933 1912 debet
957 1834 1156 1911 domimun
1181 1860 1295 1912 suum
1318 1833 1548 1934 ubicumque
1572 1833 1778 1912 inventus¹⁰
1807 1835 1927 1912 fuerit
1951 1835 1993 1910 in

402 1982 535 2056 regno,
552 1955 613 2032 vel
630 1955 719 2032 alibi
737 1955 769 2030 si
784 1955 982 2031 commode
998 1953 1121 2052 possit
1138 1952 1289 2030 adirez¹¹
1306 1963 1346 2031 et
1362 1979 1441 2030 non
1458 1961 1613 2030 tenetur
1630 1953 1807 2030 dominus
1824 1979 1993 2052 quaerere

402 2101 516 2152 auum
536 2081 743 2152 tenentem.
765 2073 823 2150 Et
845 2073 898 2150 sie
917 2071 1031 2149 debet
1050 2071 1273 2170 homagium
1294 2072 1328 2148 ei
1350 2072 1495 2148 faeere:
1518 2072 1632 2149 debet
1653 2071 1836 2170 quidem¹²
1858 2082 1992 2150 tenens

401 2219 539 2270 manus
556 2218 645 2269 suas
661 2200 846 2290 utrasque
861 2215 1005 2290 ponere
1022 2191 1122 2267 inter
1139 2199 1322 2290 utrasque
1339 2215 1477 2266 manus
1493 2189 1639 2266 domini
1657 2189 1755 2278 sui,¹⁸
1774 2217 1845 2290 ρετ
1862 2189 1994 2289 qu0d²⁴

403 2309 670 2410 significatur²'
693 2335 742 2384 ex
766 2317 879 2408 parte
902 2309 1046 2386 domini
1069 2307 1271 2408 protectio,
1294 2308 1468 2385 defensio
1493 2319 1533 2386 et
1555 2310 1754 2398 warantis,
1780 2307 1856 2386 ex¹⁸
1882 2318 1993 2409 parte

402 2428 580 2518 tenentis,
596 2426 805 2505 subieetio¹'
820 2437 859 2505 et
875 2425 1099 2504 reverentia.
1115 2427 1174 2504 Bt
1188 2428 1312 2504 dicere
1327 2427 1439 2504 debet
1454 2427 1532 2503 haeo
1545 2426 1674 2517 verba,
1689 2427 1865 2506 Devenio
1881 2427 1993 2505 horno

403 2557 530 2626 vester
548 2547 597 2624 de
617 2555 836 2624 tenemento
855 2546 960 2644 qaod
978 2546 1027 2624 de
1046 2545 1153 2624 vobis
1174 2555 1297 2634 teneo,
1318 2544 1379 2622 vel
1399 2546 1522 2635 aliter,
1542 2547 1647 2644 quod
1667 2546 1716 2624 de
1736 2545 1843 2624 vobis
1864 2557 1993 2624 tenere

403 2665 535 2754 debeo,
553 2674 592 2744 et
607 2665 725 2764 fidem
741 2664 847 2743 vobis
863 2663 1029 2764 portabo
1045 2665 1094 2743 de
1111 2665 1191 2743 vita
1209 2675 1248 2743 et
1265 2664 1444 2742 membris
1461 2675 1501 2742 et
1519 2675 1671 2742 terreno
1689 2665 1843 2752 honore,
1862 2689 1992 2742 secun·

403 2784 496 2861 dum
516 2784 714 2884 quosdam,
734 2783 796 2860 vel
815 2783 927 2860 aliter
947 2784 1156 2861 seeundum
1177 2783 1283 2873 ahos,
1304 2783 1352 2861 de
1373 2807 1533 2882 corpore
1554 2793 1593 2860 et
1614 2782 1762 2860 eatalls’r
1782 2793 1821 2860 et
1841 2793 1993 2860 terreno

403 2903 558 2992 honore,
572 2912 611 2979 et
623 2903 740 3001 fidem
754 2901 861 2980 vobis
873 2900 1040 3001 portabo
1054 2911 1189 2978 contra
1202 2925 1334 2979 omnes
1348 2911 1497 3000 genter,
1510 2900 1624 3002 μεθ’
1639 2900 1792 2980 vivere¹'
1808 2911 1993 3002 poterut

402 3030 443 3099 et
459 3023 558 3100 mori
573 3019 809 3098 seeundum¹⁰
828 3020 1054 3120 quosdam,¹¹
1070 3019 1205 3098 eatva¹¹
1221 3020 1299 3119 fide
1316 3019 1446 3098 debita
1462 3020 1617 3097 domino
1635 3021 1718 3119 regi
1736 3030 1776 3097 et
1793 3019 1994 3098 heredibus

403 3139 522 3217 erar’a.²⁸
547 3140 606 3217 Et
633 3139 764 3216 statim
791 3137 909 3238 post*
934 3137 1081 3216 faciat‘⁶
1109 3138 1264 3216 domino
1292 3165 1361 3216 suo
1389 3147 1672 3216 sacramentum
1699 3138 1895 3216 fidelitatis
1922 3138 1993 3214 hoe

403 3259 529 3334 modo.

503 3375 569 3452 De
585 3384 826 3452 sacramento
843 3375 1051 3474 fidelitatis.

403 3495 454 3570 H
454 3518 499 3570 oe
515 3493 653 3572 aadie²⁸
670 3495 822 3572 domim
838 3495 893 3572 N.
911 3494 1017 3595 quod
1031 3494 1149 3593 fidem
1165 3495 1331 3593 portabo
1348 3496 1396 3572 de
1413 3495 1494 3572 vita
1510 3505 1550 3572 et
1568 3493 1759 3582 membris,
1778 3517 1938 3594 corpore
1955 3503 1996 3571 et

404 3611 552 3690 caratis
570 3622 609 3690 et
628 3622 781 3690 terreno
799 3613 954 3702 honore,
972 3613 1026 3690 rio
1043 3638 1105 3691 ane
1123 3614 1219 3690 deae
1237 3613 1393 3690 adiuvet
1411 3621 1452 3690 et
1470 3611 1549 3688 bae
1567 3621 1712 3690 sancta
1732 3613 1791 3690 Et
1809 3611 1994 3711 quidam¹⁷

403 3730 492 3806 hie¹⁸
507 3731 677 3807 adiciunt
690 3732 731 3808 in
745 3741 984 3808 sacramento
999 3740 1039 3809 et
1054 3731 1161 3820 bene,
1178 3731 1282 3830 quod
1298 3731 1461 3808 fideliter
1477 3741 1517 3808 et
1532 3731 1612 3808 sine
1627 3731 1890 3820 diminutione,
1906 3755 1994 3807 eon·

403 3849 644 3939 tradietione,
664 3849 725 3927 vel
745 3850 1019 3949 impedimento
1040 3860 1079 3928 et
1100 3850 1283 3927 dilatione
1303 3850 1456 3938 iniusta,
1478 3851 1651 3926 terminis
1673 3850 1829 3927 statutis
1851 3848 1995 3927 faciet·

404 3968 601 4046 servitium
616 3995 729 4046 suum
743 3969 898 4046 domino
914 3995 983 4046 suo
998 3978 1037 4046 et
1052 3969 1254 4046 heredibus
1270 3969 1358 4045 suis.
1376 3969 1435 4045 Et
1450 3969 1533 4044 fieri
1549 3967 1662 4046 debet
1678 3968 1901 4067 homagium
1916 3994 1996 4045 non

404 4086 598 4185 privatim,
622 4088 690 4165 sed
712 4087 824 4164 loeo⁸⁰
849 4086 1002 4188 publico
1027 4086 1093 4164 et⁸¹
1119 4086 1322 4176 communi,
1348 4111 1478 4162 eoram
1502 4086 1677 4186 pluribus
1703 4086 1744 4162 in
1769 4086 1995 4174 comitatu,⁸'

403 4208 616 4297 hundredo,
630 4207 691 4284 vel
705 4205 851 4295 euria,⁸⁸
864 4216 909 4284 ut
924 4208 955 4283 si
970 4207 1073 4283 forte
1085 4214 1221 4282 tenens
1235 4231 1307 4304 per
1321 4205 1509 4282 malitiam
1522 4204 1745 4304 homagium
1759 4205 1875 4282 vellet
1890 4205 1995 4283 dedi-

404 4413 530 4489 ⁴debet,
547 4413 625 4488 MG,
641 4415 681 4490 Y,
697 4415 771 4476 ΟΜ.
809 4411 847 4448 ⁴¹⁸
858 4411 993 4475 debeant
1007 4413 1161 4494 homagia,
1177 4413 1259 4486 MB;
1276 4411 1391 4474 dehent
1405 4411 1560 4491 homagia,
1575 4411 1645 4488 OA,
1662 4413 1730 4488 LA,
1747 4412 1814 4488 CB,
1831 4412 1908 4487 MA,
1925 4413 1995 4488 OB,

405 4516 477 4577 MC.
517 4513 717 4592 ‘homagium
734 4533 832 4591 auum,
849 4514 919 4589 OA,
938 4515 1006 4591 LA,
1024 4513 1092 4588 CB,
1110 4513 1178 4588 ΟΟ,
1197 4514 1270 4574 ΜΟ.
1310 4512 1415 4577 ‘facit
1433 4512 1549 4590 faeere,
1568 4513 1638 4588 OB,
1657 4515 1734 4590 MA,
1754 4515 1829 4575 ΜΒ.
1870 4511 1996 4593 'quam

404 4617 444 4691 V,
461 4615 543 4689 Μῦς
560 4615 652 4695 qood,
668 4615 738 4690 OA,
754 4616 821 4692 LA,
837 4614 906 4690 ΟΟ,
923 4613 998 4676 ΟΜ.
1034 4613 1140 4691 'Om.,
1155 4615 1226 4689 OA,
1242 4616 1310 4692 LA,
1326 4615 1394 4692 OC,
1411 4615 1487 4690 MA,
1506 4615 1579 4677 ΟΜ.
1619 4613 1646 4650 ²⁰
1658 4615 1738 4692 Οτι,
1756 4616 1825 4690 OA,
1844 4616 1910 4692 LA,
1927 4615 1994 4678 OC.

404 4717 431 4754 ¹¹
443 4715 534 4792 adiri,
550 4717 590 4794 V,
604 4716 673 4793 OA,
689 4715 756 4778 CB.
791 4713 924 4791 ¹¹turim,
939 4716 1010 4793 OB,
1026 4715 1102 4791 MA,
1119 4718 1196 4793 ΜΒ,
1213 4717 1288 4793 CM,
1303 4717 1344 4793 Y,
1360 4716 1438 4779 MG,
1475 4714 1601 4776 ²⁸¹²⁴sui
1618 4716 1807 4796 etperhoc,
1825 4717 1904 4792 MG,
1921 4716 1996 4792 ΟΜ,

404 4820 444 4881 Υ.
483 4817 674 4898 ¹'signatum
690 4818 766 4894 ΜΟ,
781 4819 854 4892 LA;
871 4817 1109 4898 significabitur,
1126 4819 1200 4880 ΟΜ.
1237 4815 1308 4879 ²⁰et
1324 4837 1374 4894 ex,
1390 4818 1460 4895 OA,
1478 4818 1552 4893 ΜΟ,
1571 4818 1637 4895 LA,
1654 4816 1722 4893 OC,
1739 4818 1777 4879 V.
1816 4816 1997 4895 ²¹obieetio,

406 4922 482 4997 MA,
500 4921 575 4983 MB.
615 4917 716 5000 ²⁸qui,
733 4919 801 4997 LA,
817 4919 893 4996 ΜΟ,
910 4919 955 4993 V;
974 4938 1044 4996 om,
1061 4920 1129 4983 OA.
1169 4917 1515 4996 1”·”ττ1τίτεττΙτε,ΟΟ.
1557 4915 1715 4994 ὀ·“Οιττ.,
1734 4919 1804 4995 OB,
1823 4920 1900 4997 MA,
1920 4921 1995 4981 MB.

405 5021 471 5058 ’Μ’
482 5022 564 5098 Om,
581 5022 649 5084 OA.
689 5020 808 5098 ²⁴Om.,
825 5021 896 5096 OB,
914 5020 990 5098 MA,
1009 5022 1085 5084 MB.
1124 5017 1229 5097 ”fiat
1247 5019 1317 5097 OB,
1337 5019 1416 5095 MG,
1432 5021 1473 5097 Y,
1492 5020 1572 5094 CM;
1591 5024 1707 5095 veniat,
1725 5020 1791 5082 ΟΟ.
1833 5018 1997 5096 '‘auditis,

405 5125 475 5201 OB,
493 5125 570 5198 ΜΒ,
588 5123 655 5199 ΟΕ,
673 5125 714 5199 Y,
733 5122 808 5198 ΟΜ,
826 5122 900 5185 ΜΟ.
941 5121 966 5156 ²²
978 5121 1111 5201 quidem,
1130 5123 1200 5198 OB,
1220 5122 1286 5196 OC,
1304 5123 1351 5195 Y;
1370 5121 1465 5202 quid,
1485 5123 1562 5198 MA,
1581 5121 1658 5198 ΜΒ,
1677 5124 1752 5199 ΟΜ,
1772 5123 1849 5184 MG.
1891 5120 1997 5198 ”hom

405 5225 475 5302 OA,
491 5226 558 5302 LA,
575 5224 650 5300 ΜΟ,
665 5225 711 5299 V;
727 5245 797 5302 om,
813 5223 881 5287 OC.
920 5221 947 5259 ’⁹
958 5222 1022 5299 fiee,
1039 5224 1116 5300 MA,
1133 5223 1209 5298 ΜΒ,
1228 5223 1295 5299 CB,
1311 5223 1357 5296 Y;
1375 5223 1441 5298 fiat,
1459 5224 1539 5296 CM;
1559 5223 1666 5300 iacies,
1685 5222 1756 5297 LA;
1776 5223 1904 5299 facient,
1922 5224 1996 5286 ΜΟ.

405 5326 477 5388 ⁸⁰in
494 5327 573 5402 loeo,
591 5327 667 5402 ΟΜ,
684 5326 723 5387 V.
764 5325 790 5360 ⁸¹
802 5330 846 5402 in,
865 5327 934 5401 OB,
954 5325 1031 5400 MA,
1050 5327 1127 5402 MB,
1147 5324 1214 5399 ΟΕ,
1232 5325 1273 5399 Y,
1293 5324 1372 5402 MG,
1391 5324 1471 5398 CM;
1492 5331 1525 5386 et
1543 5327 1587 5399 in,
1608 5325 1680 5386 MC.
1723 5323 1790 5360 ⁸¹⁴⁸
1801 5326 1996 5388 eomitatibus

404 5428 573 5491 hundredis
590 5427 641 5489 vel
658 5431 763 5504 curiis,
779 5427 849 5502 OA,
866 5428 933 5503 LA,
953 5427 1026 5488 ΜΟ.
1361 5412 1370 5418 ’
