4432 6336
399 522 471 593 184
930 517 1152 579 BRACTON:
1174 517 1235 577 DE
1259 515 1451 579 LEGIBUS

397 677 486 767 post
506 667 751 743 donationem
771 668 917 744 factam
937 676 1027 744 ante
1046 667 1293 745 traditionem
1314 668 1444 744 furere
1463 666 1608 765 ceperit
1630 666 1805 754 donator,
1826 665 1886 743 vel
1908 690 1988 742 esse

397 809 476 860 non
499 810 600 862 sanae
622 785 760 862 mentis
784 786 844 862 vel
868 787 976 862 bonae
998 787 1200 876 memoriae,
1225 796 1264 864 et
1287 794 1423 886 postea
1446 786 1649 862 subsecuta
1673 785 1792 861 fuerit
1817 784 1987 872 traditio,

397 904 493 979 bene
509 903 650 981 valebit
667 905 835 993 donatio,
853 905 943 1004 quia
958 906 1197 983 voluntatem
1215 931 1331 1004 quam
1347 904 1494 982 babuit⁵
1512 904 1678 980 donator
1695 915 1786 981 ante
1803 904 1987 990 furorem,

397 1033 435 1100 et
460 1048 544 1121 quae
567 1047 645 1099 non
669 1023 746 1099 fuit
770 1032 949 1100 revocata
973 1023 1266 1123 superveniente
1291 1024 1435 1112 furore,
1461 1032 1613 1100 mutare
1638 1048 1717 1099 non
1741 1022 1882 1122 potuit,
1909 1023 1988 1100 sive
2087 1041 2091 1050 ·

396 1140 479 1240 ipse
496 1141 719 1219 donatarius
735 1166 824 1218 cum
840 1143 1070 1220 auctoritate
1085 1143 1146 1219 vel
1163 1143 1243 1220 sine
1261 1169 1301 1220 se
1318 1143 1489 1243 posuerit
1507 1143 1548 1217 in
1566 1142 1754 1230 saisinam,
1772 1140 1825 1218 et⁶
1844 1167 1892 1217 ex
1911 1167 1988 1241 quo

395 1259 633 1336 donatarius*
654 1285 866 1360 numquam
885 1262 1051 1339 mutavit
1070 1262 1327 1339 voluntatem:
1350 1262 1454 1361 quod
1474 1261 1628 1361 quidem
1649 1262 1679 1338 si
1702 1261 1926 1338 donatarius
1948 1287 1987 1338 se

396 1389 558 1478 poneret
572 1381 611 1456 in
625 1380 802 1457 seisinam
816 1381 977 1479 propria
992 1380 1220 1458 auctoritate
1235 1379 1336 1456 cum'
1353 1381 1517 1458 donator
1532 1388 1630 1456 esset
1645 1405 1746 1457 sanae
1760 1381 1910 1469 mentis,
1926 1380 1986 1456 vel

395 1499 426 1573 si
445 1498 625 1588 furiosus,
644 1499 737 1576 dum
756 1499 930 1577 dilucidis
948 1500 1136 1599 gauderet
1155 1499 1376 1588 intervallis
1396 1525 1575 1576 revocare
1594 1500 1708 1577 vellet
1727 1500 1985 1588 donationem,

394 1619 491 1696 bene
507 1629 648 1718 posset,
665 1618 756 1717 quia
770 1644 850 1695 non
864 1619 1113 1695 intervenerit
1129 1619 1337 1696 auctoritas
1353 1619 1415 1694 vel
1431 1619 1589 1696 traditio
1606 1619 1761 1696 seisinae.
1781 1619 1838 1694 Si·
1857 1627 1987 1695 autem

395 1739 619 1817 donatarius
633 1750 722 1838 post
737 1739 983 1816 donationem
997 1747 1037 1815 et
1050 1749 1140 1816 ante
1153 1737 1402 1815 traditionem
1417 1738 1547 1814 furere
1562 1737 1719 1836 ceperit,
1734 1738 1796 1813 vel
1810 1763 1892 1814 esse
1907 1763 1987 1814 non

394 1882 496 1934 sanae
510 1858 661 1946 mentis,
678 1883 756 1934 non
770 1857 912 1936 valebit
928 1857 1086 1935 donatio
1103 1857 1199 1934 nec²⁰
1214 1857 1385 1947 traditio,
1403 1856 1493 1956 quia
1508 1857 1596 1933 licet
1614 1856 1778 1933 donator
1794 1857 1834 1934 in
1852 1857 1985 1932 volun·

393 1985 475 2053 tate
489 1977 667 2053 tradendi
681 1976 864 2065 extiterit,
879 1977 1036 2054 tamen11
1053 1975 1276 2054 donatarius
1292 1977 1463 2052 animum
1477 1976 1665 2052 retinendi
1681 1975 1900 2065 nonhabet,
1916 2001 1986 2053 nec

393 2096 613 2196 recipiendi,
634 2104 674 2174 et
693 2097 779 2173 ideo
800 2097 965 2173 donator
985 2121 1197 2194 numquam
1216 2095 1356 2172 desinit
1377 2094 1571 2195 possidere
1591 2121 1640 2171 ex
1663 2120 1739 2194 quo
1761 2095 1984 2172 donatarius

393 2215 561 2313 incipere
585 2239 663 2290 non
687 2223 827 2315 potest.
854 2216 958 2292 Item
983 2216 1063 2292 sine
1085 2214 1294 2292 traditione
1319 2215 1464 2314 poterit
1488 2213 1572 2312 quis
1597 2214 1765 2314 incipere
1790 2214 1984 2313 possidere

393 2360 465 2434 per
477 2335 635 2433 longam
650 2344 689 2412 et
703 2335 904 2434 pacificam
918 2333 1095 2411 seisinam
1108 2341 1149 2410 et
1164 2333 1389 2410 continuum
1404 2359 1528 2422 usum,
1544 2333 1632 2411 licet
1649 2332 1774 2410 alius²²
1790 2333 1985 2432 possidere

393 2476 473 2529 non
500 2452 663 2542 desinat,
693 2453 783 2553 quia
811 2453 952 2530 dicitur
981 2453 1156 2552 superius
1185 2453 1289 2550 quod
1317 2452 1588 2529 traditionibus
1616 2462 1656 2529 et
1686 2454 1983 2553 usucapionibus

392 2597 523 2649 rerum
550 2572 719 2650 dominia
746 2581 785 2650 et
813 2573 1068 2672 possessiones
1096 2572 1399 2650 transferuntur.
1430 2573 1535 2648 Item
1565 2572 1709 2671 poterit
1738 2597 1818 2648 esse
1847 2571 1985 2649 saisina

391 2701 526 2771 tenera
545 2701 584 2769 et
602 2690 704 2769 bona
723 2702 761 2769 et
780 2692 904 2768 firma.
923 2691 993 2768 Ad
1013 2693 1116 2790 quod
1135 2691 1302 2768 breviter
1321 2692 1536 2768 notandum
1556 2693 1660 2790 quod
1679 2716 1890 2790 numquam
1910 2692 1983 2768 erit

391 2821 526 2890 tenera
547 2810 640 2888 ubi¹⁸
663 2810 925 2887 concurrunt1⁴
949 2809 1006 2888 ius
1030 2818 1070 2887 et
1093 2810 1311 2910 proprietas
1335 2820 1374 2888 et
1396 2811 1545 2899 saisina,
1569 2819 1616 2887 ut
1639 2810 1670 2888 si
1693 2811 1753 2888 ius
1777 2812 1983 2889 descendat

392 2931 504 3008 alicui
534 2930 762 3009 hereditarie
793 2941 833 3009 et
864 2955 904 3008 se
935 2930 1108 3031 posuerit
1139 2931 1180 3006 in
1212 2929 1389 3006 seisinam
1421 2953 1583 3006 vacuam
1615 2929 1695 3007 sine
1727 2931 1982 3020 contentione,

390 3078 563 3141 vacuam,
578 3053 674 3141 dico,
690 3051 817 3128 animo
831 3062 870 3129 et
885 3076 1057 3150 corpore,
1073 3049 1204 3127 statim
1216 3048 1371 3126 habebit
1386 3049 1548 3125 liberum
1562 3058 1826 3126 tenementum
1841 3050 1881 3125 in
1896 3050 1983 3149 ipsa

391 3170 673 3248 coniunctione:
693 3170 774 3246 sine
793 3169 1037 3247 contentione
1057 3170 1152 3257 dico,
1173 3168 1383 3246 secundum
1403 3168 1506 3268 quod
1525 3169 1719 3245 contentio
1739 3168 1841 3245 iusta
1862 3169 1981 3245 fuerit

390 3291 451 3367 vel
463 3289 657 3379 iniuriosa,
671 3296 711 3365 et
724 3290 933 3365 secundum
946 3289 1050 3387 quod
1063 3288 1239 3386 superius
1254 3288 1400 3364 dictum
1414 3297 1482 3365 est.
1500 3288 1603 3364 Item
1616 3289 1750 3365 eodem
1763 3288 1879 3365 modo
1894 3314 1981 3365 cum

390 3410 450 3487 ius
463 3417 503 3486 et
517 3409 704 3509 possessio
718 3407 922 3485 coniuncta
937 3405 1111 3484 fuerint¹⁸
1126 3408 1166 3483 in
1180 3408 1293 3484 unica
1308 3417 1347 3484 et
1363 3408 1497 3484 eadem
1511 3432 1688 3506 persona,
1704 3417 1744 3484 et
1760 3407 1831 3484 sub
1847 3408 1981 3484 eadem

390 3526 667 3618 coniunctione,
685 3552 734 3604 ex
753 3551 993 3626 quacumque
1009 3551 1126 3602 causa
1145 3525 1421 3625 adquisitionis,
1440 3551 1528 3603 cum
1547 3526 1633 3625 ipsa
1652 3523 1721 3602 re²⁶
1741 3526 1980 3603 transferan-

389 3657 456 3723 tur
474 3646 524 3723 ad
542 3645 671 3735 alium,
691 3647 754 3723 ille
773 3647 838 3744 qui
858 3645 997 3745 accipit
1015 3645 1146 3722 statim
1164 3644 1280 3722 babet
1298 3655 1517 3744 utrumque,
1539 3655 1576 3722 et
1596 3671 1667 3744 per
1686 3670 1920 3745 consequens
1940 3645 1981 3722 in

390 3767 476 3866 ipsa
502 3766 710 3843 traditione
737 3765 870 3842 statim
896 3764 1011 3842 habet
1038 3764 1201 3841 liberum
1227 3772 1502 3841 tenementum.
1535 3764 1577 3840 Si
1607 3773 1737 3840 autem
1766 3765 1873 3841 facta
1902 3763 1979 3841 sit²'

390 3885 547 3962 donatio
567 3885 616 3962 de
636 3911 678 3962 re
700 3883 835 3974 aliena,
858 3884 919 3960 vel
940 3893 1076 3960 contra
1098 3884 1389 3960 conventionem
1409 3883 1470 3959 vel
1492 3883 1751 3960 condicionem
1773 3884 1834 3960 vel
1857 3885 1978 3961 intru-

389 4005 534 4082 sionem
559 4006 619 4082 vel
644 4004 892 4093 disseisinam,
918 4029 1131 4101 numquam
1155 4003 1228 4081 erit
1252 4002 1304 4078 ibi
1329 4001 1517 4102 possessio
1542 4004 1657 4079 firma
1681 4012 1720 4080 et
1745 4002 1885 4092 valida,
1911 4005 1979 4081 sed

387 4132 522 4200 tenera
539 4123 611 4200 erit
630 4149 827 4222 quousque
845 4121 1100 4199 substantiam
1118 4122 1262 4221 ceperit
1280 4148 1301 4198 e
1320 4120 1347 4157 ¹⁸
1365 4148 1413 4198 ex
1431 4130 1606 4221 tempore
1624 4123 1742 4219 longo
1760 4133 1799 4200 et
1818 4122 1979 4220 pacifico

389 4243 492 4342 quod
509 4241 680 4319 sufficere
697 4241 819 4341 possit
837 4267 911 4341 pro
927 4240 1054 4331 titulo,
1072 4241 1239 4318 maxime
1258 4249 1394 4317 contra
1411 4267 1546 4317 verum
1565 4241 1762 4318 dominum
1782 4241 1870 4316 vel²⁹
1889 4266 1977 4317 con·

386 4372 451 4440 tra
464 4361 753 4439 conventionem
769 4371 808 4438 et
823 4359 1093 4436 condicionem.
1111 4359 1260 4436 Contra
1275 4360 1501 4435 donatorem
1516 4385 1607 4435 vero
1622 4359 1711 4437 vel²⁰
1727 4361 1977 4450 venditorem,

388 4479 455 4555 et¹²
475 4479 568 4555 alios
588 4479 654 4577 qui
673 4479 731 4555 ius
750 4504 829 4555 non
847 4478 1000 4567 habent,
1021 4479 1134 4554 firma
1152 4479 1225 4555 erit
1244 4487 1283 4555 et
1303 4478 1431 4555 valida
1450 4486 1640 4576 quantum
1661 4481 1712 4556 ad
1730 4480 1839 4568 taleS,
1860 4479 1977 4579 quia⁸²

388 4600 520 4676 statim
538 4600 633 4675 facit
650 4599 814 4674 libemm
831 4606 1095 4674 tenementum
1113 4596 1154 4672 in
1172 4598 1257 4696 ipsa
1275 4597 1492 4674 traditione.
1513 4599 1572 4673 Et
1591 4599 1644 4675 sic
1663 4599 1844 4676 adversus
1864 4624 1977 4699 quos-

387 4718 479 4795 dam
493 4718 565 4795 erit
579 4715 708 4793 valida
723 4716 771 4792 ab
787 4716 907 4805 initio,
922 4715 1091 4792 invalida
1108 4725 1237 4793 autem
1251 4726 1291 4793 et
1307 4727 1441 4793 tenera
1456 4727 1645 4815 quantum
1663 4719 1713 4796 ad
1730 4717 1835 4794 aiios.

387 4933 564 5010 'babuerit
576 4934 671 4996 MSS.
683 4955 748 4995 var.
782 4931 887 5007 ⁸Om.,
899 4935 968 5009 OB,
980 4933 1057 5007 Mn,
1070 4935 1147 5009 ΜΒ,
1159 4934 1224 4996 CE.
1259 4932 1425 5009 'donaton
1438 4935 1478 5009 V,
1490 4936 1557 4996 OB.
1594 4932 1839 5011 ⁸et,MG,CM.
1874 4934 1978 5010 ’cum,

387 5035 454 5111 OC,
473 5036 550 5110 MG,
569 5036 642 5096 CM.
683 5035 780 5109 ¹⁰vel,
798 5036 838 5109 V,
857 5036 934 5111 MG,
953 5037 1028 5111 CM,
1047 5037 1113 5111 LA,
1132 5037 1198 5097 00.
1240 5035 1265 5070 ²¹
1278 5057 1356 5110 cum,
1375 5037 1442 5109 OC,
1462 5038 1540 5112 MG,
1560 5038 1633 5098 CM.
1674 5036 1793 5111 ¹²0m.,
1812 5039 1881 5113 OB,
1901 5039 1976 5099 ΜΒ.

387 5133 413 5168 ²³
425 5139 496 5210 nisi,
510 5135 550 5211 V,
563 5135 658 5198 MSS.
673 5156 737 5197 var.
774 5134 801 5170 ¹⁴
811 5144 1007 5210 concurrant,
1023 5136 1062 5212 V,
1076 5136 1146 5211 OB,
1161 5138 1242 5210 MB;
1258 5145 1393 5214 accurat,
1408 5139 1483 5200 MA.
1520 5136 1546 5171 ¹⁸
1558 5143 1621 5200 sint
1635 5140 1684 5200 vel
1700 5139 1828 5213 iuertnt,
1844 5140 1883 5216 V,
1899 5141 1978 5216 MG,

388 5235 898 5310 CM;fnerintvelIuerint,OC.
939 5237 965 5271 ²⁸
977 5236 1057 5313 0m.,
1075 5238 1145 5312 OB,
1162 5239 1238 5312 ΜΒ,
1261 5239 1316 5316 (-{-
1331 5239 1426 5317 MA).
1466 5239 1493 5274 ²⁷
1506 5239 1613 5317 iuertt,
1631 5243 1700 5316 OB,
1719 5244 1796 5318 MA,
1814 5242 1891 5316 ΜΒ,
1910 5242 1978 5318 CE,

387 5335 426 5396 Y.
463 5334 581 5410 ²⁸0m.,
596 5336 673 5411 MA,
688 5338 765 5413 ΜΒ,
779 5338 1021 5414 CE,Y;-ex,
1036 5340 1103 5400 OB.
1141 5339 1260 5416 ¹⁹Om.,
1274 5342 1406 5415 OB3et,
1422 5344 1498 5418 MA,
1514 5344 1591 5418 ΜΒ,
1606 5344 1648 5419 Υ,
1664 5344 1729 5405 cE.
1767 5341 1977 5420 ²⁰0na,on;

387 5442 428 5509 et,
444 5437 520 5510 MA,
537 5436 613 5513 ΜΒ,
629 5438 696 5513 CE,
713 5439 751 5501 Y.
790 5437 815 5471 ¹²
827 5438 886 5515 vel,
903 5440 981 5515 MG,
998 5440 1072 5502 cM.
1109 5438 1136 5474 ²²
1147 5445 1211 5519 qui,
1228 5443 1296 5518 OB,
1314 5443 1354 5518 Y,
1371 5445 1447 5519 MA,
1464 5445 1539 5506 ΜΒ.
