4392 6352
648 502 710 563 DE
732 502 1036 575 ADQUIRENDO
1058 505 1216 566 RERUM
1240 504 1442 567 DOMINIO
1769 513 1842 588 279

254 649 404 727 catione
425 651 514 727 vel¹⁸
536 652 644 730 sine¹⁸
667 653 923 753 expressione,
946 656 1039 732 dum
1062 665 1193 731 tamen
1217 656 1297 731 sine
1320 656 1556 755 exceptione,
1580 658 1676 733 bene
1700 658 1845 757 poterit

254 767 451 847 ecclesiam
465 771 641 848 conferre
656 797 743 848 cum
758 773 951 850 vacaverit
967 781 1006 849 et
1022 774 1198 872 quotiens
1215 775 1419 851 vacaverit.
1440 774 1518 851 Sed
1534 774 1640 851 illam
1658 777 1750 853 dare
1765 801 1845 852 non

253 888 398 986 poterit
416 888 499 964 loco
518 889 695 988 religioso
714 891 775 967 vel
794 891 884 967 alibi
904 901 1112 990 antequam
1130 902 1254 981 vacat,
1274 903 1313 970 et
1333 891 1409 969 sit1¹
1430 892 1471 969 in
1489 894 1727 992 possessione
1747 920 1843 994 prae-

254 1006 443 1098 sentandi,
462 1033 539 1106 quo
556 1009 680 1107 magis
699 1010 933 1107 impediatur
951 1011 1197 1109 presentatio
1215 1009 1392 1088 heredis¹⁸
1410 1022 1450 1089 et
1468 1013 1631 1088 waranti
1651 1014 1720 1101 sui,
1741 1014 1845 1112 quod

254 1127 285 1201 si
301 1125 437 1202 fecerit
451 1127 559 1203 heres
574 1126 826 1204 restituetur²⁹
844 1127 893 1204 ad
911 1128 1086 1206 seisinam
1103 1129 1409 1228 praesentationis
1426 1155 1503 1207 suae
1518 1131 1580 1206 vel
1596 1132 1844 1208 antecessoris

254 1243 312 1320 sui
332 1269 402 1343 per
422 1244 590 1334 assisam
610 1247 764 1345 quodsi
784 1248 1073 1344 praesentaverit
1092 1273 1192 1324 uxor
1211 1249 1252 1324 in
1272 1248 1459 1326 viduitate
1480 1276 1549 1326 sua
1570 1259 1660 1348 post
1680 1259 1844 1327 mortem

252 1363 324 1439 viri
348 1365 412 1462 qui
435 1363 624 1453 dotavit,²⁰
645 1366 706 1441 vel
730 1365 761 1441 si
784 1365 961 1462 nupserit
983 1368 1161 1455 secundo,
1185 1376 1225 1443 et
1247 1367 1321 1467 ipsi
1346 1367 1458 1443 simul
1482 1367 1657 1446 dederint
1681 1370 1842 1445 advoca·

251 1483 397 1559 tionem
414 1482 497 1559 loco
514 1483 693 1581 religioso
711 1485 772 1560 vel
792 1483 904 1560 alicui
922 1485 1083 1583 privatae
1102 1510 1285 1585 personas,
1306 1511 1377 1585 per
1395 1486 1466 1561 hoc
1486 1487 1687 1563 auferetur
1707 1487 1844 1565 seisina

251 1600 557 1699 praesentationis
574 1627 643 1678 suo
659 1611 845 1692 waranto,
863 1612 902 1680 et
918 1611 1115 1680 warantus
1133 1612 1402 1702 postmortem
1419 1606 1550 1683 uxoris
1568 1631 1647 1680 non
1664 1607 1843 1683 audiettu

252 1721 325 1796 nisi
342 1729 497 1797 tantum
515 1747 632 1820 super
650 1721 889 1820 proprietate
909 1747 979 1820 per
997 1722 1111 1798 breve
1130 1723 1179 1798 de
1197 1730 1313 1799 recto.
1334 1723 1392 1800 Et
1412 1749 1488 1821 quo
1506 1748 1598 1800 casu
1618 1725 1841 1801 donatarius

250 1848 469 1915 warantum
482 1839 633 1915 vocabit
646 1840 871 1916 donatorem
885 1841 946 1916 vel
961 1841 1041 1918 eius
1054 1840 1243 1930 heredem,
1258 1851 1304 1917 ut
1319 1842 1559 1918 excambium
1573 1852 1840 1942 consequatur.

254 1955 333 2032 Sed
346 1956 439 2054 quid
452 1956 482 2033 si
496 1957 610 2033 cum²²
625 1983 725 2034 uxor
738 1960 948 2035 secundum
961 1959 1087 2035 virum
1102 1960 1358 2059 supervixerit
1373 1969 1412 2036 et
1428 1961 1716 2037 advocationem
1731 1970 1843 2061 petat

252 2077 281 2153 f.
296 2076 391 2170 97b]
447 2101 518 2175 per
532 2076 646 2153 breve
661 2077 709 2152 de
724 2076 911 2174 ingressu,
926 2103 971 2153 eo
987 2079 1089 2176 quod
1104 2079 1187 2154 viro
1202 2103 1272 2156 suo
1286 2079 1546 2156 contradicere
1562 2105 1640 2155 non
1657 2080 1786 2179 potuit
1801 2080 1841 2155 in

250 2196 333 2271 vita
346 2195 429 2284 viri,
446 2220 516 2272 nec
532 2195 619 2272 finis
635 2220 704 2272 nec
720 2196 972 2294 cirograffum
989 2197 1237 2273 intervenerit
1254 2197 1294 2272 in
1311 2197 1417 2273 curia
1434 2197 1557 2295 regis?
1575 2197 1773 2286 Quaeritur
1791 2222 1841 2273 an

251 2314 376 2389 audiri
391 2314 539 2390 debeat.
555 2314 614 2390 Et
627 2314 781 2391 videtur
795 2315 899 2412 quod
914 2315 977 2402 sic,
994 2314 1092 2391 sicut
1107 2315 1154 2390 de
1170 2339 1410 2413 quaerunque
1425 2315 1567 2391 aliare.
1586 2317 1690 2391 Item
1707 2315 1737 2392 si
1753 2337 1841 2390 cum

250 2433 363 2530 ipsa²⁸
377 2443 508 2532 petere
521 2431 733 2530 inceperit²⁸
747 2459 817 2533 per
830 2433 945 2509 breve
959 2434 1007 2509 de
1019 2433 1206 2531 ingressu,
1220 2442 1416 2510 warantus
1432 2459 1523 2510 suus
1539 2433 1711 2510 similiter
1726 2459 1840 2531 agere

251 2551 410 2651 incipiat
433 2578 503 2650 per
525 2551 640 2628 breve
663 2552 849 2640 derecto,
871 2552 1034 2628 uxorin
1057 2552 1128 2626 hoc
1149 2577 1241 2628 casu
1264 2552 1337 2628 erit
1360 2552 1613 2651 praeferenda„
1638 2553 1696 2628 Et
1720 2554 1751 2628 si
1774 2552 1842 2628 illa

250 2669 471 2759 obtinuerit,
487 2695 557 2768 per
571 2670 642 2745 boc
657 2671 716 2747 ius
731 2671 894 2747 waranti
909 2671 1186 2747 reformabitur
1201 2669 1274 2759 ei,²⁴
1291 2680 1336 2746 ut
1353 2670 1514 2747 eandem
1531 2670 1707 2747 seisinam
1725 2697 1841 2769 quam

250 2814 351 2865 uxor
371 2788 545 2878 habuit,²⁸
567 2789 706 2865 habeat
728 2797 923 2866 warantus
946 2798 1222 2887 postmortem
1245 2788 1387 2865 uxoris.
1413 2789 1471 2866 Et
1495 2789 1526 2864 si
1549 2789 1590 2865 in
1613 2790 1840 2887 probatione

250 2908 343 2984 iuris
369 2907 552 2984 defecerit
576 2933 687 2996 uxor,
711 2907 866 2983 videtur
889 2908 993 3006 quod
1019 2932 1215 2984 remanere
1241 2908 1378 2984 debeat
1404 2907 1504 2984 actio
1530 2909 1692 2985 waranti
1718 2932 1840 3007 usque

251 3026 301 3102 ad
317 3035 481 3102 mortem
497 3027 640 3115 uxoris,
658 3051 701 3100 ac
718 3027 749 3103 si
765 3035 864 3103 esset
882 3027 912 3102 si
929 3027 1014 3124 ipsa
1031 3051 1100 3124 per
1119 3052 1158 3103 se
1175 3027 1215 3102 in
1232 3025 1420 3103 viduitate
1439 3052 1508 3102 sua
1526 3034 1616 3126 post
1633 3035 1839 3124 praesenta·

249 3147 394 3224 tionem
409 3146 573 3223 dedisset
588 3147 888 3223 advocationem.
903 3147 962 3223 Et
975 3147 1090 3245 longe
1105 3146 1211 3223 aliud
1225 3154 1282 3222 est
1297 3148 1390 3222 dare
1405 3146 1600 3223 ecclesiam
1615 3173 1731 3246 quam
1748 3147 1840 3223 dare

250 3267 550 3355 advocationem,
569 3266 658 3364 quia
675 3266 740 3364 qui
757 3265 1046 3342 advocationem
1062 3266 1142 3354 dat,
1160 3266 1350 3342 transfert
1367 3265 1562 3342 ecclesiam
1580 3274 1620 3341 et
1636 3266 1763 3365 ipsum
1780 3265 1839 3342 ius

250 3384 519 3485 praesentandi,
539 3382 679 3460 scilicet
698 3383 874 3460 seisinam
893 3409 981 3460 cum
1000 3383 1120 3460 fuerit
1139 3384 1180 3458 in
1198 3383 1335 3460 seisina
1355 3385 1623 3483 praesentandi.
1647 3385 1689 3460 Si
1710 3393 1840 3460 autem

250 3502 445 3580 ecclesiam
462 3502 609 3580 dederit
625 3502 709 3602 quis
727 3503 839 3578 alicui
855 3503 921 3602 qui
937 3502 987 3579 ad
1003 3503 1339 3602 praesentationem
1355 3502 1595 3591 admittatur,
1613 3502 1752 3578 retinet
1770 3502 1839 3578 sibi

251 3623 427 3700 saisinam
448 3621 705 3721 praesentandi
726 3630 764 3698 et
785 3615 843 3696 ius
865 3629 1108 3720 patronatus,
1130 3621 1355 3719 cuicumque
1377 3620 1428 3697 sic
1452 3621 1557 3696 facta
1580 3621 1699 3697 fuerit
1722 3622 1838 3696 dona·

248 3744 316 3833 tio,
332 3744 492 3843 privatae
507 3768 679 3843 personae
692 3743 753 3818 vel
767 3743 851 3818 loco
865 3741 1054 3840 religioso,
1070 3743 1111 3817 in
1125 3742 1303 3841 proprios
1318 3767 1410 3817 usus
1425 3742 1486 3816 vel
1503 3742 1577 3816 alio
1592 3743 1718 3817 modo.
1735 3743 1839 3818 Item

251 3870 332 3938 esto
357 3863 461 3960 quod
485 3861 633 3961 primus
656 3861 716 3936 vir
741 3861 807 3959 qui
833 3859 1009 3936 dotavit²⁶
1035 3860 1262 3937 nominatim
1288 3885 1375 3935 cum
1402 3860 1652 3936 advocatione
1677 3861 1738 3937 vel
1764 3860 1839 3935 alio

249 3983 365 4059 modo
385 3991 430 4058 ut
448 3981 675 4081 pradictum
695 3989 765 4068 est,
786 3980 827 4054 in
845 3978 928 4054 vita
947 4004 1018 4055 sua
1036 3978 1324 4055 advocationem
1346 3978 1494 4054 dederit
1514 3978 1627 4054 alicui
1648 3978 1731 4053 loco
1753 3978 1838 4055 reli·

249 4100 369 4198 gioso,
389 4100 498 4176 heres
516 4099 596 4175 eius
615 4124 702 4174 oum
723 4097 858 4174 obierit
877 4105 1032 4173 tenetur
1052 4096 1339 4172 advocationem
1359 4096 1466 4172 illam
1485 4122 1603 4195 quam
1623 4106 1840 4173 antecessor

250 4246 341 4298 suus
355 4219 609 4296 incumbravit
623 4218 834 4294 deliberare
848 4217 879 4294 si
894 4215 1054 4317 possit,²'
1069 4218 1129 4294 vel
1143 4218 1178 4294 ei
1193 4217 1414 4294 satisfacere
1428 4218 1478 4293 ad
1492 4217 1700 4293 valentiam
1714 4218 1745 4294 si
1760 4242 1839 4292 non

250 4338 389 4438 possit:
408 4347 448 4415 et
466 4339 497 4414 si
515 4337 621 4413 illam
637 4337 750 4412 uxori
769 4333 1062 4413 deliberaverit²⁸
1082 4336 1147 4412 illa
1167 4335 1310 4435 poterit
1330 4336 1380 4411 ad
1400 4336 1595 4411 ecclesiam
1614 4335 1721 4411 illam
1742 4360 1837 4435 prae-

250 4466 402 4534 sentare
421 4457 451 4532 si
468 4456 672 4532 vacaverit.
692 4456 750 4531 Et
769 4457 846 4532 sive
865 4455 1058 4531 vacaverit
1076 4455 1154 4531 sive
1172 4479 1262 4543 non,
1282 4463 1371 4554 post
1390 4463 1554 4531 mortem
1572 4454 1704 4530 uxoris
1723 4453 1838 4530 advo·

249 4576 349 4652 catio
367 4576 435 4652 illa
453 4577 503 4652 ad
522 4578 679 4652 domum
697 4575 892 4673 religionis
912 4583 1138 4664 revertetur,
1159 4584 1321 4675 propter
1341 4574 1486 4651 donum
1506 4575 1621 4675 primi
1642 4575 1714 4651 viri
1735 4574 1838 4674 quod

249 4695 406 4771 firmum
428 4720 510 4770 esse
531 4694 655 4770 debet.
680 4695 781 4771 Cum
804 4703 934 4771 autem
955 4692 1004 4770 de
1026 4694 1141 4770 tertia
1164 4702 1276 4793 parte
1299 4694 1434 4770 dotata
1458 4694 1577 4770 fuerit
1600 4705 1639 4770 et
1661 4703 1747 4774 tota
1769 4694 1837 4770 dos

249 4811 453 4901 vacaverit,
468 4813 546 4889 sive
558 4812 599 4888 in
611 4837 689 4887 uno
701 4811 872 4889 manerio
886 4812 963 4889 sive
977 4813 1018 4887 in
1030 4813 1218 4911 pluribus,
1234 4814 1281 4889 de
1295 4812 1401 4888 nullo
1416 4812 1521 4911 quod
1534 4813 1582 4889 de
1597 4811 1683 4889 sui²⁹
1697 4821 1838 4888 natura

248 5027 421 5090 ²³ecclesiae
436 5029 496 5104 vel,
512 5030 579 5106 LA,
595 5029 668 5090 MC.
706 5028 824 5104 1⁶Om.,
842 5031 911 5107 OB,
927 5031 1003 5106 MA,
1020 5031 1095 5090 ΜΒ.
1134 5029 1226 5106 17εἰσ,
1243 5030 1312 5105 OB,
1330 5029 1408 5104 MG,
1426 5029 1498 5089 CM.
1537 5024 1657 5102 1⁸Om.,
1674 5025 1743 5102 OB,
1761 5028 1837 5102 MA,

248 5130 323 5191 ΜΒ.
366 5128 393 5164 ²⁹
405 5133 597 5204 restituatur,
618 5131 687 5206 OB,
707 5132 788 5204 MA3
815 5131 873 5208 (-
883 5130 964 5208 quod
986 5135 1012 5190 si
1035 5175 1042 5191 .
1066 5175 1073 5190 .
1098 5174 1105 5189 .
1127 5135 1186 5204 sui,
1208 5130 1303 5208 ΜΒ).
1348 5127 1374 5163 ²⁰
1386 5127 1549 5206 dotaverit,
1571 5131 1640 5204 OB,
1662 5128 1738 5202 MA,
1761 5129 1838 5203 ΜΒ,

249 5230 327 5304 MG,
343 5231 383 5304 Y,
400 5229 617 5303 CM3dotavit
633 5251 710 5306 eam,
727 5233 767 5307 V,
784 5233 857 5293 CM.
898 5230 924 5265 ²¹
936 5231 1016 5307 Om,
1033 5233 1102 5307 OB,
1120 5232 1196 5307 MA,
1215 5231 1289 5292 ΜΒ.
1330 5229 1356 5263 ²²
1367 5234 1445 5309 ipse,
1463 5231 1541 5308 MG,
1559 5231 1632 5291 CM.
1671 5228 1699 5264 ¹⁸
1710 5235 1837 5308 ceperit,

247 5331 287 5404 V,
300 5332 368 5407 OA,
383 5331 450 5405 LA,
462 5332 530 5406 ΟΕ,
543 5331 616 5393 MC.
652 5329 679 5364 ²⁴
690 5330 770 5404 om,
784 5332 853 5407 OB,
868 5332 944 5407 MA,
958 5333 1035 5407 ΜΒ,
1050 5333 1089 5409 Υ,
1105 5333 1181 5393 MG.
1218 5330 1409 5405 ”habuerit
1424 5332 1517 5394 MSS.
1533 5353 1598 5393 var.
1634 5329 1661 5365 ²⁶
1673 5331 1837 5407 dotaverit,

248 5431 326 5508 ΜΘ,
344 5432 417 5492 cM.
458 5431 484 5464 ⁸⁷
495 5438 612 5511 posset,
629 5431 699 5508 OB,
717 5432 793 5508 MA,
812 5432 886 5493 ΜΒ.
927 5431 1158 5507 ²⁸deliberavit,
1177 5433 1247 5510 OB,
1266 5433 1340 5494 MA.
1382 5431 1486 5509 ”aaa
1505 5433 1544 5509 V,
1564 5433 1629 5494 ΟΕ.
