4374 6366
356 490 431 558 886
888 483 1112 545 BRACTON:
1133 483 1195 545 DE
1219 484 1411 546 LEGIBUS

356 631 406 710 sit
426 633 475 708 de
493 630 650 708 crimine
670 630 731 707 ei²²
751 630 931 730 imposito
951 634 1012 709 vel
1034 658 1123 722 non,
1143 633 1205 709 vel
1226 632 1486 709 defendendi¹⁸
1508 659 1548 710 se
1569 659 1640 732 per
1660 658 1799 733 corpus
1821 659 1945 711 suum.

358 750 401 826 Si
420 759 550 827 autem
569 749 765 849 patriam¹⁴
784 750 942 848 elegerit
960 751 1011 827 ad
1029 750 1293 827 defensionem
1311 777 1382 851 per
1400 776 1540 851 corpus
1561 779 1673 828 suum
1693 778 1741 828 ex
1763 752 1944 850 paeniten·

356 869 412 945 tia
428 869 569 946 reverti
586 894 665 944 non
681 869 837 968 poterit,
856 869 923 945 sed
939 893 1010 967 per
1028 869 1197 968 patriam
1214 869 1413 967 negotium
1430 870 1711 959 terminabitur,
1732 895 1801 947 nec
1819 897 1841 947 e
1859 895 1946 946 con·

355 987 487 1063 trario.
509 987 552 1063 Si
569 994 699 1062 autem
717 1012 787 1086 per
805 1012 945 1086 corpus
964 1013 1077 1063 suum
1094 987 1240 1064 intret¹⁶
1259 987 1298 1064 in
1318 988 1579 1065 defensionem
1596 987 1690 1064 nihil
1710 989 1946 1088 excipiendo,

356 1104 488 1181 statim
505 1104 709 1181 radietur¹⁶
727 1105 827 1180 inter
845 1130 908 1181 eos
927 1104 1109 1194 duellum,
1128 1107 1159 1182 si
1178 1106 1306 1182 omnia
1322 1106 1395 1182 rite
1413 1115 1644 1183 concurrant
1662 1116 1701 1184 et
1719 1106 1949 1205 principalia

355 1221 523 1300 maxime
537 1222 736 1322 appellum
750 1222 959 1300 facientia²⁷
975 1233 1014 1301 et
1028 1223 1140 1322 quae¹⁸
1152 1224 1322 1322 iungunt
1337 1224 1518 1301 duellum.
1535 1225 1593 1301 Et
1608 1225 1640 1302 si
1657 1224 1759 1301 forte
1776 1224 1946 1323 appella·

356 1339 448 1417 tus²⁹
465 1341 536 1418 hoc
552 1341 721 1419 omiserit
737 1340 991 1418 iustitiarius²⁰
1009 1368 1057 1418 ex
1073 1340 1196 1418 officio
1214 1368 1283 1419 suo
1300 1341 1441 1418 debet²²
1459 1343 1587 1419 omnia
1605 1341 1835 1419 examinare.

458 1460 577 1553 Quod
586 1461 629 1536 ia
639 1460 767 1538 duello
779 1460 975 1559 ionpcndo
987 1460 1215 1538 institimus
1228 1459 1340 1536 debet
1355 1459 1484 1537 omnia
1496 1460 1702 1557 dilipenter
1715 1459 1945 1538 abominare.

358 1579 562 1654 Imrmmrs
577 1577 727 1654 factum
739 1587 778 1655 et
792 1603 947 1654 causam
961 1579 1118 1677 appelli,
1134 1588 1172 1656 et
1187 1578 1218 1654 si
1234 1579 1382 1654 iactum
1397 1586 1437 1654 et
1450 1603 1566 1654 causa
1582 1576 1812 1665 sufficiant,²²
1826 1575 1947 1654 tunc²³

356 1695 545 1794 imprimis
567 1696 787 1774 examinare
811 1696 923 1773 debet
948 1705 1090 1773 sectam
1114 1697 1145 1772 si
1169 1696 1264 1773 bene
1289 1695 1395 1773 iacta
1420 1697 1551 1785 fuerit,
1575 1705 1615 1774 et
1639 1696 1742 1795 quod
1766 1696 1873 1772 nulla
1899 1696 1947 1772 sit

356 1814 531 1903 variatio,
545 1823 590 1891 ut
603 1814 634 1890 si
649 1814 850 1914 appellans
864 1841 985 1891 unum
1000 1814 1140 1892 dixerit
1153 1816 1194 1891 in
1208 1815 1394 1891 comitatu
1407 1822 1446 1891 et
1460 1839 1590 1891 coram
1604 1813 1891 1890 coronatoribus
1909 1822 1947 1890 et

357 1931 462 2008 aliud
481 1931 624 2008 modo²⁴
644 1932 746 2010 dicat
767 1958 896 2009 coram
915 1932 1138 2010 iustitiariis.
1163 1933 1255 2009 Non
1276 1932 1377 2008 enim
1399 1931 1618 2008 admittitur
1638 1931 1725 2006 hic²⁸
1746 1929 1947 2018 variatio,²⁰

357 2051 566 2127 secundum
586 2052 690 2150 quod
708 2051 869 2128 inferius
889 2051 1037 2128 dicetur
1055 2051 1217 2151 plenius.
1241 2050 1283 2127 Si
1304 2059 1433 2127 autem
1453 2051 1582 2126 omnia
1601 2050 1697 2127 bene
1717 2058 1947 2126 concurrant

357 2193 441 2267 quse
457 2167 648 2266 iungant²'
665 2167 848 2258 duellum,
865 2178 960 2246 tunc
976 2170 1041 2247 det
1058 2168 1277 2268 appellatus
1294 2168 1451 2245 vadium
1469 2167 1701 2244 defendendi
1718 2177 1757 2245 et
1776 2166 1946 2266 appella·

356 2294 419 2362 tor
436 2286 592 2363 vadium
609 2286 897 2364 disrationandi.

461 2406 640 2483 Vodiotio
657 2405 786 2494 duelli,
804 2414 843 2481 et
858 2405 891 2482 ai
907 2403 1127 2504 appellatus
1145 2404 1268 2482 victos
1283 2403 1404 2499 faerit
1421 2402 1483 2481 vel
1499 2402 1712 2502 appellans.

356 2525 423 2600 Er
436 2525 467 2602 si
480 2525 699 2623 appellatus
712 2523 835 2599 victus
849 2522 980 2611 fuerit,
993 2521 1199 2622 capitalem
1213 2519 1381 2599 subibit²⁸
1398 2522 1627 2598 sententiam
1639 2546 1728 2597 cum
1742 2519 1947 2598 exhereda·

355 2642 461 2720 tione
474 2651 513 2719 et
526 2641 697 2718 omnium
710 2641 898 2717 bonorum
911 2640 1096 2718 suorum²⁹
1110 2639 1322 2730 amissione,
1337 2650 1375 2716 et
1390 2640 1487 2717 sicut
1501 2665 1582 2717 esse
1596 2639 1708 2717 debet
1723 2639 1764 2715 in
1778 2636 1949 2737 quolibet

356 2785 498 2859 genere
510 2758 671 2837 feloniae.
688 2760 731 2836 Si
744 2768 873 2836 autem
886 2757 1116 2858 appellans⁸⁰
1129 2757 1251 2834 victus
1264 2757 1395 2846 fuerit,
1409 2757 1531 2856 gaolae
1545 2755 1836 2834 committatur⁸¹
1849 2766 1947 2834 tam·

358 2905 475 2978 quam
495 2878 749 2954 calumniator
770 2878 1000 2977 puniendus,
1022 2878 1089 2954 sed
1110 2901 1179 2952 nec
1201 2877 1322 2953 vitam
1344 2876 1487 2953 amittit
1508 2899 1633 2974 neque
1654 2873 1838 2963 membra,
1860 2873 1948 2950 licet

358 2997 567 3074 secundum
580 2996 684 3094 leges
699 2996 749 3071 ad
763 2995 946 3072 talionem
959 3004 1156 3071 teneretur
1172 2996 1202 3071 si
1216 2995 1258 3071 in
1272 2994 1499 3094 probatione
1514 2993 1705 3080 deficeret,
1722 3002 1760 3068 et
1777 2991 1947 3091 appella-

357 3124 421 3192 tus
441 3116 592 3214 quietus
613 3115 806 3191 recederet
827 3114 875 3190 de
895 3113 1050 3212 appello
1071 3111 1176 3200 illo,⁸²
1198 3112 1270 3188 nisi
1292 3112 1395 3189 iorte
1415 3110 1608 3189 iustitiarii
1629 3136 1702 3209 pro
1724 3110 1851 3208 aliqua
1874 3109 1950 3185 alia

358 3232 571 3331 suspicione
584 3231 645 3308 vel
658 3230 790 3308 recto⁸⁸
804 3232 986 3308 duxerint
999 3231 1159 3307 ulterius
1173 3230 1428 3306 retinendum.
1444 3228 1563 3318 Quod
1577 3228 1783 3327 aliquando
1799 3227 1948 3303 faciunt

358 3375 548 3438 excausa,
565 3350 663 3427 sicut
679 3348 842 3447 contigit
858 3348 1065 3447 aliquando
1083 3349 1130 3426 de
1147 3347 1321 3425 Roberto
1337 3346 1574 3445 Brodegha⁸‘
1591 3346 1632 3422 in
1648 3345 1834 3422 comitatu
1852 3345 1948 3420 Ber·

356 3467 472 3544 keriae
490 3493 618 3543 coram
637 3468 695 3543 M.
716 3468 763 3544 de
782 3466 1004 3544 Pateshilla.
1023 3466 1082 3543 Et
1099 3466 1177 3541 haec
1195 3491 1286 3542 vera
1306 3475 1396 3542 sunt
1416 3465 1519 3563 quod
1538 3463 1758 3563 appellatus
1778 3489 1849 3562 per
1867 3487 1948 3538 cor·

358 3610 434 3684 pus
453 3611 567 3662 suum
586 3611 626 3662 se
645 3585 853 3661 defendere
874 3584 1017 3684 poterit
1037 3609 1124 3660 cum
1144 3583 1364 3683 appellatus
1386 3583 1517 3671 luerit,
1538 3582 1610 3659 nisi
1631 3582 1760 3680 aliqua
1781 3581 1949 3657 violenta

358 3703 608 3803 presumptio
630 3702 748 3778 iaciat
769 3711 905 3779 contra
924 3703 1063 3801 ipsum.

459 3822 514 3897 ln
534 3845 624 3897 coeo
646 3845 724 3897 noo
746 3830 805 3899 cat
826 3844 976 3898 necesse
998 3819 1163 3919 probare
1183 3843 1418 3920 percorpus
1441 3843 1564 3916 neque
1585 3842 1657 3918 per
1680 3817 1860 3916 patriam,
1884 3815 1951 3893 obn·

458 3939 712 4039 praesumptio
725 3938 893 4016 violento
905 3937 1002 4033 facit
1016 3946 1150 4014 contro
1164 3937 1416 4036 appellatam.

358 4056 469 4146 Quas
483 4056 750 4155 probationem
762 4081 840 4131 non
853 4055 1063 4132 admittat⁸⁵
1076 4056 1115 4132 in
1129 4055 1365 4132 contrarium
1379 4080 1449 4154 per
1464 4079 1580 4152 quam
1594 4051 1795 4130 dedicere⁸⁸
1809 4052 1870 4128 vel
1884 4052 1947 4127 de·

359 4174 517 4251 iendere
531 4172 678 4273 possit⁸'
691 4181 857 4250 mortem
869 4183 907 4251 et
921 4172 1116 4262 feloniam
1130 4173 1228 4250 sicut
1242 4198 1322 4249 esse
1335 4181 1464 4272 potest
1477 4197 1564 4248 cum
1579 4171 1663 4270 quis
1677 4180 1814 4270 captus
1829 4169 1949 4245 fuerit

359 4317 476 4391 super
492 4301 689 4368 mortuum
707 4317 795 4368 cum
813 4291 967 4368 cultello
985 4299 1199 4380 cruentato,
1218 4300 1383 4368 mortem
1401 4291 1573 4367 dedicere
1593 4315 1672 4366 non
1689 4288 1845 4389 poterit.
1890 4288 1949 4364 Et

358 4408 388 4485 f.
406 4407 524 4502 137b]
578 4408 656 4483 haec
672 4419 731 4484 est
746 4409 969 4485 constitutio
987 4409 1158 4508 antiqua,
1174 4411 1215 4484 in
1231 4435 1306 4508 quo
1323 4434 1414 4485 casu
1430 4433 1509 4485 non
1527 4418 1584 4486 est
1601 4434 1699 4507 opus
1717 4407 1792 4484 alia
1810 4406 1948 4506 proba-

359 4598 385 4634 ¹²
397 4598 467 4676 sibi,
480 4600 548 4673 LA,
562 4601 601 4674 Y,
615 4599 688 4661 MC.
725 4599 752 4634 ²⁸
763 4599 942 4676 defendere,
956 4603 1025 4676 OB,
1040 4602 1114 4662 MA.
1152 4599 1246 4679 1⁴per
1261 4604 1406 4680 patriam,
1421 4600 1490 4677 OB,
1506 4601 1582 4674 MA,
1597 4600 1672 4660 ΜΒ.
1709 4595 1736 4632 ¹⁶
1746 4602 1856 4673 intrat,
1871 4597 1949 4672 MG,

360 4698 517 4776 CM,OC.
556 4698 727 4776 ²⁸videtur,
744 4700 911 4776 MG,CM.
950 4698 976 4735 ²¹
990 4701 1144 4776 iacienda,
1161 4702 1240 4776 MG,
1258 4703 1332 4775 CM,
1350 4700 1415 4763 OC.
1456 4699 1575 4774 ²⁸Om,
1593 4700 1670 4775 MG,
1689 4700 1762 4761 CM.
1802 4697 1950 4778 ²'appel-

358 4800 439 4876 lans,
456 4800 534 4877 MG,
550 4802 623 4863 cM.
662 4798 898 4862 ¹⁰·²¹iustitiarii
921 4845 928 4862 .
952 4847 960 4863 .
983 4845 991 4861 .
1013 4801 1137 4878 debent,
1155 4802 1194 4877 V,
1211 4804 1278 4878 LA,
1295 4804 1335 4878 Y,
1353 4803 1429 4879 MA,
1448 4802 1520 4863 MC.
1561 4800 1587 4834 ²²
1599 4801 1760 4878 sufficiunt,
1779 4801 1857 4874 MG,
1875 4801 1948 4862 CM.

359 4899 478 4979 '‘Om,
496 4901 565 4978 OB,
584 4903 660 4977 MA,
679 4904 755 4979 ΜΒ,
774 4901 841 4964 OE.
882 4901 992 4978 ²⁴non,
1011 4901 1080 4980 OB,
1098 4905 1175 4978 ΜΒ,
1193 4906 1260 4966 MA
1284 4903 1408 4982 (illud).
1450 4901 1561 4978 ’‘hoec,
1580 4905 1647 4978 LA,
1667 4903 1706 4977 Y,
1726 4903 1799 4964 MC.
1841 4899 1950 4962 ²⁰nar-

359 5007 451 5081 ratio,
467 5004 545 5079 MG,
563 5003 637 5064 CM.
676 5003 701 5037 ²⁷
714 5008 857 5084 iungunt,
875 5006 914 5082 V,
931 5005 1000 5083 OA,
1018 5006 1096 5082 MG,
1113 5005 1188 5080 CM,
1206 5005 1273 5082 OC,
1291 5006 1367 5066 ΜΒ.
1407 5003 1433 5039 ”
1444 5003 1585 5079 subiciet,
1603 5005 1670 5079 LA,
1688 5005 1728 5080 Y,
1747 5004 1827 5076 MC;
1845 5002 1950 5077 subiit,

360 5105 427 5168 OC.
471 5103 590 5181 ''Om.,
614 5106 690 5180 MA,
714 5107 789 5180 ΜΒ,
812 5108 880 5168 OB.
925 5105 952 5141 ⁸⁰
964 5105 1151 5186 appellator,
1175 5107 1242 5180 LA,
1264 5108 1303 5167 Y.
1349 5104 1566 5183 ⁸¹deputatur,
1589 5106 1659 5180 OB,
1683 5106 1759 5181 MA,
1784 5106 1860 5178 ΜΒ,
1883 5103 1949 5165 CE.

359 5203 463 5282 '‘suo,
482 5207 551 5282 OA,
570 5206 636 5270 ΟΕ.
676 5205 702 5241 ”
714 5215 810 5284 recta,
828 5208 908 5283 cM;
928 5215 1053 5285 rectam,
1073 5208 1146 5282 003
1165 5215 1250 5269 rocta
1270 5227 1374 5282 causa,
1394 5208 1470 5270 MG.
1513 5206 1539 5241 ¹⁴
1552 5205 1758 5288 Brodelegha,
1779 5205 1950 5285 Brodluga,

360 5307 553 5386 Brodingha,
571 5307 769 5387 Brodengha,
789 5308 942 5385 Brodelre,
961 5309 1055 5371 MSS.
1096 5307 1122 5342 ⁸⁵
1135 5306 1281 5386 admittit,
1301 5310 1340 5384 V,
1359 5309 1428 5382 OB,
1449 5309 1523 5370 MA.
1565 5305 1591 5342 ⁸⁸
1603 5306 1765 5382 deducere,
1786 5307 1863 5382 MG,
1882 5305 1949 5366 OC.

360 5405 386 5441 ⁸¹
399 5414 514 5485 posset,
530 5408 608 5484 MG,
623 5408 698 5484 CM,
712 5409 779 5471 OC.
