4394 6342
365 495 415 564 20
895 487 1118 551 BRACTON:
1141 489 1201 549 DE
1226 488 1417 550 LEGIBUS

365 638 505 727 danda,
524 637 725 737 postulans
743 664 766 715 a
783 639 924 716 lectore
941 649 986 716 ut
1004 639 1035 715 si
1054 639 1146 738 quid
1165 639 1405 738 superfluum
1423 639 1483 715 vel
1502 664 1708 738 perperam
1726 639 1897 737 positum
1915 639 1956 715 in

364 756 436 832 hoc
459 783 574 857 opere
598 757 797 846 invenerit,
821 757 918 834 illud
940 759 1109 856 corrigat
1134 767 1173 835 et
1196 756 1413 847 emendet,²⁰
1436 758 1497 835 vel
1521 759 1812 834 conniventibus
1837 758 1955 834 oculis

365 886 621 976 pertranseat,
645 903 733 952 cum
756 877 884 954 omnia
907 877 1046 954 habere
1069 877 1110 953 in
1132 877 1316 954 memoria
1340 888 1379 955 et
1405 877 1445 954 in
1468 878 1575 952 nullo
1600 901 1757 976 peccare
1782 878 1955 954 divinum

365 998 415 1073 sit
430 997 560 1096 potius
575 1022 692 1096 quam
707 996 929 1074 humanum.

464 1118 714 1196 Prohemiam
731 1120 908 1197 cauata

365 1243 479 1338 f.1b]
537 1245 592 1320 IN
611 1245 681 1320 hoc
701 1253 831 1321 autern
849 1253 1020 1322 tractatu
1039 1244 1137 1321 sicut
1157 1245 1197 1320 in
1217 1243 1300 1320 aliis
1319 1243 1548 1320 tractatibus
1569 1242 1846 1320 consideranda
1865 1252 1955 1320 sunt

364 1365 454 1455 haec,
477 1364 628 1454 scilicet,
650 1389 734 1463 quae
756 1365 806 1440 sit
826 1364 1000 1451 materia,
1023 1389 1107 1462 quae
1128 1363 1303 1452 intentio,
1326 1388 1410 1461 quae
1431 1361 1590 1452 utilitas,
1614 1362 1699 1460 quis
1721 1362 1809 1440 finis
1832 1372 1871 1439 et
1894 1362 1955 1437 cui

364 1486 468 1584 parti
488 1483 736 1584 philosophia
757 1491 1012 1582 supponatur.

466 1609 566 1702 Quoe
582 1609 632 1686 ait
649 1607 821 1686 materia.

364 1733 430 1808 Er
454 1733 650 1810 sciendum
673 1734 777 1831 quod
800 1731 963 1809 materia
987 1738 1046 1808 est
1070 1732 1177 1807 facta
1201 1738 1241 1808 et
1264 1755 1374 1806 casus
1401 1729 1465 1829 qui
1492 1729 1661 1828 quotidie
1685 1737 1889 1827 emergunt
1915 1738 1955 1805 et

362 1851 563 1928 inveniunt
580 1851 621 1927 in
638 1876 759 1948 regno
776 1850 944 1947 Angliae,
962 1861 1007 1928 ut
1025 1849 1168 1926 sciatur
1186 1874 1270 1949 quae
1288 1857 1483 1947 competat
1501 1849 1602 1924 actio
1620 1858 1659 1924 et
1678 1848 1782 1946 quod
1801 1845 1954 1934 breve,1²

364 1970 573 2047 secundum
594 1971 698 2068 quod
719 1969 906 2069 placitum
928 1970 1047 2045 fuerit
1069 1969 1171 2046 reale
1192 1970 1253 2044 vel
1275 1967 1488 2068 personale,
1510 1977 1550 2044 et
1572 1992 1689 2066 super
1710 1963 1954 2043 huiusmodi²⁸

362 2088 625 2165 conficienda²⁹
658 2097 746 2165 acta
776 2089 855 2165 sive
886 2087 1184 2173 irrotulationea
1218 2087 1428 2164 secundum
1462 2086 1663 2186 proposita
1695 2095 1734 2162 et
1767 2085 1955 2172 obiecta‚²⁰

363 2210 515 2307 agendo
532 2217 570 2284 et
586 2207 799 2307 probando,
816 2207 1061 2284 defendendo
1078 2216 1117 2284 et
1133 2205 1358 2303 excipiendo
1374 2215 1413 2283 et
1430 2205 1652 2304 replicando
1669 2214 1709 2281 et
1725 2205 1953 2282 huiusmodi.

361 2411 364 2418 ,
465 2330 565 2424 Qaoe
579 2331 753 2408 latentia.

364 2455 571 2530 larnano
589 2462 721 2529 autem
739 2453 905 2530 auctoris
923 2464 982 2531 est
1001 2461 1169 2530 tractare
1189 2453 1237 2528 de
1254 2452 1472 2529 huiusmodi
1491 2462 1531 2528 et
1550 2454 1739 2528 instruere
1760 2461 1799 2529 et
1819 2453 1955 2528 docere

362 2599 494 2650 omnes
515 2573 581 2672 qui
600 2572 749 2649 edoceri
770 2573 1000 2659 desiderant,
1023 2571 1189 2670 qualiter
1209 2581 1248 2648 et
1269 2598 1345 2670 quo
1366 2571 1500 2648 ordine
1521 2571 1607 2648 lites
1629 2581 1669 2648 et
1690 2571 1834 2670 placita
1855 2571 1953 2647 deci-

363 2692 508 2769 dantur
537 2691 747 2768 secundum
777 2691 881 2788 leges
911 2698 950 2767 et
980 2690 1274 2766 consuetudines
1305 2690 1556 2788 anglicanas,
1588 2701 1628 2768 et
1660 2691 1707 2766 de
1737 2689 1954 2767 huiusmodi

361 2809 501 2888 habere
520 2820 743 2901 tractatum,
763 2820 808 2888 ut
828 2813 1039 2888 doceantur
1057 2821 1096 2888 et
1116 2811 1361 2908 corrigantur
1381 2821 1564 2902 errantes,
1586 2812 1800 2911 puniantur
1819 2822 1953 2889 contu·

362 2955 499 3006 maces.
526 2931 630 3006 Item
653 2931 864 3008 communis
889 2930 1052 3007 intentio
1077 2937 1135 3007 est
1161 2931 1208 3006 de
1233 2931 1315 3006 iure
1341 2931 1504 3007 scribere
1529 2940 1574 3008 ut
1599 2931 1714 3008 rudes
1740 2930 1954 3008 efficiantur

363 3047 532 3138 subtiles,
567 3047 724 3125 subtiles
757 3047 984 3136 subtiliores,
1018 3057 1057 3126 et
1089 3049 1260 3126 homines
1293 3049 1386 3126 mali
1419 3047 1634 3126 efficiantur
1665 3050 1756 3125 boni
1790 3061 1829 3127 et
1864 3049 1954 3126 boni

361 3165 547 3255 meliores,
564 3165 675 3244 tum²²
690 3176 798 3244 metu
815 3191 1019 3266 poenarum
1033 3167 1145 3244 tum²¹
1161 3169 1427 3245 exhortatione
1443 3169 1700 3267 praemiorum,
1718 3169 1828 3246 iuxta
1844 3170 1953 3258 illud,

775 3353 927 3419 Oderunt
943 3377 1084 3439 peccare
1098 3353 1178 3419 boni
1194 3354 1332 3420 virtutis
1350 3377 1471 3432 amore,

775 3454 927 3521 Oderunt
940 3477 1081 3540 peccare
1093 3455 1171 3520 mali
1186 3455 1363 3522 formidine
1375 3478 1486 3542 poenae.

464 3600 564 3692 Qoae
579 3600 737 3678 utilitas.

363 3718 560 3794 Urrmrns
579 3729 711 3797 autem
730 3731 788 3798 est
809 3721 926 3820 quia²²
946 3723 1124 3800 nobilitat
1145 3723 1382 3802 addiscentes
1403 3734 1442 3801 et
1462 3724 1624 3801 honores
1645 3726 1891 3824 conduplicat
1911 3736 1952 3804 et

363 3837 562 3934 profectus
579 3848 619 3916 et
637 3840 732 3917 facit
748 3867 812 3917 eos
829 3841 1040 3941 principari
1057 3842 1098 3918 iu
1115 3868 1235 3941 reguo
1253 3853 1293 3920 et
1310 3844 1440 3920 sedere
1457 3845 1499 3919 in
1516 3845 1605 3921 aula
1622 3845 1730 3943 regia
1748 3854 1786 3922 et
1805 3845 1846 3922 iu
1864 3846 1953 3922 sede

362 3956 482 4056 ipsius
502 3957 603 4055 regis
623 3960 731 4057 quasi
751 3959 792 4035 in
811 3959 950 4036 throno
971 3961 1043 4049 dei,
1062 3961 1186 4038 tribus
1207 3972 1246 4039 et
1266 3963 1451 4052 nationes,
1473 3972 1621 4040 actores
1640 3973 1680 4041 et
1700 3990 1796 4054 reos,
1819 3965 1952 4041 ordine

363 4075 584 4152 dominabili
610 4077 833 4167 iudicantes,
860 4079 968 4154 vice²⁸
993 4079 1095 4178 regis
1122 4081 1230 4179 quasi
1257 4082 1338 4156 vice
1365 4081 1482 4158 Ihesu
1510 4082 1665 4172 Christi,
1693 4108 1781 4161 cum
1806 4110 1876 4160 rex
1902 4085 1952 4161 sit

362 4193 525 4272 vicarius
544 4197 615 4272 dei.
636 4197 787 4272 Iudicia
804 4196 906 4274 enim
923 4223 1001 4274 non
1021 4207 1111 4275 sunt
1130 4199 1291 4275 hominis
1311 4201 1378 4278 sed
1397 4201 1469 4288 dei,
1489 4208 1527 4276 et
1546 4201 1632 4278 ideo
1651 4226 1716 4278 cor
1734 4204 1836 4301 regis
1856 4203 1952 4280 bene

361 4315 531 4409 regentis
546 4313 688 4389 dicitur
702 4340 783 4392 esse
799 4316 839 4391 in
853 4341 972 4392 manu
989 4317 1060 4393 dei.

464 4432 563 4524 Quo
578 4433 677 4530 fiais.

363 4550 476 4625 Iraru
495 4549 582 4625 finis
600 4550 711 4626 huius
730 4552 784 4626 rei
803 4562 861 4629 est
880 4562 925 4629 ut
944 4553 1146 4651 sopiantur
1165 4553 1290 4652 iurgia
1308 4565 1347 4632 et
1367 4555 1460 4631 vitia
1479 4557 1768 4655 propulsentur,
1789 4569 1827 4636 et
1846 4570 1892 4636 ut
1911 4560 1952 4634 in

361 4694 483 4767 reguo
507 4679 754 4746 conservetur
777 4695 857 4769 pax
881 4678 921 4746 et
946 4671 1102 4747 iustitia.
1129 4671 1280 4748 Ethicoe
1304 4699 1395 4750 vero
1421 4676 1655 4774 supponitur
1681 4678 1790 4776 quasi
1814 4679 1951 4755 morali

362 4787 527 4865 seientia
542 4787 632 4886 quia
647 4796 791 4864 tractat
808 4789 855 4865 de
870 4789 1051 4866 moribus.

361 4986 387 5022 ¹⁸
399 4988 552 5063 emendat,
575 4988 651 5062 MB,
674 4989 748 5063 CM,
771 4991 828 5051 OB
855 4989 980 5068 (corn).
1025 4990 1051 5025 ¹²
1063 4990 1155 5052 breve
1178 4993 1284 5068 luerit,
1309 4995 1386 5068 MG,
1409 4997 1483 5071 CM,
1507 4996 1580 5057 ΗΒ.
1625 4996 1652 5032 ²⁸
1663 5002 1744 5059 circa
1767 4998 1950 5074 huiuamodi,

361 5088 442 5162 MA;
458 5096 531 5151 aunt
547 5087 729 5167 huiuamodi,
746 5091 814 5154 OB.
853 5090 880 5126 ²⁰
891 5091 1083 5170 conficiendi,
1099 5091 1169 5170 OA,
1186 5095 1253 5171 OC,
1270 5096 1347 5172 MA,
1365 5096 1442 5169 MG,
1459 5097 1527 5172 ΟΕ,
1545 5098 1611 5172 LA,
1628 5099 1668 5175 Y,
1688 5100 1762 5174 MC,
1780 5099 1859 5174 HB;
1877 5121 1949 5162 con·

359 5190 478 5267 litandi,
499 5193 568 5268 OB,
589 5194 671 5267 MB;
691 5193 892 5270 conficienda,
914 5195 988 5270 CM,
1010 5195 1047 5256 V.
1091 5193 1260 5272 ²⁰adiecta,
1283 5197 1355 5272 CE;
1378 5198 1509 5274 abiecta,
1532 5201 1606 5262 MC.
1650 5200 1755 5263 ²²cum
1777 5248 1785 5264 .
1808 5247 1816 5264 .
1840 5249 1848 5265 .
1870 5223 1949 5282 cum,

360 5292 444 5367 MG,
468 5301 531 5353 tam
553 5339 561 5356 .
584 5338 592 5354 .
615 5339 623 5355 .
645 5301 720 5368 tam,
745 5297 827 5369 MB;
852 5303 954 5358 tamen
977 5341 985 5357 .
1007 5343 1015 5358 .
1039 5342 1046 5357 .
1068 5303 1183 5373 umen,
1208 5299 1276 5360 OB.
1324 5297 1437 5378 ²²qurr,
1462 5302 1501 5378 V,
1527 5303 1595 5363 OB.
1642 5301 1760 5379 ²⁸Om.,
1786 5303 1855 5378 OA,
1879 5304 1949 5380 OB,

358 5393 435 5471 ΜΒ,
451 5395 518 5469 CE,
533 5397 578 5470 Y;
593 5399 648 5469 ric,
664 5398 730 5473 OC,
747 5398 821 5472 MC,
836 5399 911 5474 HB,
926 5399 1004 5473 MG,
1019 5399 1093 5476 cM,
1109 5400 1177 5476 LA,
1193 5401 1231 5477 V,
1252 5401 1335 5479 (MA
1348 5402 1385 5479 -l-
1398 5403 1493 5482 vice).
