4432 6340
403 486 476 554 262
936 477 1157 540 BRAC'I'ON:
1181 477 1241 538 DE
1265 478 1457 540 LEGIBUS

403 638 517 728 patre
544 629 605 706 vel
629 639 753 706 matre
781 629 988 706 feoffatore
1014 629 1268 729 praemortuis,
1295 630 1433 705 herede
1460 653 1539 705 non
1565 628 1758 716 maritato,
1787 627 1994 726 pertinebit

402 748 652 846 maritagium
675 748 724 825 ad
748 748 917 847 primum
942 750 1200 836 feoffatorem,
1225 773 1294 824 nec
1317 757 1493 825 mutatur
1517 747 1612 824 ordo
1637 772 1707 822 nec
1730 746 1923 846 prioritas.
1952 746 1994 823 Si

404 875 534 942 autem
556 866 775 943 immediate
798 868 847 943 de
869 867 1098 966 capitalibus
1122 868 1296 956 dominis,
1322 867 1446 943 adhuc
1471 866 1567 942 illud
1591 867 1693 942 idem
1717 866 1993 953 observabitur,

404 988 498 1063 dum
515 996 645 1063 tamen
662 987 775 1063 simul
791 995 831 1063 et
847 987 964 1063 semel
981 995 1020 1063 et
1037 987 1171 1064 eodem
1187 995 1373 1086 tempore,
1393 986 1484 1084 quia
1502 985 1532 1062 si
1551 985 1663 1062 aliter
1681 993 1792 1073 esset,
1811 985 1896 1060 sciri
1916 1009 1994 1060 non

403 1114 534 1202 posset
552 1103 636 1203 quis
652 1103 852 1204 ipsorum⁸⁸
871 1114 970 1182 esset
986 1105 1027 1181 in
1043 1105 1248 1202 maritagio
1266 1105 1542 1204 praeferendus.
1564 1103 1607 1180 Si
1626 1111 1756 1180 autem
1775 1112 1888 1202 pater
1906 1101 1994 1180 vel⁸⁴

403 1233 529 1300 mater
547 1248 626 1299 non
645 1224 759 1300 simul
777 1226 845 1301 sed
864 1224 1022 1301 diversis
1041 1224 1280 1324 temporibus
1301 1222 1549 1300 feoffaverint
1569 1223 1748 1299 heredem
1768 1223 1816 1299 de
1837 1223 1994 1298 diversis

405 1343 539 1432 feodis,
561 1344 716 1421 tenendi
736 1345 784 1420 de
805 1370 846 1420 se
864 1343 925 1419 vel
945 1345 992 1420 de
1013 1343 1175 1419 dominis
1196 1342 1436 1442 capitalibus,
1456 1352 1497 1419 et
1518 1342 1548 1417 si
1569 1341 1732 1418 dominis
1754 1340 1993 1440 capitalibus,

403 1470 497 1538 tunc
512 1469 688 1539 mutatur
702 1462 798 1539 ordo
814 1461 947 1561 primae
963 1461 1187 1561 prioritatis,
1204 1472 1243 1539 et
1258 1471 1365 1538 tenet
1381 1485 1504 1537 novus
1521 1462 1616 1537 ordo
1633 1461 1722 1536 novi
1740 1459 1992 1536 feoffamenti.

406 1580 450 1656 si
467 1590 598 1657 autem
617 1582 721 1658 dese
740 1590 779 1657 et
796 1581 997 1658 heredibus
1017 1581 1106 1669 suis,
1125 1581 1249 1657 adhuc
1267 1589 1375 1657 tenet
1395 1589 1505 1656 vetus
1525 1579 1621 1655 ordo
1638 1588 1679 1656 et
1698 1579 1890 1678 prioritas,
1911 1603 1994 1677 quae

404 1727 482 1777 non
497 1710 673 1778 mutatur
689 1709 878 1799 quantum
894 1700 945 1776 ad
960 1725 1143 1799 personas
1161 1724 1294 1776 eorum
1311 1725 1382 1798 per
1399 1724 1543 1775 novum
1561 1699 1869 1786 leoffamentum,
1887 1706 1927 1774 et
1945 1698 1994 1774 ad

404 1817 496 1894 eos⁸⁸
522 1818 730 1918 pertinebit
754 1819 1003 1916 maritagium
1029 1817 1212 1916 quamdiu
1237 1817 1415 1894 vixerint.
1444 1816 1529 1893 Illis
1556 1816 1713 1894 autem⁸⁸
1740 1817 1993 1916 praemortuis,

403 1929 542 2013 herede
561 1962 639 2013 non
660 1937 853 2026 maritato,
874 1962 963 2013 cum
982 1938 1091 2014 heres
1114 1937 1262 2014 ratione
1283 1936 1528 2013 successionis
1550 1945 1833 2012 antecessorum
1855 1945 1894 2012 et
1916 1961 1994 2012 non

404 2057 648 2135 feoffamenti
672 2057 743 2133 sibi
767 2056 862 2133 facti
887 2056 1045 2155 incipiat
1070 2081 1150 2132 esse
1175 2055 1246 2132 sub
1270 2063 1464 2154 potestate
1489 2054 1714 2153 capitalium
1740 2053 1994 2142 dominorum,

403 2175 581 2275 reincipit
594 2201 675 2252 esse
690 2175 837 2274 primus
851 2173 947 2250 ordo
961 2174 1173 2274 prioritatis
1189 2175 1254 2272 qui
1268 2181 1441 2250 mutatus
1458 2174 1535 2250 fuit
1551 2183 1590 2250 et
1606 2173 1791 2250 alteratus
1807 2199 1878 2272 per
1893 2173 1994 2250 fecl-

404 2294 621 2371 famentum
640 2293 799 2370 heredis.
821 2293 880 2370 Et
900 2294 1003 2391 quod
1023 2292 1246 2370 dictumest
1266 2294 1314 2369 de
1335 2292 1414 2369 filio
1435 2300 1619 2369 antenato
1640 2300 1679 2368 et
1697 2292 1847 2381 herede,
1867 2292 1995 2368 locum

403 2413 519 2491 habet
541 2414 581 2489 in
602 2413 682 2490 filio
703 2419 898 2512 postnato,
921 2412 952 2487 si
974 2421 1063 2511 post
1086 2411 1383 2488 feoffamentum
1405 2436 1518 2489 suum
1539 2411 1740 2509 contingat
1762 2411 1891 2510 ipsum
1914 2436 1994 2487 esse

403 2532 592 2609 heredem.
616 2531 659 2608 si
681 2540 811 2608 autem
831 2556 921 2619 non,
942 2539 1073 2607 teneat
1095 2529 1393 2606 feoffamentum
1413 2539 1452 2606 et
1473 2529 1723 2628 maritagium
1744 2530 1995 2628 interipsum

404 2660 443 2727 et
460 2657 677 2726 warantum
695 2675 818 2727 suum.
840 2649 883 2726 Si
902 2658 1032 2726 autem
1051 2657 1165 2747 pater
1182 2649 1244 2724 vel
1261 2658 1386 2724 mater
1405 2658 1558 2747 partem
1576 2647 1798 2725 hereditatis
1818 2648 1994 2724 dederint

404 2770 484 2847 filio
497 2779 536 2848 et
549 2770 679 2846 heredi
694 2769 807 2846 simul
820 2777 860 2844 et
874 2769 990 2846 semel
1004 2767 1065 2844 vel
1079 2767 1297 2856 successive,
1314 2777 1353 2844 et
1368 2776 1521 2866 partem
1536 2767 1775 2854 retinuerint,
1794 2765 1885 2865 quid
1901 2767 1993 2842 iuris

403 2913 484 2965 esse
504 2887 641 2965 debeat
661 2888 709 2963 de
727 2885 932 2983 maritagio
951 2885 1127 2961 habendo
1147 2886 1239 2962 satis
1261 2885 1343 2961 elici
1364 2885 1508 2984 poterit
1530 2911 1578 2960 ex
1599 2885 1814 2984 praemissis.
1838 2886 1941 2962 Item
1963 2885 1993 2960 si

403 3016 517 3105 pater
535 3015 575 3082 et
593 3014 718 3082 mater
737 3005 989 3082 hereditatem
1008 3003 1191 3081 habentes
1212 3004 1324 3081 simul
1345 3004 1406 3081 vel
1426 3005 1634 3081 successive
1653 3004 1832 3080 heredem
1854 3004 1993 3080 feoffa-

403 3124 433 3200 f.
448 3125 517 3216 91]
573 3122 699 3200 verint
717 3123 778 3199 vel
798 3122 921 3199 filium
940 3131 1166 3221 postnatum
1185 3123 1233 3199 de
1252 3131 1417 3220 utraque
1436 3122 1659 3212 hereditate,
1680 3131 1719 3200 et
1740 3122 1883 3221 aliquid
1904 3122 1993 3199 reti·

403 3243 570 3331 nueriut,
595 3252 750 3320 mortuo
774 3252 857 3320 tam
882 3250 994 3341 patre
1020 3267 1137 3339 quam
1162 3251 1298 3330 matre,
1325 3241 1405 3318 filio
1430 3241 1536 3318 infra
1561 3249 1714 3318 aetatem
1739 3227 1929 3319 existente
1953 3248 1993 3318 et

403 3387 483 3438 non
507 3361 700 3449 maritato,
726 3360 800 3437 erit
823 3359 919 3436 illud
945 3360 1047 3458 quod
1072 3369 1266 3437 retentum
1291 3370 1349 3437 est
1374 3361 1544 3459 primum
1571 3361 1879 3449 feoffamentum,
1905 3384 1993 3436 cum

402 3481 510 3556 heres
526 3480 567 3555 in
582 3479 732 3556 manus²
749 3479 992 3556 dominorum
1008 3479 1215 3566 devenerit,
1232 3479 1320 3556 licet
1337 3479 1433 3555 illud
1450 3487 1549 3555 esset
1566 3479 1745 3556 ultimum
1762 3479 1803 3554 in
1820 3479 1993 3578 personis

403 3609 697 3677 antecessorum.
717 3599 821 3674 Item
836 3623 925 3674 cum
941 3597 1063 3673 filium
1080 3608 1119 3674 et
1136 3597 1314 3674 heredem
1333 3597 1581 3674 feoffaverint
1599 3598 1647 3675 de
1665 3607 1830 3696 utraque
1847 3597 1992 3674 heredi·

403 3727 486 3795 tate
512 3727 625 3816 pater
650 3726 689 3794 et
713 3725 839 3794 mater
864 3715 1033 3793 tenendi²
1060 3717 1107 3792 de
1133 3716 1198 3804 eis,
1226 3724 1265 3792 et
1291 3716 1385 3792 nihil
1412 3716 1482 3793 sibi
1510 3716 1750 3803 retinuerint,
1776 3725 1871 3792 tunc
1896 3715 1993 3792 illud

403 3836 564 3913 feodum
588 3835 662 3912 erit
687 3836 974 3934 preferendum
1000 3834 1103 3933 quod
1130 3833 1207 3910 fuit
1233 3834 1401 3933 primurn
1428 3861 1500 3934 per
1525 3859 1670 3910 novum
1696 3834 1993 3911 feoffamentum

402 3955 558 4032 exclusa
585 3955 786 4054 prioritate
816 3953 1054 4030 feoffationis
1083 3963 1376 4030 antecessorum.
1408 3954 1512 4029 Item
1542 3962 1624 4029 esto
1654 3953 1757 4051 quod
1786 3953 1993 4030 successive

404 4073 653 4150 feoffaverint
671 4072 794 4149 filium
814 4080 1040 4171 postnatum
1057 4072 1214 4148 tenendi
1233 4072 1280 4148 de
1300 4098 1338 4148 se
1358 4081 1397 4148 et
1416 4071 1618 4148 heredibus
1638 4071 1726 4158 suis,
1745 4072 1994 4170 maritagium

403 4192 551 4268 heredis
572 4192 661 4268 talis
684 4192 734 4267 ad
756 4216 819 4267 eos
842 4190 1066 4290 pertinebit:
1090 4215 1159 4266 nec
1181 4177 1362 4266 habenda
1380 4200 1438 4267 est
1461 4190 1560 4266 ratio
1583 4200 1772 4288 quantum
1795 4191 1844 4266 ad
1867 4215 1931 4266 eos
1953 4199 1993 4266 et

402 4312 559 4388 heredes
572 4337 660 4388 suos
674 4311 722 4386 de
735 4310 937 4409 prioritate
952 4308 1207 4397 feoffamenti,
1222 4333 1311 4385 cum
1324 4334 1425 4385 unus
1440 4309 1490 4384 sit
1504 4307 1690 4386 leoffator
1704 4319 1743 4386 et
1757 4333 1857 4384 unus
1872 4309 1992 4397 heres,

402 4430 475 4504 nisi
490 4429 547 4506 ita
561 4430 610 4505 sit
626 4430 729 4504 forte
745 4429 847 4526 quod
863 4427 926 4503 ille
942 4435 1147 4526 postnatus
1163 4428 1271 4503 heres
1288 4427 1485 4515 efficiatur,
1503 4453 1580 4525 quo
1596 4452 1686 4502 casu
1704 4427 1913 4526 prefertur
1929 4426 1992 4502 ille

403 4548 444 4623 in
462 4546 666 4644 maritagio
685 4546 859 4622 habendo
879 4547 926 4621 de
944 4545 1051 4621 cuius
1072 4545 1188 4622 feodo
1206 4545 1293 4621 talis
1314 4545 1404 4621 fuir
1425 4545 1551 4644 primo
1571 4546 1769 4634 feoffatus,
1790 4556 1829 4622 et
1848 4544 1993 4622 tenebit

402 4667 553 4743 novitas
571 4664 726 4742 exclusa
743 4673 945 4741 vetustate.
966 4663 1096 4740 Aliter
1114 4664 1215 4740 enim
1233 4672 1332 4740 esset
1350 4665 1381 4740 si
1400 4665 1447 4740 de
1466 4675 1630 4762 utraque
1649 4665 1862 4741 hereditate
1879 4664 1992 4741 simul

403 4783 466 4859 cx*
481 4791 565 4861 toto
580 4792 678 4860 esset
695 4782 892 4859 leoffatus.
912 4783 1015 4858 Item
1031 4792 1070 4859 et
1086 4783 1219 4858 eodem
1235 4781 1349 4859 modo
1366 4783 1397 4858 si
1413 4808 1502 4859 cum
1516 4782 1624 4860 heres
1641 4783 1764 4882 patris
1780 4783 1842 4859 vel
1857 4783 1992 4859 matris

402 4900 634 4979 feoffatoris⁵
649 4901 754 4977 infra
767 4910 920 4977 aetatem
934 4911 973 4977 et
988 4901 1027 4977 in
1041 4901 1215 4977 custodia
1230 4901 1373 4978 domini
1388 4901 1576 5001 capitalis,
1592 4927 1680 4978 cum
1695 4909 1875 5001 parentes
1892 4902 1991 4978 reof-

402 5103 554 5179 ⁸⁸eorum,
573 5104 639 5178 OC,
659 5104 736 5177 MG,
756 5104 829 5165 CM.
871 5101 950 5179 '‘et,
970 5103 1048 5179 MG,
1069 5104 1141 5164 CM.
1184 5101 1209 5136 ³⁶
1222 5107 1317 5182 Ipsos,
1337 5104 1376 5180 V,
1396 5102 1465 5177 OA,
1485 5103 1552 5179 LA,
1573 5104 1639 5179 OC,
1660 5103 1732 5164 MC.
1775 5100 1927 5175 ⁸⁸tamcn,
1947 5101 1992 5174 V;

402 5224 472 5278 m,
485 5204 612 5379 ²1³idaim,
632 5303 699 5380 OC,
720 5303 797 5379 MG,
819 5304 892 5366 CM.
934 5303 1094 5379 'tenendh
1115 5305 1199 5378 MG;
1220 5303 1356 5379 tenend,
1377 5305 1471 5368 MSS.
1493 5325 1558 5366 var.
1601 5305 1706 5382 ⁸Om.,
1727 5306 1797 5382 ΟΒ,
1819 5307 1894 5382 MA,
1917 5305 1994 5382 ΜΒ,

403 5405 481 5478 MG,
498 5405 578 5478 CM;
597 5404 703 5481 iuerIt,
720 5406 787 5481 LA,
804 5406 877 5466 MC.
916 5403 972 5466 ‘et
988 5427 1037 5481 ex,
1053 5405 1092 5480 V,
1110 5407 1177 5482 LA,
1194 5406 1262 5480 OC,
1280 5407 1354 5468 MC.
1393 5405 1594 5470 ‘fwffanris
1612 5411 1665 5481 sit,
1683 5408 1728 5481 V;
1748 5407 1909 5481 leoffatua,
1927 5408 1992 5468 LA
