4394 6342
382 526 407 593 θ
912 515 1134 578 BRACTON:
1156 515 1217 576 DE
1242 515 1433 577 LEGIBUS

544 668 671 744 Breve
688 666 845 744 alterius
862 666 966 743 modi
983 666 1050 744 sed
1067 668 1114 742 de
1131 666 1276 754 eodem,
1293 665 1360 741 ubi
1378 664 1537 764 partitio
1554 665 1680 742 minus
1699 665 1772 742 rite
1790 666 1897 742 farta
1914 675 1972 744 est
2012 657 2015 664 ’

645 811 717 885 per
730 785 835 862 alios.

382 909 431 985 F.
471 916 519 990 78
546 909 673 986 Breve
685 910 733 985 de
745 909 890 984 eodem.

544 1029 670 1105 Breve
690 1028 737 1104 de
756 1027 893 1104 seisina
913 1027 1090 1104 facienda
1109 1027 1355 1104 coheredibus
1373 1051 1462 1102 oum
1480 1026 1700 1103 convenerit
1719 1027 1822 1104 inter
1840 1052 1904 1104 eos
1923 1026 1972 1102 de

644 1146 864 1247 partitione.

546 1265 649 1341 Item
677 1265 782 1342 aliud
811 1267 859 1341 de
887 1266 1021 1342 eodem
1050 1265 1080 1342 si
1110 1265 1304 1364 particeps
1332 1273 1467 1341 tenens
1497 1263 1761 1362 recognoverit
1791 1263 1972 1364 participi

644 1394 797 1483 partem
815 1409 935 1472 suam,
953 1393 991 1460 et
1008 1385 1113 1482 quod
1129 1385 1199 1460 fiat
1216 1383 1399 1460 extensio.

381 1507 431 1583 F.
470 1513 519 1588 74
545 1507 673 1584 Breve
688 1509 793 1606 quod
807 1507 892 1606 quis
908 1507 957 1584 sit
974 1508 1023 1583 ad
1037 1507 1268 1607 capiendum
1284 1515 1566 1584 sacramentum
1582 1508 1630 1583 de
1647 1505 1923 1594 extensoribus,
1941 1505 1972 1582 si

646 1625 825 1703 facienda
839 1627 888 1702 sit
903 1625 1075 1703 extensio
1090 1633 1202 1702 extra
1218 1626 1454 1702 comitatum.

544 1748 671 1824 Breve
685 1747 749 1823 ubi
763 1757 982 1824 extensores
998 1747 1091 1823 nihil
1106 1747 1268 1824 fecerint
1282 1749 1332 1822 ad
1345 1747 1515 1846 primum
1529 1744 1767 1823 mandatum.

545 1870 672 1946 Breve
687 1869 718 1946 si
732 1869 871 1946 milites
886 1870 1061 1946 venerint
1076 1879 1115 1946 et
1131 1869 1336 1946 vicecomes
1352 1868 1552 1967 negligens
1569 1869 1700 1945 fuerit.

545 1989 672 2066 Breve
688 1989 719 2065 si
734 1990 907 2066 extensio
921 1989 1047 2066 minus
1063 1989 1294 2066 sufficienter
1311 1991 1419 2066 facta
1434 1990 1564 2066 fuerit.

544 2113 671 2189 Breve
687 2113 1022 2211 interlaqueatum‚
1040 2113 1105 2189 ubi
1121 2112 1260 2190 milites
1279 2113 1326 2190 de
1344 2114 1493 2190 duobus
1510 2113 1753 2190 comitatibus
1771 2114 1973 2190 convenire

646 2230 786 2309 debent
803 2232 853 2308 ad
870 2231 1087 2308 faciendam
1102 2233 1375 2308 extensionem.

547 2355 651 2431 Item
668 2355 782 2431 breve
800 2356 848 2431 de
864 2354 1009 2431 eodem.

383 2477 432 2554 F.
472 2483 520 2558 75
547 2479 673 2555 Breve
697 2478 746 2555 de
771 2476 933 2576 querela
956 2477 1043 2553 filiae
1067 2477 1333 2578 primogenita
1357 2489 1395 2556 et
1421 2478 1620 2579 participis
1646 2506 1730 2579 quae
1754 2479 1973 2556 nonhabet

647 2595 912 2673 rationabilem
941 2605 1093 2697 partem
1122 2622 1233 2673 suam
1260 2621 1330 2672 nec
1359 2599 1587 2688 aesnesciam,
1617 2606 1657 2675 et
1687 2599 1735 2675 de
1764 2598 1974 2698 partitione

646 2715 925 2792 rationabiliter
939 2715 1117 2792 facienda
1131 2742 1202 2815 per
1216 2716 1366 2793 milites.

546 2839 672 2914 Breve
687 2840 735 2915 de
751 2838 934 2915 habendis
950 2838 1174 2938 corporibus
1191 2847 1437 2917 extensorum
1455 2841 1505 2917 ad
1521 2840 1821 2917 certificandum.

545 2960 612 3038 De
625 2960 747 3038 officio
759 2972 1017 3038 extensorum.

383 3086 432 3162 F.
472 3091 521 3166 77
547 3086 674 3162 Breve
687 3085 897 3163 vicecomiti
913 3087 960 3163 de
974 3086 1113 3163 seisina
1127 3087 1304 3163 facienda
1318 3086 1563 3164 coheredibus
1579 3097 1669 3188 post
1685 3089 1944 3187 partitionem.

545 3210 611 3286 De
626 3210 812 3308 homagiis
829 3209 1013 3287 faciendis
1030 3219 1068 3287 et
1084 3210 1290 3309 capiendis.

383 3331 433 3408 F.
472 3340 521 3415 78
548 3332 656 3421 Quid
672 3334 721 3409 sit
736 3332 958 3431 homagium
974 3343 1014 3410 et
1030 3333 1195 3432 qualiter
1210 3335 1472 3411 contrahatur.

548 3456 648 3545 Quis
663 3466 843 3534 teneatur
859 3457 1080 3555 homagium
1096 3483 1245 3558 capere.

547 3580 647 3669 Quis
658 3590 839 3658 teneatur
851 3580 1073 3679 homagium
1087 3582 1225 3658 lacere.

385 3703 434 3780 F.
474 3711 522 3785 79
550 3704 654 3781 Item
669 3705 836 3803 quando.

549 3827 653 3904 Item
668 3829 855 3926 quotiens.

549 3950 613 4028 De
628 3950 766 4050 quibus
781 3952 905 4028 rebus.

385 4073 434 4150 F.
474 4083 523 4151 80
549 4074 630 4150 Per
642 4100 738 4174 quas
752 4099 947 4174 personas.

550 4198 653 4274 Item
668 4197 834 4297 qualiter
850 4208 888 4275 et
904 4224 1074 4297 perque
1088 4199 1216 4276 verba.

547 4321 613 4398 De
629 4329 868 4399 sacramento
883 4321 1092 4399 fidelitatis.

548 4445 648 4534 Quae
662 4454 752 4522 sunt
766 4445 994 4544 inquirenda
1006 4456 1045 4523 et
1058 4448 1225 4523 tenenda
1239 4447 1278 4522 in
1294 4457 1532 4524 sacramento
1547 4447 1755 4524 fidelitatis.

549 4568 648 4657 Quis
661 4568 825 4644 effeetus
840 4568 1018 4666 homagii.

494 4757 497 4766 .
548 4690 728 4780 Qualiter
742 4691 964 4789 homagium
979 4692 1199 4768 dissolvitur
1214 4701 1253 4770 et
1269 4693 1521 4791 extinguitur.

385 4815 434 4890 F.
474 4823 521 4891 81
552 4815 595 4891 Si
618 4814 796 4891 dominus
821 4823 1019 4891 attornare
1044 4816 1165 4915 possit
1190 4816 1412 4914 homagium
1437 4826 1475 4893 et
1502 4817 1699 4893 servitium
1724 4816 1890 4894 tenentis
1916 4815 1975 4891 sui

648 4942 783 5010 eontra
797 4935 1036 5012 voluntatem
1050 4935 1227 5011 tenentis.

385 5056 434 5134 F.
474 5064 522 5134 82
551 5056 595 5134 Si
611 5057 787 5134 dominus
804 5059 1021 5156 captionem
1039 5057 1206 5156 homagii
1224 5059 1390 5136 tenentis
1408 5059 1466 5135 sui
1484 5059 1643 5135 differat
1660 5060 1720 5136 vel
1738 5067 1886 5136 recuset
1904 5083 1976 5159 per

648 5176 846 5254 malitiam.

385 5299 435 5376 F.
475 5307 524 5376 88
552 5300 595 5376 Si
615 5310 751 5378 tenens
771 5301 933 5400 propria
952 5300 1182 5377 auctoritate
1203 5301 1370 5378 divertat
1393 5328 1432 5379 se
1454 5303 1504 5378 ad
1527 5301 1645 5379 alium
1665 5301 1798 5380 relicto
1820 5303 1975 5380 domino

649 5444 719 5496 suo
733 5429 772 5496 et
786 5419 904 5496 faciat
919 5420 952 5496 ei
966 5419 1199 5517 homagium.
