4432 6340
398 475 473 544 248
931 469 1154 530 BRACTON:
1177 469 1237 529 DE
1261 469 1453 530 LEGIBUS

397 646 492 697 num
514 620 719 720 capitalem
740 621 789 697 de
810 621 918 698 cuius
941 622 1056 698 feodo
1079 621 1209 698 fuerit.
1235 622 1278 697 Si
1301 631 1431 698 autem
1452 621 1541 698 talis
1565 621 1685 698 fuerit
1708 621 1832 720 plenre
1854 621 1989 709 atatis,

396 739 606 816 videndum
620 740 681 815 cui
696 740 823 816 facere
839 742 975 817 debeat
990 740 1184 829 relevium,
1201 739 1355 817 domino
1368 739 1526 840 capitali
1540 741 1601 816 vel
1617 765 1686 816 suo
1700 749 1886 828 waranto,
1902 764 1990 816 cum

398 858 530 935 statim
545 858 631 957 capi
648 859 770 958 possit
785 859 1007 957 homagium
1024 859 1197 958 quamvis
1214 858 1322 936 heres
1339 867 1378 936 et
1393 867 1589 936 warantus
1607 885 1698 935 suus
1715 859 1821 934 infra
1837 867 1989 936 ascum

397 976 581 1065 extiterit,
601 987 639 1054 et
658 1003 745 1054 cum
763 987 923 1076 captum
943 979 992 1054 sit
1011 976 1244 1077 homagium,
1265 975 1397 1054 statim
1416 975 1549 1075 sequi²⁵
1571 974 1712 1055 debet²⁸
1733 977 1928 1065 relevium,
1949 987 1989 1053 et

397 1121 469 1196 per
484 1096 556 1172 hoc
572 1097 675 1195 quod
692 1096 824 1174 statim
840 1097 890 1173 sit
907 1096 1062 1173 domino
1078 1097 1235 1194 capitali
1254 1096 1489 1173 solvendum.
1512 1098 1589 1173 Sed
1609 1097 1761 1174 videtur
1780 1098 1989 1173 secundum

397 1216 585 1314 quosdam
606 1216 710 1314 quod
732 1215 905 1314 quamvis
928 1215 1112 1292 relevium
1134 1224 1317 1314 sequatur
1338 1215 1571 1313 homagium,
1596 1216 1700 1314 quod
1723 1239 1802 1290 non
1825 1215 1874 1292 sit
1899 1225 1989 1293 ante

397 1342 550 1410 aetatem
567 1335 730 1411 waranti
750 1333 985 1411 solvendum.
1005 1335 1107 1410 Esto
1126 1333 1243 1410 etiam
1262 1334 1365 1432 quod
1384 1342 1518 1410 tenens
1538 1335 1703 1411 tenentis
1724 1333 1882 1411 alicuius
1901 1358 1989 1410 cum

398 1452 553 1528 domino
567 1478 637 1528 suo
650 1453 768 1528 talem
782 1453 917 1529 fecerit
930 1452 1232 1541 conventionem,
1248 1453 1351 1550 quod
1366 1462 1456 1552 post
1470 1460 1634 1528 mortem
1649 1478 1759 1529 suam
1773 1452 1881 1528 heres
1898 1477 1988 1528 suus

397 1573 429 1649 si
446 1573 552 1649 infra
568 1581 721 1649 atatem
738 1571 858 1648 luerit
874 1596 952 1647 uon
971 1571 1020 1649 sit
1038 1570 1109 1647 sub
1125 1571 1299 1648 custodia
1316 1597 1397 1659 sua,
1417 1572 1483 1648 sed
1501 1571 1572 1648 sub
1590 1570 1764 1648 custodia
1782 1581 1989 1671 parentum

397 1716 555 1767 suorum
574 1689 841 1789 proximorum
858 1689 1242 1788 consanguineorum,
1262 1689 1323 1765 vel
1343 1689 1374 1766 si
1395 1690 1518 1789 plenae
1537 1689 1660 1765 aetatis
1681 1689 1864 1777 extiterit,
1885 1690 1989 1788 quod

397 1808 548 1886 nullum
561 1807 654 1887 det¹⁷
668 1808 862 1884 relevium.
877 1809 936 1885 Et
949 1808 1150 1905 contingat
1164 1809 1412 1907 postmodum
1426 1808 1530 1906 quod
1545 1807 1632 1884 talis
1649 1809 1826 1884 dominus
1840 1809 1988 1884 medius

397 1927 597 2017 moriatur,
623 1927 761 2004 herede
786 1927 893 2003 inira
918 1936 1070 2003 oetatem
1096 1925 1240 2014 relicto,
1268 1935 1307 2002 et
1334 1924 1427 2025 qui²⁸
1454 1951 1541 2003 cum
1569 1926 1689 2002 fuerit
1717 1926 1787 2002 sub
1815 1926 1989 2004 custodia

396 2045 541 2122 domini
565 2046 636 2135 sui,
659 2054 769 2144 petat
792 2046 893 2122 idem
917 2045 1094 2122 dominus
1118 2071 1209 2122 suus
1233 2045 1446 2122 custodiam
1469 2044 1618 2120 heredis
1643 2045 1797 2121 secundi
1822 2043 1987 2121 tenentis

397 2187 485 2240 cum
498 2164 617 2241 fuerit
630 2164 736 2240 infra
747 2173 911 2252 aetatem,
925 2164 987 2240 vel
1000 2163 1184 2240 relevium
1198 2188 1286 2240 cum
1299 2162 1423 2263 plenoe
1437 2163 1559 2240 aetatis
1573 2162 1756 2240 extiterit.
1772 2162 1950 2240 Obicitur
1964 2188 1989 2238 a

397 2284 622 2384 parentibus
642 2282 855 2360 conventio.
878 2282 1108 2382 Replicatur
1129 2308 1152 2358 a
1172 2282 1327 2359 domino
1347 2283 1451 2380 quod
1473 2282 1622 2358 factum
1642 2281 1808 2359 tenentis
1830 2282 1888 2358 sui
1910 2307 1988 2357 non

397 2401 527 2502 potuit
539 2401 574 2478 ei
589 2402 743 2478 auferre
755 2401 969 2478 custodiam
984 2401 1044 2477 vel
1058 2399 1253 2488 relevium,
1268 2400 1372 2498 quod
1385 2401 1421 2477 ei
1434 2398 1660 2497 competiit¹⁰
1675 2400 1824 2476 ratione
1839 2398 1987 2476 heredis

397 2519 564 2619 proximi
585 2519 752 2596 tenentis
775 2520 833 2596 sui
855 2520 896 2594 in
916 2519 1091 2595 custodia
1113 2545 1184 2595 sua
1205 2519 1415 2596 existentis.
1440 2519 1688 2618 Responsum
1710 2527 1769 2595 est
1791 2519 1826 2595 ei
1848 2545 1897 2595 ex
1921 2519 1986 2594 ad·

397 2664 507 2714 verso
522 2640 625 2736 quod
640 2637 734 2715 nihil
749 2639 841 2715 iuris
857 2637 1022 2714 clamare
1037 2638 1181 2736 poterit
1196 2638 1236 2712 in
1252 2635 1456 2735 praedictis,
1473 2661 1552 2711 non
1567 2636 1691 2734 magis
1708 2661 1826 2734 quam
1842 2637 1905 2713 ille
1922 2635 1988 2734 qui

397 2769 455 2838 est
476 2759 517 2835 in
537 2759 710 2835 custodia
731 2755 828 2834 sua⁸⁰
850 2757 881 2834 si
902 2766 1001 2834 esset
1022 2755 1145 2854 plenae
1166 2756 1301 2844 aetatis,
1323 2755 1414 2854 quia
1434 2757 1466 2832 si
1488 2755 1552 2831 ille
1575 2765 1736 2855 peteret,
1759 2755 1929 2831 obstaret
1952 2753 1987 2831 ei

396 2878 614 2955 conventio:
637 2877 741 2975 quod
762 2875 917 2975 quidem
937 2900 1071 2951 verum
1092 2883 1161 2963 est,
1184 2874 1287 2972 quod
1310 2873 1486 2950 dominus
1508 2874 1684 2972 capitalis
1706 2874 1800 2950 nihil
1822 2874 1987 2950 clamare

396 3004 536 3095 potest.
562 2995 640 3072 Sed
661 2994 978 3092 distinguendum
998 2992 1084 3069 est⁸²
1106 3002 1238 3068 utrum
1260 2992 1368 3069 heres
1390 2991 1526 3091 aliquis
1549 2992 1661 3081 illius,
1685 2993 1745 3068 cui
1767 2991 1857 3068 talis
1881 2992 1987 3068 facta

396 3115 473 3192 luit
499 3112 711 3201 conventio,
736 3111 975 3209 numquam⁸²
1001 3109 1148 3187 fuerit⁸⁸
1174 3137 1244 3210 per
1268 3110 1386 3189 talem
1411 3111 1690 3188 concessionem
1716 3110 1788 3187 sub
1813 3111 1987 3187 custodia

396 3241 603 3331 parentum
619 3256 707 3306 cum
722 3241 821 3308 esset
837 3230 942 3306 infra
957 3238 1121 3318 etatem,
1138 3229 1200 3305 vel
1217 3229 1339 3328 plenae
1355 3229 1478 3306 etatis
1495 3229 1748 3327 quietantiam
1764 3229 1921 3305 haberet
1938 3229 1986 3303 de

394 3349 547 3426 relevio.
563 3351 622 3426 Et
637 3376 713 3448 quo
728 3374 819 3426 casu
834 3348 1043 3448 praefertur
1057 3349 1259 3424 conventio
1275 3357 1437 3447 propter
1451 3348 1629 3424 seisinam
1644 3347 1904 3436 antecessoris,
1919 3345 1985 3445 qui

395 3467 489 3544 obiit
506 3468 655 3544 seisitus
673 3469 721 3544 de
739 3467 963 3566 quietantia,
982 3477 1021 3543 et
1039 3467 1129 3564 quia
1146 3467 1323 3543 dominus
1342 3475 1381 3543 et
1400 3467 1587 3543 feoffatus
1607 3491 1697 3542 suus
1717 3467 1872 3564 quando
1891 3464 1986 3542 obiit

395 3611 474 3662 non
492 3586 570 3663 cuit
588 3586 628 3662 in
646 3585 794 3662 seisina.
816 3585 860 3662 Si
878 3593 1008 3662 autem
1027 3595 1161 3662 tenens
1180 3610 1392 3684 numquam
1411 3583 1663 3683 quietantiam
1682 3581 1899 3671 habuerit,⁸⁴
1919 3583 1987 3660 sed

395 3704 572 3782 dominus
593 3703 730 3781 obierit
752 3703 913 3792 seisitus,
937 3701 1113 3780 dominus
1136 3704 1311 3802 capitalis
1334 3711 1470 3780 contra
1493 3713 1674 3804 parentes
1697 3702 1884 3779 obtinebit
1907 3727 1986 3777 non

396 3823 472 3899 aha
491 3822 651 3912 ratione,
673 3821 746 3898 nisi
767 3823 858 3920 quia
876 3823 984 3899 heres
1004 3823 1170 3899 tenentis
1191 3821 1251 3898 sui
1271 3823 1377 3898 infra
1396 3831 1550 3898 oetatem
1571 3823 1620 3898 ad
1642 3832 1769 3899 cartas
1790 3830 1830 3898 et
1850 3830 1986 3897 contra

395 3940 685 4018 conventionem
704 3940 936 4039 respondere
954 3966 1033 4016 non
1051 3942 1206 4040 poterit.
1403 4019 1404 4022 ,

493 4065 541 4142 Si
555 4065 605 4144 de
619 4065 772 4162 compto
788 4065 874 4142 dari
888 4063 1025 4141 debeat
1041 4064 1224 4141 relevium
1241 4074 1279 4141 et
1295 4063 1398 4162 quid.

393 4187 575 4264 Drcruru
602 4196 660 4265 est
687 4190 734 4265 de
759 4187 900 4265 relevio
928 4190 1030 4286 quod
1059 4196 1266 4286 prestatur
1294 4190 1341 4265 de
1368 4189 1484 4264 feodo
1510 4187 1678 4264 militari.
1708 4188 1827 4262 Nunc
1854 4195 1985 4263 autem

393 4307 602 4385 videndum
618 4309 649 4385 si
666 4309 714 4385 de
731 4308 883 4407 socagio
900 4309 984 4386 dari
1001 4309 1137 4385 debeat
1155 4307 1349 4397 relevium,
1367 4307 1482 4384 cum⁸⁵
1501 4310 1548 4385 de
1566 4308 1718 4407 socagio
1736 4333 1815 4383 non
1832 4332 1983 4406 compe-

393 4427 480 4504 tat³⁸
498 4429 654 4504 domino
670 4429 827 4527 capitali
844 4429 1018 4506 custodia
1035 4453 1159 4528 neque
1176 4429 1409 4528 homagium,
1430 4438 1468 4505 et
1487 4428 1553 4504 ubi
1572 4427 1680 4505 nulla
1698 4427 1884 4517 custodia,
1904 4425 1984 4502 ibi⁸'

392 4547 544 4623 nullum
561 4547 756 4638 relevium,
775 4550 841 4627 sed
859 4576 881 4625 e
899 4547 1132 4626 contrario.⁸⁸
1152 4551 1213 4628 Re
1231 4576 1323 4626 vera
1341 4550 1389 4627 de
1409 4549 1560 4649 socagio
1579 4550 1687 4626 nulla
1706 4549 1861 4627 domino
1881 4548 1983 4647 capi·

392 4667 463 4744 tali
475 4667 688 4766 competit⁸⁹
703 4668 887 4759 custodia,
903 4672 970 4746 sed
984 4671 1209 4769 parentibus
1224 4681 1269 4748 ut
1283 4671 1510 4771 praedictum
1526 4680 1595 4759 est,
1612 4696 1735 4769 neque
1750 4669 1982 4769 homagium,

392 4885 459 4922 ²⁶⁴⁰
470 4892 619 4966 requitur,
636 4889 712 4963 MA,
730 4887 805 4949 ΜΒ.
843 4888 870 4922 ²⁷
881 4887 945 4965 det,
961 4892 1030 4966 OB,
1047 4889 1114 4965 OC,
1132 4892 1209 4966 MB,
1226 4892 1298 4964 cE;
1317 4891 1347 4953 d.
1369 4890 1530 4969 (debeti),
1547 4892 1616 4967 OA,
1634 4891 1701 4966 LA,
1719 4891 1793 4967 MC,
1812 4890 1888 4963 MA,
1906 4888 1983 4964 MG,

393 4988 438 5060 Y;
455 4988 547 5050 debet
564 4990 650 5066 dare,
667 4991 747 5063 cM;
764 4989 862 5066 dabit,
879 4992 918 5052 V.
957 4989 1076 5065 ²⁸Om.,
1094 4992 1172 5066 MG,
1191 4994 1264 5054 CM.
1305 4991 1331 5026 ²⁹
1342 4995 1500 5070 competit,
1519 4991 1586 5068 ΟΕ,
1605 4992 1642 5053 V.
1683 4989 1802 5067 ⁸⁰Om.,
1819 4991 1889 5066 OB,
1908 4991 1983 5064 MA,

394 5089 469 5149 MB.
511 5088 630 5164 ⁸¹Om.,
650 5090 719 5166 OA,
739 5090 806 5167 LA,
826 5092 866 5167 Y,
887 5093 966 5165 Μῦς
987 5095 1058 5166 erit,
1079 5091 1145 5153 00.
1187 5091 1214 5125 ⁸²
1226 5112 1379 5171 umquam,
1401 5093 1469 5167 OA,
1492 5095 1563 5166 LA;
1586 5097 1742 5170 uniquam,
1763 5093 1830 5155 OC.
1873 5091 1984 5168 ⁸⁸iuit,

393 5189 463 5263 OB,
477 5190 553 5265 MA,
566 5191 632 5252 ΟΕ.
668 5188 694 5223 ⁸⁴
705 5190 824 5266 habuit,
837 5193 907 5267 OB,
920 5193 996 5267 MA,
1010 5193 1087 5268 ΜΒ,
1102 5193 1176 5267 MC,
1191 5193 1269 5269 MG,
1283 5195 1322 5255 Y.
1359 5192 1385 5228 ⁸⁵
1397 5215 1465 5256 cum
1480 5201 1592 5268 autem,
1607 5195 1685 5269 MG,
1701 5195 1775 5270 CM,
1790 5194 1829 5255 Y.
1866 5191 1984 5254 ⁸⁸com·

393 5292 485 5366 petit,
500 5289 578 5366 MG,
592 5291 665 5352 CM.
701 5289 819 5366 ⁸⁷Om.,
834 5292 912 5366 MG,
927 5293 1001 5366 CM,
1021 5292 1076 5370 Η-
1090 5293 1149 5369 Y).
1187 5291 1490 5357 ”Sedecontrario
1507 5315 1639 5372 revera,
1655 5296 1749 5358 MSS.
1764 5316 1829 5356 var.
1866 5294 1984 5357 ⁸⁰com-

393 5396 492 5466 petat,
507 5390 583 5466 MA,
598 5389 636 5452 V.
