4394 6342
618 497 679 558 na
702 452 1004 570 nuoumsuno
1027 498 1185 559 annun
1208 497 1410 560 nonruro
1761 507 1810 574 53

219 645 308 723 velt
323 646 517 725 monachis
532 647 593 723 vel
609 647 794 747 personis,
811 647 922 724 etita
936 647 1030 724 nihil
1046 647 1188 724 babent
1206 647 1278 724 nisi
1295 647 1447 725 nomine
1464 647 1628 725 eeclesia
1645 674 1732 754 suae.
1751 649 1810 726 Et

219 766 297 842 baee
323 791 415 842 vera
441 773 533 842 sunt
559 766 632 844 nisi
658 765 751 843 velit
777 765 913 865 aliquis
941 765 1067 843 dicere
1094 768 1198 864 quod
1225 766 1389 844 eeclesia
1416 792 1494 842 suae
1521 766 1808 845 condicionem²'

218 884 419 962 meliorare
440 893 615 986 possunt,
636 885 752 962 etiam
773 885 853 963 sine
874 910 1061 963 consensu
1082 886 1364 985 predictorum.
1389 887 1492 964 Sunt
1513 887 1630 964 etiam
1652 888 1809 986 quidam

219 1004 367 1104 priores
389 1003 456 1082 et²⁸
478 1014 748 1103 procuratores
772 1005 837 1104 qui
862 1003 1074 1082 amotibiles
1097 1016 1200 1094 sunt,
1225 1005 1317 1104 qui‘⁷
1341 1029 1411 1081 nec
1434 1006 1528 1083 dare
1551 1015 1715 1106 possunt
1739 1032 1809 1083 nec

218 1124 396 1213 alienare,
414 1124 512 1201 sicut
529 1148 599 1200 nec
616 1149 697 1201 rem
714 1123 754 1198 in
770 1124 953 1201 iudicium
971 1124 1169 1215 deducere,
1188 1149 1257 1201 nec
1275 1134 1509 1223 permutare,
1527 1150 1597 1202 nec
1614 1149 1702 1202 cum
1720 1152 1807 1201 con·

218 1267 332 1319 sensu
350 1241 631 1342 superiorum,'⁸
651 1268 720 1318 nec
739 1243 819 1320 sine
837 1268 1023 1320 consensu
1042 1242 1191 1321 abbatis
1210 1244 1271 1320 vel
1290 1242 1428 1344 prioris
1448 1243 1508 1322 vel
1530 1243 1687 1322 alterius
1706 1246 1807 1334 talis,

217 1362 308 1461 quia
327 1361 567 1439 amotibiles²⁹
586 1371 678 1439 sunt
697 1369 736 1439 et
756 1387 835 1438 non
854 1361 1045 1462 perpetui,
1066 1387 1136 1438 nec
1156 1363 1375 1461 generalem
1396 1388 1465 1439 nec
1485 1363 1645 1440 liberam
1665 1364 1808 1441 habent

217 1481 247 1557 f.
264 1481 357 1575 1ab]
413 1480 795 1558 administrationem.
813 1482 916 1557 Sunt
931 1491 1062 1559 tamen
1077 1481 1234 1580 quidam
1251 1483 1315 1580 qui
1331 1492 1422 1560 sunt
1438 1482 1650 1560 amotibiles
1668 1483 1733 1582 qui
1749 1509 1807 1560 re·

216 1600 407 1699 spondere
423 1608 619 1698 potenmt,
636 1608 675 1676 et
691 1625 773 1676 rem
790 1600 831 1675 in
847 1598 1028 1676 iudicium
1045 1600 1232 1676 deducere
1250 1600 1290 1675 in
1306 1600 1398 1677 locis
1415 1600 1691 1699 spiritualibus,
1709 1603 1808 1679 sicut

217 1719 323 1817 apud
344 1719 532 1794 Sanctum
550 1716 762 1793 Albanum.
784 1717 888 1794 Item
907 1719 1052 1794 donare
1070 1743 1149 1794 non
1169 1728 1298 1818 potest
1318 1718 1522 1795 bastardus
1542 1745 1630 1796 eum
1650 1720 1806 1810 effectu,

216 1837 288 1914 nisi
305 1837 353 1914 de
369 1861 529 1936 corpore
546 1862 615 1913 suo
630 1836 787 1913 heredes
804 1846 1025 1935 procreatos
1042 1836 1230 1926 habuerit,
1248 1838 1308 1914 vel
1327 1838 1541 1936 assignatos
1560 1838 1695 1915 fecerit
1712 1840 1805 1937 legi·

215 1956 307 2033 time
323 1982 395 2057 per
409 1957 567 2032 modum
585 1956 812 2032 donationis.
832 1957 935 2032 Item
952 1955 1125 2031 donare⁸⁰
1142 1980 1221 2032 non
1238 1965 1367 2054 potest
1385 1981 1473 2034 cum
1492 1957 1636 2034 effectu
1654 1982 1805 2034 accusa·

214 2085 279 2152 tus
300 2099 417 2174 super
437 2075 594 2151 crimine
614 2073 710 2150 laesae
731 2074 952 2164 maiestatis,
975 2077 1035 2151 vel
1057 2074 1132 2151 alio
1153 2075 1310 2152 crimine
1331 2075 1488 2176 capitali
1510 2084 1600 2175 post
1622 2077 1806 2154 feloniam

214 2194 520 2294 perpetratam,⁸²
539 2195 634 2271 dum
651 2202 783 2270 tamen
800 2194 1076 2271 condemnatus
1095 2195 1215 2271 luerit
1233 2194 1461 2272 iudicialiter
1480 2195 1546 2273 et⁸‘
1565 2220 1637 2295 per
1654 2205 1805 2273 senten·

215 2315 320 2391 tiam.
338 2315 417 2390 Sed
431 2314 588 2391 donatio
599 2314 689 2391 talis
704 2313 916 2390 remanebit
929 2314 970 2388 in
984 2314 1168 2414 pendenti
1184 2315 1305 2390 donec
1319 2314 1439 2391 fuerit
1453 2316 1729 2392 condemnatus
1745 2315 1805 2392 vel

215 2433 421 2510 convictus.
438 2433 496 2510 Bt
513 2433 563 2509 ad
577 2432 648 2507 hoe
664 2431 760 2510 facit
774 2433 838 2508 lex
853 2432 897 2508 ff.
914 2434 962 2510 dc
977 2430 1248 2510 donationibus
1262 2442 1352 2532 post
1370 2442 1609 2510 contractum
1627 2442 1805 2523 etcetera,

214 2551 280 2628 ubi
297 2552 438 2629 dicitur
454 2553 558 2650 quod
574 2560 664 2650 post
680 2559 922 2628 contractum
939 2550 1083 2627 crimen
1102 2552 1326 2628 donationes
1345 2553 1458 2628 facta
1476 2552 1607 2628 valent
1625 2553 1697 2630 nisi
1716 2578 1805 2630 con-

214 2672 410 2749 demnatio
431 2679 562 2748 secuta
583 2670 643 2747 sit.
667 2670 805 2748 Innuit
825 2697 919 2769 ergo
940 2669 1043 2769 quod
1065 2671 1137 2746 nisi
1159 2671 1279 2748 fuerit
1301 2670 1504 2749 subsecuta
1525 2673 1629 2770 quod
1651 2673 1805 2751 valeant

214 2791 452 2880 donationes,
472 2799 513 2867 et
532 2789 564 2867 si
584 2789 704 2868 luerit
724 2791 828 2888 quod
846 2814 926 2865 non
945 2789 1140 2866 valeant.⁸⁸
1163 2790 1267 2866 Item
1289 2791 1381 2866 dare
1403 2816 1481 2866 non
1502 2799 1631 2889 potest
1653 2792 1717 2868 ille
1739 2792 1805 2890 qui

214 2909 370 2986 omnino
384 2909 560 2987 seisinam
575 2935 654 2987 non
666 2908 871 2985 habuerit⁸⁴
885 2910 946 2986 vel
960 2910 1112 3007 qualem
1127 2908 1320 3007 qualem‚⁸⁸
1335 2909 1423 2987 licet
1437 2910 1649 2986 dominium
1664 2911 1804 2986 babue-

215 3030 266 3106 rit
280 3038 318 3106 et
332 3027 530 3106 servitium
544 3027 745 3129 percipiat,
760 3027 858 3104 sicut
872 3027 993 3103 videri
1007 3028 1151 3126 poterit
1165 3027 1206 3103 in
1221 3051 1323 3103 casu.
1340 3026 1441 3103 Esto
1458 3029 1562 3126 quod
1578 3029 1662 3127 quis
1678 3029 1804 3126 primo

214 3147 400 3225 dimiserit
419 3157 565 3225 terram
586 3148 637 3224 ad
658 3147 810 3223 firmam
830 3147 892 3236 Β.,
912 3156 952 3224 et
971 3154 1107 3246 postea
1128 3144 1261 3223 illam⁸⁸
1283 3147 1431 3225 dederit
1454 3147 1499 3224 C.
1521 3157 1562 3225 et
1582 3148 1804 3246 homagium

214 3294 326 3345 suum
340 3267 485 3368 ceperit
499 3267 591 3345 etin
605 3267 781 3344 seisinam
796 3266 979 3367 posuerit,
994 3266 1101 3342 salvo
1116 3267 1164 3342 B.
1181 3266 1352 3342 firmario
1366 3267 1532 3343 termino
1548 3293 1629 3356 suo,
1645 3277 1684 3344 et
1700 3269 1805 3366 quod

214 3387 307 3463 nihil
326 3388 360 3464 ei
380 3388 563 3485 depereat
580 3412 651 3487 per
670 3386 916 3462 donationem
934 3383 1080 3472 illam,⁸'
1101 3385 1214 3462 etita
1232 3386 1337 3483 quod
1355 3385 1449 3462 nihil
1468 3397 1666 3464 remaneat
1686 3388 1804 3463 dona·

214 3507 289 3584 tori
308 3507 380 3583 nisi
397 3507 620 3604 homagium
636 3512 676 3582 et
695 3505 903 3583 servitium.
925 3505 983 3582 Et
1002 3513 1084 3581 esto
1104 3505 1208 3602 quod
1228 3503 1329 3580 idem
1350 3505 1515 3582 donator
1534 3507 1599 3604 qui
1621 3506 1713 3582 nihil
1734 3508 1804 3585 sibi

120 3667 123 3672 v
214 3626 373 3704 retinuit
397 3625 470 3702 nisi
494 3624 706 3702 dominium
730 3634 770 3702 et
796 3623 993 3702 servitium
1018 3625 1098 3701 sine
1124 3622 1272 3713 seisina,
1298 3625 1460 3701 eandem
1485 3633 1629 3702 terram
1656 3627 1804 3704 dederit

215 3749 338 3826 eidem
356 3748 404 3824 B.
423 3747 593 3824 firmario
610 3756 649 3824 et
667 3748 714 3824 de
732 3747 838 3823 facto
856 3745 1029 3847 posuerit
1046 3747 1174 3846 ipsum
1191 3746 1232 3822 in
1249 3745 1438 3836 seisinam,
1458 3748 1488 3823 si
1507 3747 1590 3845 ipse
1611 3748 1656 3824 C.
1675 3748 1803 3824 incon-

213 3871 352 3949 tinenti
367 3872 495 3972 ipsum
511 3870 559 3946 B.
576 3868 738 3958 eiecerit,
755 3867 833 3944 B.⁸⁸
849 3893 920 3967 per
934 3868 1092 3945 assisam
1107 3894 1186 3944 non
1202 3868 1444 3968 recuperabit
1459 3876 1505 3944 ut
1520 3869 1683 3946 liberum
1698 3879 1803 3947 tene·

212 4005 387 4072 mentum
399 4019 522 4091 neque
533 4002 579 4070 ut
591 3993 810 4082 terminum,
825 3991 915 4090 quia
926 3999 1135 4088 utrumque
1149 3989 1309 4067 anrittit:
1323 4016 1372 4066 ex
1387 4015 1463 4089 quo
1478 3991 1643 4067 donator
1656 3992 1804 4069 nullam

214 4115 369 4193 omnino
384 4115 561 4193 saisinam
574 4114 709 4191 habuit
722 4140 771 4190 ex
785 4113 855 4190 tali
869 4111 1076 4190 donatione
1091 4137 1170 4189 non
1183 4111 1313 4212 potuit
1328 4112 1361 4189 ei
1378 4112 1506 4188 facere
1520 4112 1683 4190 liberum
1698 4123 1803 4190 tene·

212 4248 398 4328 mentum,
417 4247 458 4314 et
476 4264 525 4314 ex
543 4263 620 4336 quo
638 4236 740 4314 idem
759 4236 807 4312 B.
829 4261 869 4313 se
888 4234 1014 4311 tenuit
1034 4235 1084 4310 ad
1105 4234 1403 4312 feoffamentum
1423 4233 1538 4310 tacite
1558 4235 1724 4311 termino
1744 4261 1802 4312 re·

213 4361 418 4438 nuntiavit.
439 4359 525 4436 Er·
545 4359 576 4435 si
595 4359 696 4435 idem
716 4359 762 4444 C.
784 4355 937 4456 primo⁴⁰
958 4356 1146 4433 feoffatus
1166 4357 1330 4432 eundem
1350 4353 1427 4431 B.⁴²
1449 4355 1663 4433 firmarium
1684 4357 1803 4432 eicere

212 4508 292 4560 non
312 4483 433 4583 possit
453 4481 705 4559 incontinenti
725 4480 786 4557 vel
807 4488 896 4579 post
917 4478 1175 4567 intervallum,
1196 4478 1380 4575 competit
1401 4477 1435 4554 ei
1458 4477 1576 4555 assisa
1598 4503 1705 4554 novae
1727 4477 1802 4555 dis·

212 4606 369 4695 seisinae,
385 4613 469 4682 tam
486 4629 604 4703 super
621 4602 869 4679 feoffatorem
887 4627 1000 4678 suum
1019 4626 1135 4699 quam
1153 4623 1270 4698 super
1287 4599 1512 4689 firmarium,
1531 4608 1570 4676 et
1587 4599 1693 4699 quo⁴²
1711 4624 1803 4677 casu

210 4810 238 4846 ²⁴
249 4811 330 4888 Ona,
346 4811 416 4884 OA,
433 4811 500 4885 LA,
517 4809 585 4883 OC,
602 4808 679 4884 MG,
696 4808 770 4882 CM,
789 4806 862 4879 HA,
880 4805 953 4865 MC.
992 4801 1018 4837 ²⁶
1030 4802 1110 4879 Om,
1130 4803 1212 4876 MG;
1229 4801 1438 4864 condicionem
1456 4823 1551 4877 suam,
1570 4805 1643 4865 CM.
1683 4802 1710 4837 ²⁸
1721 4803 1802 4880 Om.,

212 4913 281 4988 OB,
296 4912 372 4974 ΜΒ.
408 4910 434 4945 ¹²
446 4919 478 4972 et
490 4931 552 4971 non
568 4912 712 4988 perpetui
727 4911 791 4985 qui,
807 4908 874 4982 OC,
888 4906 967 4980 MG,
981 4906 1055 4966 CM.
1093 4903 1119 4938 ²⁸
1130 4907 1310 4981 superioris,
1326 4905 1366 4980 V,
1382 4903 1451 4979 OB,
1468 4905 1544 4980 MA,
1561 4906 1636 4966 ΜΒ.
1675 4904 1801 4966 ''moti-

211 5013 300 5088 biles,
313 5013 383 5088 OA,
398 5011 465 5087 CB,
479 5011 549 5085 OB,
564 5010 641 5084 ΜΒ,
655 5009 694 5070 Y.
731 5007 758 5042 ⁸⁰
769 5006 855 5082 dare,
870 5007 910 5081 V,
925 5007 994 5083 OB,
1009 5006 1085 5081 MA,
1102 5007 1174 5067 HA.
1212 5003 1238 5039 ⁸¹
1250 5009 1458 5084 impetratam,
1474 5007 1543 5080 OA,
1559 5008 1626 5082 LA,
1642 5007 1710 5082 OC,
1728 5008 1801 5083 HA,

211 5114 284 5175 MC.
326 5111 445 5189 ”Om.,
465 5111 544 5185 MG,
563 5111 637 5172 CM.
678 5107 832 5183 ⁸⁸valent,
852 5108 930 5183 ΜΒ,
949 5107 987 5168 V.
1030 5106 1192 5183 ⁸‘babent
1212 5107 1296 5180 MG;
1317 5107 1434 5182 babuit,
1456 5107 1550 5170 MSS.
1573 5129 1638 5170 var.
1682 5107 1800 5185 ⁸⁶Om.,

210 5217 280 5292 OB,
297 5216 373 5290 MA,
390 5214 470 5286 MG;
485 5214 536 5274 vel
551 5210 809 5290 qualemcumque,
826 5208 898 5282 CE3
915 5209 965 5269 vel
981 5207 1076 5269 talem
1092 5207 1224 5286 qualem,
1241 5209 1319 5285 MG,
1337 5210 1412 5285 CM,
1430 5211 1494 5271 HA
1515 5208 1641 5288 (corn).
1681 5209 1708 5246 ⁸⁸
1720 5214 1800 5288 Om,

210 5317 280 5393 OB,
299 5315 376 5391 MA,
395 5314 471 5389 ΜΒ,
490 5313 530 5374 Y.
569 5309 705 5386 'lanam
724 5310 803 5385 MG,
822 5309 896 5370 CM.
938 5307 1057 5384 ⁸⁸Om.,
1077 5308 1155 5385 MG,
1175 5309 1248 5371 CM.
1290 5307 1393 5385 ⁸⁸sed,
1413 5311 1453 5388 V,
1473 5310 1542 5387 OB,
1562 5312 1637 5374 ΜΒ.
1680 5312 1800 5394 ”post

211 5416 289 5490 MG,
304 5417 342 5477 V.
378 5412 498 5488 ιιΟιιι,
512 5413 551 5488 V,
566 5413 634 5474 OB.
670 5408 827 5488 ‘'inquo,
842 5409 911 5485 OB,
926 5409 964 5472 V.
