4374 6366
760 517 822 577 DE
845 517 1048 578 PLACITIS
1071 517 1261 582 CORONAE
1734 528 1807 602 447

219 665 439 742 dominum?
452 665 592 752 Immo,
605 665 660 742 ita
672 663 802 763 quod⁴⁵
815 664 997 741 iudicium
1010 666 1245 743 emendetur.
1262 666 1304 743 si
1318 677 1449 745 autem
1464 670 1592 746 averia
1604 670 1809 770 capiantur

218 809 291 882 per
310 783 537 859 servientem
556 783 636 859 sine
654 781 793 858 iudicio
812 783 936 872 cunae,
956 791 996 861 et
1013 793 1149 883 postea
1169 785 1294 884 petita
1312 785 1460 862 fuerint
1480 786 1529 862 ab
1548 786 1634 885 ipso
1654 788 1809 865 domino

218 925 308 977 cum
321 926 488 1000 praesens
503 900 635 990 fuerit,
649 902 785 1001 etipse
799 927 845 978 ea
859 902 1025 979 vetuerit
1038 927 1110 1001 per
1123 902 1281 979 vadium
1295 913 1334 980 et
1350 903 1510 1002 plegios,
1525 914 1688 1004 uterque
1703 913 1807 982 tene·

218 1020 326 1097 bitur
340 1028 387 1095 ut
401 1019 566 1108 videtur,
582 1045 683 1096 unua
700 1020 748 1096 de
765 1021 944 1118 captione
962 1029 1000 1096 et
1019 1021 1118 1097 alter
1134 1021 1182 1097 de
1198 1022 1329 1098 vetito.
1349 1021 1407 1099 Et
1424 1022 1513 1100 licet
1530 1022 1707 1100 dominus
1725 1024 1809 1122 ipse

219 1139 463 1216 advocaverit
488 1138 717 1236 captionem,
746 1137 973 1216 servientem
997 1163 1077 1214 non
1101 1138 1251 1227 liberat,
1279 1139 1345 1216 sed
1372 1148 1508 1217 onerat
1535 1165 1575 1215 se
1601 1141 1741 1239 ipsum,
1768 1150 1808 1217 et

218 1264 381 1353 uterque
399 1264 555 1331 tenetur
572 1255 619 1332 de
639 1254 746 1330 facto
764 1254 973 1344 servientis,
994 1256 1161 1332 serviens
1181 1257 1271 1354 quia
1290 1256 1404 1355 cepit,
1424 1267 1464 1334 et
1484 1258 1660 1335 dominus
1682 1258 1808 1357 dupli-

218 1373 314 1449 citer
324 1373 415 1472 quia
427 1373 589 1451 advocat
601 1373 751 1450 factum
763 1373 960 1450 servientis
972 1384 1011 1451 et
1024 1374 1115 1472 quia
1126 1383 1244 1450 vetat.
1259 1376 1363 1451 Item
1376 1385 1467 1452 sunt
1480 1375 1546 1473 qui
1558 1376 1692 1452 dicunt
1705 1377 1808 1474 quod

219 1517 298 1567 non
318 1500 474 1567 tenetur
493 1490 578 1589 quis
598 1491 830 1589 respondere
850 1491 898 1568 de
919 1492 1039 1569 vetito
1061 1501 1269 1590 antequam
1289 1492 1540 1569 convincatur
1560 1492 1689 1592 captio
1711 1493 1808 1569 iniu-

220 1606 320 1685 sta.⁴⁸
343 1609 413 1685 Ad
435 1609 550 1706 quod,
573 1607 703 1706 quod⁴'
728 1609 901 1707 quamvis
924 1607 1082 1707 captio‘⁸
1104 1610 1207 1686 iusta
1228 1611 1289 1686 vel
1313 1609 1467 1700 iniusta,
1490 1618 1621 1687 tamen
1645 1610 1807 1687 vetitum

220 1751 371 1825 semper
388 1727 462 1802 erit
478 1727 673 1803 iniustum.
695 1726 773 1802 Sed
790 1736 921 1803 tamen
940 1727 1045 1805 aliud
1063 1727 1137 1804 erit
1155 1726 1214 1804 si‘⁹
1231 1727 1389 1826 captio³⁰
1407 1727 1562 1804 omnino
1580 1727 1699 1817 nulla,
1718 1728 1809 1826 quia

219 1844 285 1921 ubi
297 1844 391 1920 nihil
403 1844 558 1920 omnino
569 1851 740 1942 captum,
753 1845 846 1921 nihil
859 1845 933 1922 erit
946 1871 994 1921 ex
1007 1871 1052 1922 eo
1065 1847 1169 1943 quod
1182 1845 1232 1922 sit
1245 1846 1419 1922 vetitum.
1434 1847 1538 1922 Item
1553 1846 1623 1922 etsi
1637 1855 1807 1944 captum,

218 1972 351 2040 tamen
372 1963 465 2039 nihil
487 1963 665 2062 petitum,
688 1963 781 2040 etsi
804 1962 897 2039 nihil
920 1964 1099 2062 petitum,
1122 1973 1216 2041 tunc
1239 1989 1317 2040 non
1340 1963 1414 2040 erit
1436 1962 1608 2061 uliquid⁸1
1632 1963 1806 2040 vetitum.

219 2082 324 2158 Item
339 2090 420 2158 esto
435 2080 537 2180 quod
551 2080 645 2156 nihil
660 2087 788 2156 actum
804 2080 853 2157 sit
866 2106 938 2180 per
952 2080 1098 2157 curiam
1112 2106 1182 2157 nec
1198 2106 1269 2179 per
1284 2081 1481 2157 dominum
1497 2081 1621 2169 curioe,
1638 2080 1705 2157 sed
1720 2089 1805 2156 tan·

218 2198 248 2274 f.
265 2199 358 2290 159]
413 2206 499 2273 tum
510 2221 581 2296 per
593 2196 838 2274 servientem:
851 2207 897 2274 ut
910 2198 941 2273 si
953 2197 1119 2275 serviens
1134 2199 1214 2275 sine
1228 2198 1383 2274 domino
1395 2198 1456 2275 vel
1470 2199 1549 2275 sine
1563 2198 1668 2274 curia
1681 2197 1806 2274 tallia·

218 2313 316 2393 verit
335 2322 509 2392 tenentes
530 2309 618 2391 siros
639 2314 736 2391 sicut
756 2314 917 2392 villanos
938 2316 1003 2413 qui
1024 2324 1114 2391 sunt
1134 2315 1254 2405 liberi,
1275 2317 1336 2392 vel
1357 2316 1487 2393 dicant
1508 2343 1547 2393 se
1568 2341 1650 2393 esse
1669 2315 1807 2392 liberos

219 2433 321 2510 forte
338 2457 426 2509 cum
442 2433 519 2510 sint
536 2432 646 2522 servi,
663 2441 703 2508 et
720 2442 855 2531 postea
871 2434 1015 2509 tamen²
1033 2433 1136 2510 inde²
1154 2435 1383 2512 auctoritate
1400 2434 1561 2533 propria
1579 2433 1714 2509 fecerit
1731 2432 1806 2508 dis·

216 2551 446 2640 trictionem,
468 2559 508 2628 et
531 2551 660 2627 averia
681 2551 732 2628 ad
755 2551 950 2649 querelam
973 2551 1187 2628 tenentium
1210 2552 1359 2629 fuerint
1381 2552 1593 2629 deliberata
1615 2577 1687 2651 per
1709 2552 1805 2628 vice-

218 2669 395 2745 comitem
419 2669 469 2744 ad
491 2668 648 2745 vadium
672 2678 711 2746 et
734 2669 896 2767 plegios,
920 2679 959 2746 et
983 2670 1139 2767 querela
1162 2670 1268 2746 facta
1293 2670 1342 2746 sit
1367 2679 1521 2746 tantum
1548 2671 1595 2746 de
1619 2669 1807 2746 serviente

218 2787 298 2863 sine
328 2787 494 2863 domino.
526 2787 725 2876 Quaeritur
755 2812 805 2862 an
836 2786 1016 2863 serviens⁸
1047 2787 1279 2886 respondere
1311 2788 1433 2886 possit
1464 2788 1525 2864 vel
1557 2787 1693 2863 debeat
1726 2787 1807 2863 sine

218 2906 384 2996 domino,
401 2913 441 2982 et
456 2932 538 2982 rem
554 2907 595 2981 in
611 2905 793 2981 iudicium
810 2905 996 2982 deducere
1014 2905 1094 2982 sine
1112 2930 1168 2982 eo.
1188 2905 1279 2994 Quo
1296 2930 1388 2982 casu
1403 2905 1674 3004 inquirendum
1692 2905 1765 2981 erit
1783 2929 1807 2979 a

217 3023 373 3100 domino
394 3033 526 3100 utrum
548 3022 697 3100 factum
717 3023 951 3101 servientum
971 3049 1128 3100 suorum
1150 3023 1393 3100 advocaverit
1414 3024 1474 3099 vel
1496 3049 1586 3100 non.
1612 3024 1655 3101 Si
1677 3033 1807 3100 autem

216 3166 306 3231 non,
323 3151 417 3218 tunc
432 3141 578 3241 poterit
593 3141 689 3241 ipse⁴
707 3143 883 3218 dominus
900 3141 971 3218 hoc
987 3142 1201 3230 emendare,
1219 3141 1371 3239 quodsi
1389 3142 1632 3219 advocaverit
1649 3141 1710 3218 vel
1727 3167 1806 3218 non

218 3260 488 3348 emendaverit,
510 3259 605 3337 facit
626 3260 805 3336 iniuriam
826 3260 932 3336 illam
953 3285 1063 3335 suam
1083 3259 1284 3358 propriam
1305 3258 1336 3336 si
1357 3259 1410 3335 ibi
1433 3259 1551 3336 fuerit
1573 3259 1722 3335 iniuria.
1746 3259 1806 3334 Et

217 3378 317 3453 cum‘
337 3377 592 3467 advocaverit,
612 3377 755 3478 poterit
775 3377 1017 3454 descendere⁶
1037 3377 1101 3453 ad*
1121 3377 1405 3477 inquisitionem
1425 3378 1476 3455 de
1492 3377 1652 3476 tallagio
1672 3387 1805 3456 utrum

217 3497 316 3574 iuste
331 3505 491 3595 petatur
504 3497 565 3572 vel
577 3495 730 3585 iniuste,
745 3497 911 3572 maxime
927 3493 971 3573 si⁸
985 3494 1138 3594 loquela
1153 3495 1281 3594 posita
1297 3494 1417 3572 fuerit
1433 3496 1482 3572 ad
1499 3495 1645 3573 curiam
1662 3496 1805 3573 domini

216 3615 329 3712 regis.
357 3614 530 3705 <Casus
554 3613 602 3689 de
627 3614 748 3690 Petro
773 3611 834 3690 de⁹
861 3613 1059 3689 Suhaudia
1084 3622 1124 3691 et
1147 3613 1366 3690 tenentibus
1392 3613 1469 3690 suis
1494 3637 1624 3690 coram
1649 3613 1804 3691 consilio

216 3731 359 3808 domini
379 3731 479 3829 regis
499 3732 606 3831 apud
624 3731 1015 3807 Westmonasterium
1035 3731 1084 3805 ad
1105 3730 1346 3820 scaccarium,
1368 3755 1469 3806 anno
1488 3730 1618 3829 regis¹⁰
1640 3730 1804 3807 Henrici

216 3848 510 3947 quadragesimo
525 3857 647 3937 sexto,
662 3848 711 3924 de
727 3848 890 3925 termino
908 3847 1066 3923 Pascha
1082 3847 1201 3946 paulo
1218 3855 1308 3926 ante
1325 3849 1660 3940 ascensionem>

316 3967 419 4044 Caua
440 3965 570 4044 avaria
589 3964 748 4043 atinam
768 3965 886 4043 camel
905 3965 1054 4059 suniat
1075 3987 1148 4064 per
1166 3964 1349 4043 iodicium
1371 3965 1583 4043 deliberata
1603 3977 1642 4044 et
1662 3968 1803 4046 iterum

317 4093 442 4183 capta.

217 4203 322 4278 CUM
336 4203 492 4280 autem¹¹
505 4201 633 4278 averia
646 4200 763 4278 semel
774 4226 846 4300 per
857 4199 1038 4277 iudicium
1050 4199 1255 4278 comitatus
1269 4200 1415 4277 fuerint
1429 4202 1649 4292 deliberata,
1663 4206 1804 4282 iterum

216 4322 302 4419 capi
322 4346 402 4396 non
422 4320 563 4397 debent
582 4345 656 4419 pro
677 4319 812 4396 eodem
832 4326 1039 4417 antequam
1060 4318 1247 4418 placitum
1268 4319 1507 4396 terminetur.
1530 4321 1589 4398 Et
1611 4321 1642 4398 si
1663 4322 1804 4399 iterum

215 4447 331 4538 capta
351 4438 510 4527 fuerint,
530 4439 736 4514 vicecomes
756 4463 801 4513 ea
820 4436 961 4514 iterum
981 4436 1183 4513 deliberari
1205 4436 1323 4515 faciat
1345 4462 1433 4513 cum
1454 4438 1596 4515 damno
1616 4438 1803 4540 capientis

216 4555 380 4654 pertale
396 4556 520 4632 breve.

314 4675 442 4752 Breve
458 4673 563 4772 quod
576 4673 845 4751 deliberentur.

214 4792 312 4870 lux
325 4791 535 4870 vicecomiti
551 4791 725 4869 salutem.
743 4789 981 4868 Monstravit
997 4788 1105 4866 nobis
1119 4790 1173 4866 A.
1189 4790 1397 4889 quodcum
1412 4790 1526 4869 breve
1541 4804 1717 4872 nostrum
1733 4795 1803 4872 tibi

214 4965 320 5046 ⁴‘pen
341 4967 409 5042 OB,
431 4967 508 5041 MA,
529 4966 604 5026 ΜΒ.
647 4962 805 5038 ⁴⁸·⁴⁸0na,
826 4964 894 5025 OB.
937 4961 1055 5038 ‘'dico,
1076 4962 1122 5035 V;
1144 4984 1214 5039 om.,
1235 4963 1312 5038 MA,
1335 4965 1411 5039 ΜΒ,
1434 4966 1508 5042 ΜΟ,
1530 4967 1597 5044 ΟΕ,
1619 4968 1694 5045 CM,
1718 4970 1801 5042 MG;

213 5066 346 5142 videtur,
362 5067 428 5129 OC.
467 5063 533 5101 ⁰⁰⁰⁰⁰
545 5065 625 5140 Om,
641 5064 710 5138 OB,
728 5065 803 5138 MA,
821 5065 895 5125 ΜΒ.
933 5062 1052 5140 51Οιιι,
1069 5065 1136 5139 OC,
1154 5064 1230 5125 MG.

296 5165 400 5243 ²cum,
419 5167 459 5242 V,
480 5167 548 5243 OB,
568 5167 646 5242 MA,
665 5166 744 5241 MG,
763 5166 840 5227 ΜΒ.
882 5163 987 5238 ¹Om.,
1009 5165 1076 5239 LA,
1096 5165 1137 5240 Y,
1158 5163 1224 5227 ΟΟ.
1267 5164 1407 5244 ‘semna
1428 5168 1495 5244 LA,
1516 5170 1556 5231 Y.
1598 5168 1703 5249 ‘Om,
1725 5173 1801 5250 MA,

213 5269 280 5344 LA,
296 5270 336 5345 Y,
352 5269 426 5330 ΜΟ.
464 5267 560 5344 ⁵n0n,
576 5268 651 5342 OA;
668 5271 705 5341 at,
721 5266 791 5341 OB,
808 5266 884 5340 MA,
901 5266 978 5341 ΜΒ,
994 5267 1062 5341 ΟΕ,
1078 5266 1152 5328 ΟΜ.
1190 5264 1394 5343 'defendero
1412 5270 1490 5346 MG,
1507 5271 1575 5346 ΟΟ,
1593 5272 1659 5334 LA.
1698 5271 1801 5336 '‘lde-

214 5369 342 5434 fendere
353 5389 422 5449 per,
434 5369 502 5445 OC,
515 5370 592 5433 MG.
626 5365 815 5443 ⁸Om.,0A,
829 5366 899 5444 OB,
913 5368 990 5444 MA,
1004 5368 1179 5445 MB;cum,
1193 5369 1270 5430 MG.
1306 5367 1371 5445 oct,
1386 5371 1455 5447 OB,
1470 5373 1546 5448 MA,
1561 5374 1636 5436 ΜΒ.
1672 5373 1801 5457 ¹⁰regni

212 5477 308 5552 regia,
325 5473 365 5547 V,
382 5473 460 5545 MG,
476 5470 543 5533 ΟΟ.
581 5470 608 5505 ²²
620 5470 700 5547 Om.,
718 5471 787 5546 OB,
805 5470 880 5543 MA,
899 5471 974 5530 ΜΒ.
