4392 6352
795 479 855 539 DE
879 478 1083 541 PLACITIS
1107 479 1295 542 CORONAE
1769 492 1842 560 335

253 627 348 705 dum
363 637 494 704 tamen
511 638 711 706 accusatus
728 630 959 706 attachietur
975 657 1097 730 usque
1114 632 1164 708 ad
1181 641 1333 708 aetatem
1352 634 1575 710 accusantis.
1595 635 1652 711 Et
1670 635 1741 711 hoc
1759 636 1844 712 dico

254 746 348 823 dum
362 754 493 822 tamen
509 745 559 823 sit
573 747 636 824 ille
653 748 718 846 qui
733 759 887 826 accusat
903 750 1063 846 integrae
1079 751 1193 826 famae
1209 759 1248 827 et
1264 776 1342 826 non
1358 751 1595 841 criminosus,
1612 753 1703 850 quia
1720 753 1843 830 crimi-

252 867 336 941 nosi
357 866 405 940 ab
425 867 529 942 omni
551 867 790 943 accusatione
811 867 1065 966 repelluntur,
1086 878 1131 945 ut
1152 869 1183 944 si
1205 868 1415 945 aecusans⁸⁸
1438 869 1557 946 fuerit
1579 870 1680 948 latro
1702 896 1842 970 cogno-

252 1006 358 1060 scens
371 984 432 1058 vel
442 984 654 1082 utlagatus,
668 984 729 1060 vel
742 983 869 1084 aliquo
881 1011 1022 1083 genere
1035 987 1186 1062 feloniae
1197 989 1392 1064 convictus
1404 989 1465 1064 vel
1478 989 1742 1066 convicendus.
1758 990 1843 1066 Nec

252 1100 369 1177 etiam
386 1101 647 1177 admittuntur
663 1103 713 1178 ad
732 1104 1011 1180 accusationem
1029 1105 1069 1179 in
1087 1104 1244 1181 crimine
1261 1105 1357 1182 laesae
1375 1105 1584 1184 maiestatis
1604 1107 1732 1207 aliquo
1752 1133 1842 1185 casu

251 1220 561 1320 conspiratores⁸⁴
576 1222 637 1297 vel
652 1221 800 1297 crimini
817 1222 1107 1312 consentientes,
1124 1233 1163 1300 et
1179 1223 1219 1299 in
1233 1225 1304 1299 hoc
1321 1223 1438 1300 casu⁸⁵
1456 1225 1625 1323 pertinet
1642 1227 1741 1304 aetio
1758 1237 1843 1304 tota

252 1339 302 1414 ad
328 1347 571 1416 aestuantem
596 1349 635 1416 et
661 1340 864 1438 adipsum
890 1367 1032 1439 regem.
1059 1342 1243 1420 Continet
1270 1343 1387 1419 etiam
1412 1344 1483 1418 sub
1510 1370 1550 1420 se
1576 1345 1720 1421 crimen
1745 1345 1842 1422 laesae

250 1456 461 1533 maiestatis
485 1457 629 1534 crimen
652 1458 753 1547 falsi,
778 1461 882 1557 quod
906 1460 1058 1558 quidem
1083 1461 1289 1560 multiplex
1312 1471 1382 1550 est,
1406 1471 1451 1537 ut
1467 1463 1507 1560 ,si
1532 1463 1616 1561 quis
1642 1464 1841 1541 falsaverit

250 1577 419 1674 sigilhun
442 1577 586 1653 domini
609 1579 711 1675 regis
734 1579 795 1654 vel
817 1588 1011 1655 monetam
1035 1578 1240 1678 reprobam
1265 1580 1522 1670 fabricaverit,
1548 1591 1587 1658 et
1611 1583 1840 1670 huiusmodi,

250 1696 460 1771 secundum
479 1696 583 1793 quod
601 1696 763 1773 inferius
783 1696 942 1772 dicetur.
965 1697 1008 1773 Si
1028 1697 1078 1774 sit
1098 1698 1233 1796 aliquis
1254 1700 1319 1796 qui
1341 1698 1459 1774 alium
1479 1701 1628 1777 noverit
1650 1727 1730 1777 esse
1750 1703 1840 1778 inde

249 1814 479 1912 culpabilem
497 1815 558 1891 vel
576 1816 616 1891 in
635 1816 763 1913 aliquo
781 1815 1038 1904 criminosum,
1057 1816 1189 1893 statim
1208 1825 1246 1893 et
1267 1817 1346 1892 sine
1366 1817 1494 1915 aliquo
1513 1818 1715 1895 intervallo
1736 1844 1838 1895 aoce-

248 1933 341 2009 dere
360 1933 473 2010 debet
492 1931 569 2007 ad⁸⁸
590 1934 718 2031 ipsum
738 1933 896 2031 regem⁸⁷
917 1935 948 2010 si
967 1934 1100 2033 possit,
1121 1936 1182 2012 vel
1202 1935 1355 2011 mittere
1375 1937 1406 2012 si
1426 1937 1555 2013 venire
1576 1963 1653 2012 non
1676 1937 1838 2037 possit,⁸⁸

248 2050 336 2127 vel⁸⁹
361 2053 411 2128 ad
433 2051 600 2149 aliquem
622 2052 723 2150 regis
748 2051 988 2142 familiarem,
1013 2063 1051 2130 et
1076 2054 1205 2129 omnia
1228 2054 1261 2129 ei
1284 2055 1533 2131 manifestare
1557 2081 1628 2154 per
1652 2057 1836 2133 ordinem.

248 2172 342 2247 Non
357 2172 458 2247 enim
474 2172 588 2248 debet
601 2172 743 2248 morari
759 2173 799 2248 in
813 2198 891 2247 uno
907 2173 990 2247 loco
1006 2197 1077 2270 per
1092 2173 1188 2248 duas
1206 2182 1336 2249 noctes
1352 2173 1412 2249 vel
1430 2175 1509 2249 dies
1527 2183 1733 2272 antequam
1751 2200 1837 2273 per·

248 2314 382 2365 sonam
402 2289 504 2387 regis
523 2290 663 2378 videat,
685 2316 755 2365 nec
776 2291 888 2366 debet
912 2292 961 2367 ad
983 2291 1111 2389 aliqua
1132 2292 1289 2389 negotia
1309 2293 1482 2389 quamvis
1504 2293 1776 2390 urgentissima
1797 2319 1837 2370 se

247 2418 480 2497 convertere,
504 2406 621 2506 quia⁴⁰
644 2407 710 2483 vix
733 2408 972 2506 permittitur
995 2409 1029 2486 ei
1054 2411 1157 2507 quod
1181 2418 1285 2486 retro
1310 2410 1481 2509 aspiciat.
1508 2410 1626 2499 Quod
1651 2421 1781 2488 autem
1806 2411 1837 2488 si

247 2527 323 2603 ad‘²
342 2537 497 2626 tempus
516 2527 811 2605 dissimulaverit
829 2537 868 2604 et
887 2527 1151 2615 subticuerit,⁴²
1170 2528 1279 2626 quasi
1297 2528 1536 2605 consentiens
1556 2538 1594 2605 et
1615 2531 1835 2619 assentiens,

246 2647 318 2723 erit
338 2648 516 2723 seductor
534 2647 677 2723 domini
696 2646 798 2744 regis
815 2646 1056 2735 manifestus,
1076 2646 1155 2723 sive
1174 2656 1373 2723 accusatus
1395 2647 1576 2746 proprius
1598 2646 1702 2724 fuit⁴⁸
1722 2649 1836 2724 homo

245 2766 305 2842 vel
322 2766 478 2843 alienus.
495 2767 553 2842 Et
570 2766 602 2842 si
617 2776 706 2864 post
722 2765 968 2841 intervallum
985 2789 1162 2841 accusare
1179 2765 1282 2853 velit,
1300 2791 1378 2841 non
1395 2764 1496 2841 erit“
1514 2766 1561 2842 de
1579 2766 1660 2842 iure
1678 2765 1833 2842 audien·

246 2886 317 2960 dus
335 2885 407 2960 nisi
425 2886 560 2962 docere
578 2885 700 2983 possit
718 2910 757 2961 se
776 2885 895 2960 fuisse
913 2884 1023 2960 iustis
1042 2883 1253 2960 rationibus
1272 2883 1511 2982 impeditum.
1536 2885 1578 2959 Si
1599 2886 1683 2982 quis
1704 2894 1834 2961 autem

245 3002 292 3078 de
317 3002 388 3077 hoc
413 3002 569 3078 erimine
595 3001 714 3079 fuerit
738 3001 1005 3090 diffamatus,⁴⁶
1031 3012 1124 3079 tunc
1150 3002 1359 3078 videndum
1385 3002 1457 3078 erit
1483 3012 1617 3079 utrum
1644 3012 1833 3102 appareat

244 3131 443 3198 accusator
461 3122 523 3198 vel
542 3147 632 3198 non.
656 3121 698 3197 Si
720 3131 850 3198 autem
870 3121 999 3197 nullus
1021 3131 1210 3219 appareat
1231 3121 1303 3196 nisi
1323 3121 1407 3196 sola
1428 3121 1545 3209 fama,
1569 3146 1652 3219 quae
1674 3119 1832 3198 tamen‘⁸

244 3243 349 3340 apud
368 3241 486 3318 bonos
505 3247 543 3317 et
561 3265 699 3338 graves
717 3240 876 3328 oriatur,
895 3240 955 3315 hic
974 3240 1079 3316 salvo
1098 3238 1370 3315 attachiabitur
1389 3265 1460 3338 per
1478 3239 1603 3316 salvos
1622 3249 1661 3316 et
1681 3265 1832 3316 securos

242 3362 401 3460 plegios,
427 3361 488 3437 vel
514 3361 545 3436 si
571 3359 719 3458 plegios
744 3384 825 3434 non
849 3358 1036 3446 habuerit,
1064 3383 1135 3456 per
1161 3357 1321 3434 carceris
1348 3357 1608 3446 inclusionem,
1636 3358 1756 3433 donec
1783 3359 1831 3434 de

241 3481 398 3557 crimine
418 3480 488 3556 sibi
508 3479 688 3578 imposito
708 3479 850 3555 veritas
871 3478 1098 3576 inquiratur.
1121 3478 1179 3554 Et
1201 3477 1233 3552 si
1253 3478 1565 3554 condemnandus
1588 3479 1719 3567 fuerit,
1741 3478 1830 3554 ulti·

240 3624 346 3674 mum
365 3597 565 3675 sustinebit
583 3596 814 3696 supplicium
833 3621 920 3672 curn
937 3621 1060 3694 poenae
1077 3596 1355 3693 aggravatione
1373 3596 1583 3694 corporalis
1603 3606 1641 3672 et
1660 3597 1830 3672 omnium

241 3718 430 3793 bonorum
458 3716 669 3804 amissione,
699 3725 738 3791 et
766 3715 950 3790 heredum
978 3738 1135 3789 suorum
1164 3711 1381 3811 perpetua⁴'
1412 3713 1717 3803 exheredatione,
1747 3712 1830 3790 ita⁴⁸

240 3839 343 3937 quod
355 3862 425 3912 nec
437 3837 488 3912 ad
499 3835 750 3911 hereditatem
764 3842 967 3932 paternam
982 3830 1078 3907 nee⁴⁹
1092 3839 1308 3907 maternam
1322 3831 1622 3908 admittuntur.⁵⁰
1637 3833 1714 3909 Est
1729 3834 1829 3909 enim

238 3966 321 4032 tam
340 3981 460 4054 grave
479 3953 648 4029 crimen⁸¹
668 3953 773 4028 istud
792 3952 896 4050 quod
915 3951 981 4026 vix
1001 3949 1240 4049 permittitur
1258 3949 1460 4027 heredibus
1482 3952 1585 4048 quod
1605 3951 1748 4026 vivant.
1771 3953 1829 4027 Et

239 4079 271 4153 si
291 4077 498 4176 aliquando
519 4073 649 4151 foue⁵²
671 4074 721 4149 ad
742 4072 1015 4148 successionem
1038 4069 1295 4147 admittantur
1315 4071 1424 4159 tales,
1447 4070 1517 4145 hoc
1539 4071 1664 4168 magis
1685 4071 1758 4148 erit
1781 4072 1829 4147 de

239 4198 367 4296 gratia
383 4196 563 4296 quamde
578 4196 671 4271 iure.
691 4195 734 4269 Si
751 4202 880 4270 autem
898 4201 1087 4290 appareat
1104 4200 1313 4280 aecusator,
1330 4199 1425 4266 tunc
1441 4191 1567 4290 primo
1584 4193 1762 4290 capiatur
1779 4192 1828 4267 ab

238 4344 282 4395 eo
300 4317 484 4395 securitas
502 4317 549 4392 de
567 4315 845 4414 prosequendo,
863 4324 901 4391 et
920 4314 951 4389 si
970 4312 1117 4411 plegios
1135 4337 1214 4387 uon
1231 4311 1419 4401 habuerit,
1440 4311 1577 4389 sufficit
1597 4338 1670 4411 pro
1689 4313 1826 4388 securi·

237 4447 319 4515 tate
343 4438 425 4515 sola
448 4438 539 4513 fidei
562 4436 679 4524 datio,
703 4445 742 4512 et
765 4435 836 4510 hoe
859 4435 944 4511 ideo
968 4434 1059 4532 quia
1081 4434 1112 4510 si
1138 4433 1187 4508 ad
1211 4433 1359 4531 plegios
1383 4434 1629 4510 inveniendos
1656 4433 1826 4509 districte

237 4559 376 4651 f.119]
431 4565 639 4645 teneretur,
657 4554 721 4630 alii
738 4581 777 4632 se
795 4555 1030 4631 abstinerent
1049 4579 1072 4629 a
1089 4553 1274 4629 consimili
1293 4555 1543 4630 accusatione.
1564 4555 1688 4630 Facta
1707 4555 1828 4651 igitur

236 4677 440 4755 securitate
460 4679 507 4754 de
528 4678 794 4775 prosequendo
814 4685 859 4752 ut
879 4675 1106 4774 praedictum
1126 4684 1195 4763 est,
1217 4675 1347 4751 statim
1368 4675 1545 4773 capiatur
1566 4685 1765 4752 accusatus
1787 4684 1825 4751 et

235 4896 261 4930 ⁸⁸
273 4904 444 4972 accusatus,
460 4896 536 4970 MA,
552 4897 628 4972 ΜΒ,
643 4895 682 4956 Y.
721 4893 787 4928 Μ
798 4893 879 4971 Om,
894 4893 972 4968 MG,
988 4894 1062 4954 CM.
1100 4890 1257 4968 ⁸⁸·⁸'0m.,
1274 4893 1341 4968 OC,
1358 4891 1435 4965 MG,
1453 4892 1526 4952 CM.
1564 4889 1591 4925 ⁸⁸
1602 4895 1729 4969 poterit,
1747 4892 1824 4966 MG,

235 4998 308 5058 CM.
347 4997 373 5030 ⁸⁹
385 4998 466 5072 0m.,
481 4996 550 5072 OB,
566 4996 642 5069 MA,
660 4996 736 5070 ΜΒ,
752 4996 791 5056 Y.
829 4992 939 5071 ⁴⁰quia
955 4999 1046 5069 enim,
1062 4995 1130 5070 OC,
1147 4994 1224 5070 MG,
1241 4994 1315 5054 CM.
1354 4991 1472 5067 41Οιη,
1490 4991 1557 5066 LA,
1576 4991 1642 5066 ΟΕ,
1660 4994 1729 5068 ΟΒ,
1748 4994 1824 5069 MA,

234 5097 309 5158 ΜΒ.
347 5096 374 5131 ⁴²
385 5097 590 5171 substituerit,
607 5097 676 5172 OB,
693 5096 769 5170 MA,
786 5095 853 5169 ΟΕ,
869 5095 947 5171 MG,
964 5095 1038 5170 CM,
1055 5096 1121 5157 ΟΟ.
1160 5091 1186 5126 ⁴⁸
1199 5093 1306 5167 fuerit,
1323 5093 1362 5169 V,
1379 5094 1419 5169 Y,
1436 5093 1503 5167 LA,
1521 5094 1597 5167 MA,
1615 5095 1687 5155 MC.
1726 5093 1755 5128 ⁴⁴
1765 5103 1823 5168 est,

233 5198 308 5273 ΜΟ,
323 5199 389 5259 LA.
425 5197 452 5232 ⁴⁶
464 5197 650 5273 defamatus,
665 5197 743 5271 MG,
758 5196 825 5271 ΟΟ,
841 5198 920 5269 ΟΜ;
936 5202 1107 5269 coematur,
1122 5195 1188 5268 LA,
1203 5195 1276 5256 MC.
1315 5192 1341 5228 ⁴⁶
1352 5201 1483 5270 tantum,
1500 5196 1544 5267 V;
1560 5216 1639 5271 cum,
1654 5197 1732 5270 MA,
1748 5198 1822 5270 CM,

234 5299 485 5372 MG3tum‚OC.
521 5295 547 5330 ⁴¹
559 5298 639 5372 Om.‚
653 5297 722 5370 OB,
737 5297 812 5372 MA,
828 5298 904 5377 ΜΒ,
919 5296 996 5370 MG,
1011 5297 1085 5372 CM,
1099 5296 1165 5357 OC.
1202 5293 1360 5372 ΝΟΜ,
1376 5296 1454 5370 MG,
1470 5297 1544 5357 ΟΜ.
1580 5295 1677 5372 ‘'vel,
1693 5299 1733 5372 V,
1749 5298 1821 5371 ΟΕ;

232 5419 289 5461 nee
304 5398 355 5474 ad,
369 5399 437 5460 OB.
474 5397 592 5474 ὓ10111,
608 5398 676 5472 OB,
691 5397 767 5472 MA,
784 5399 858 5458 ΜΒ.
895 5395 922 5430 ¹⁵²
934 5395 1014 5472 Om,
1030 5397 1097 5473 ΟΕ,
1112 5397 1151 5458 Y.
