4374 6366
781 549 842 610 DE
866 550 1070 612 PLACITIS
1093 549 1282 613 CORONAE
1755 563 1829 631 398

242 698 375 776 ordine
398 699 691 798 appellantium,
715 709 754 776 et
777 700 860 799 ipse
883 701 1050 800 excipiat
1075 712 1210 779 contra
1234 703 1373 803 ipsum,
1398 712 1438 781 et
1463 714 1573 804 petat
1598 705 1669 782 sibi
1694 707 1831 784 alloca-

239 817 363 894 tiones
384 817 478 893 fieri.
500 818 558 894 Et
579 817 681 917 quo⁸²
702 818 821 895 casu⁸⁸
841 819 873 896 si
893 819 1113 919 appellatus
1135 822 1334 920 appellum
1356 822 1602 901 declinaverit
1624 850 1755 902 versus
1777 827 1830 902 A.

241 937 410 1035 primum
428 937 703 1035 appellantem,
720 947 883 1036 propter
899 937 970 1014 hoc
987 964 1065 1014 non
1082 939 1227 1017 cadunt
1245 940 1401 1039 appella
1419 941 1593 1030 aliorum,
1614 943 1680 1019 sed
1698 944 1833 1020 eodem

241 1056 303 1131 die
322 1055 553 1154 respondeat
573 1056 740 1132 secundo
760 1056 986 1155 appellanti,
1007 1067 1045 1134 et
1067 1058 1097 1133 si
1118 1058 1253 1134 eodem
1270 1059 1386 1135 modo
1407 1061 1607 1158 appellum
1626 1062 1746 1160 ipsius
1767 1063 1831 1139 de·

241 1173 451 1262 clinaverit,
470 1175 702 1272 respondeat
719 1175 834 1251 tertio
854 1174 988 1252 eodem
1007 1175 1079 1263 die,
1100 1185 1139 1253 et
1158 1176 1210 1252 sic
1229 1177 1299 1253 fiat
1318 1177 1366 1253 de
1385 1177 1571 1276 pluribus.
1592 1178 1679 1255 Ee*
1699 1206 1831 1279 quam·

242 1295 309 1371 diu
330 1295 465 1393 aliquis
487 1296 713 1372 remanserit
736 1295 1001 1395 principaliter
1024 1297 1236 1395 appellans,
1259 1321 1338 1372 non
1361 1299 1433 1375 erit
1456 1301 1731 1377 recurrendum
1754 1300 1832 1377 ad⁸‘

241 1422 384 1490 sectam
398 1413 541 1489 domini
555 1414 657 1510 regis
670 1411 770 1489 nisi⁸⁶
783 1423 877 1491 tunc
892 1415 1046 1490 demum
1059 1439 1147 1491 cum
1161 1407 1292 1492 omnes'
1308 1417 1549 1515 appellantes
1566 1418 1776 1496 defecerint
1791 1419 1832 1495 in

242 1531 398 1630 appello
413 1556 493 1608 suo.

341 1656 388 1734 Si
400 1681 500 1732 anas
512 1655 645 1756 plores
658 1656 912 1756 appellaverit
925 1657 973 1735 de
987 1657 1147 1734 diversis
1158 1657 1287 1758 plapis
1301 1659 1538 1736 mortalibus.

244 1780 290 1857 Sr
307 1789 438 1857 autem
453 1806 554 1858 unus
571 1780 702 1880 plures
719 1781 973 1880 appellaverit
990 1782 1039 1857 de
1055 1781 1213 1858 diversis
1230 1783 1356 1881 plagis
1374 1783 1601 1860 mortalibus
1619 1793 1657 1859 et
1674 1784 1832 1862 diversis

242 1901 356 1978 factis
378 1903 419 1977 in
441 1903 568 1978 forma
591 1901 853 1999 supradicta,⁸²
877 1913 915 1979 et
938 1902 1085 2001 primus
1109 1903 1328 2002 appellatus
1351 1905 1550 2003 appellum
1573 1905 1832 1994 declinaverit,

242 2023 394 2098 recedet
407 2023 470 2098 ille
485 2023 636 2121 quietus
651 2048 722 2122 per
735 2022 927 2111 iudicium,
943 2034 981 2101 et
996 2023 1169 2101 similiter
1183 2024 1370 2123 appellati
1385 2025 1433 2101 de
1448 2026 1569 2101 forcia
1584 2035 1624 2103 et
1639 2036 1833 2126 praecepto

243 2144 291 2220 de
303 2144 437 2220 eodem
449 2144 554 2219 facto
567 2153 755 2242 quantum
769 2145 818 2220 ad
832 2144 1031 2243 appellum
1043 2143 1172 2232 talis,⁸⁸
1185 2170 1264 2220 non
1277 2155 1409 2222 tamen
1422 2154 1611 2244 quantum
1626 2147 1675 2222 ad
1690 2155 1833 2224 sectam

243 2266 345 2364 regis
369 2266 399 2342 si
422 2249 492 2341 rex
514 2267 620 2365 sequi
642 2265 818 2342 voluerit.
845 2267 888 2342 Si
912 2275 1042 2343 autem
1066 2267 1268 2366 appellans
1293 2268 1534 2367 appellatum
1557 2269 1738 2346 devicerit
1763 2295 1833 2368 per

244 2388 415 2466 duellum
428 2389 490 2464 vel
503 2415 575 2487 per
588 2389 768 2488 patriam,
784 2399 822 2467 et
838 2389 961 2465 adhuc
974 2399 1082 2466 tenet
1098 2389 1297 2488 appellum
1311 2415 1443 2466 versus
1459 2390 1552 2468 alios
1569 2391 1834 2490 principaliter

244 2512 461 2611 appellatos
477 2512 525 2588 de
541 2511 623 2587 aliis
639 2521 678 2589 et
694 2511 851 2588 diversis
867 2511 1005 2610 plagis,
1022 2521 1061 2588 et
1077 2513 1194 2589 etiam
1209 2538 1341 2589 versus
1358 2512 1573 2612 appellatos
1591 2514 1639 2590 de
1656 2514 1778 2590 forcia
1794 2523 1833 2591 et

243 2642 436 2733 praecepto
458 2634 505 2710 de
527 2633 653 2733 prima
675 2632 794 2732 plaga
815 2642 854 2710 et
875 2634 1002 2731 primo
1024 2634 1140 2723 facto,
1163 2659 1258 2732 quos
1281 2635 1445 2733 quidem
1457 2661 1588 2711 omnes
1611 2635 1834 2712 convincere

243 2757 437 2856 oportebit
457 2765 665 2853 antequam
684 2781 901 2852 regressum
919 2755 1058 2833 habeat
1079 2756 1281 2856 appellans
1301 2782 1433 2833 versus
1454 2757 1548 2834 alios
1568 2757 1835 2856 principaliter

244 2877 461 2977 appellatos
476 2877 524 2954 de
540 2878 645 2954 facto
659 2878 708 2953 de
724 2877 806 2955 aliis
820 2888 860 2954 et
875 2878 1032 2955 diversis
1048 2877 1186 2977 plagis.
1203 2879 1262 2954 Et
1277 2878 1453 2956 omnibus
1470 2879 1551 2956 istis
1569 2879 1624 2957 ita
1640 2879 1833 2968 convictis,

244 3027 315 3100 per
338 3001 512 3077 ordinem
534 3001 767 3099 procedatur
790 3026 921 3076 versus
946 3000 1039 3077 alios
1064 3025 1261 3099 quousque
1284 3026 1415 3077 omnes
1439 3028 1479 3078 se
1504 3001 1749 3077 defenderint
1773 3000 1834 3077 vel

244 3123 532 3212 convincantur,
549 3132 587 3199 et
603 3123 655 3200 sic
670 3132 784 3200 erunt
800 3122 914 3221 plura
929 3131 968 3199 et
984 3123 1134 3200 diversa
1149 3123 1305 3222 appella
1320 3132 1483 3222 propter
1499 3124 1650 3201 diversa
1666 3124 1782 3200 facta.

344 3246 584 3347 Appellatus
602 3248 670 3323 det
689 3245 845 3324 vadium
864 3246 1099 3341 defendendi
1118 3257 1157 3323 et
1177 3246 1379 3345 appellans
1399 3246 1465 3323 det
1484 3248 1639 3324 namara
1659 3247 1834 3324 darona·

345 3365 474 3443 aaadi.

245 3490 352 3575 Cum
372 3499 501 3566 autem
520 3489 739 3588 appellatus
759 3489 878 3565 fuerit
896 3488 981 3587 quis
999 3514 1070 3587 per
1088 3489 1205 3565 verba
1224 3489 1422 3588 appellum
1442 3489 1635 3577 facientia,
1655 3489 1837 3566 defensor

245 3613 324 3689 sive
340 3611 559 3711 appellatus
576 3613 642 3688 det
657 3611 814 3688 vadium
830 3610 1062 3687 defendendi
1080 3621 1119 3689 et
1137 3611 1356 3710 appellator
1371 3610 1528 3688 vadium
1545 3611 1834 3700 disrationandi,

244 3734 318 3810 nisi
341 3733 560 3832 appellatus
582 3733 825 3832 exceptiones
846 3732 985 3810 habeat
1008 3757 1080 3831 pro
1103 3759 1143 3809 se
1166 3759 1260 3832 quas
1283 3742 1478 3833 proponat
1501 3733 1552 3809 ad
1574 3733 1837 3810 defensionem

247 3881 355 3934 suam
372 3864 581 3954 antequam
595 3855 713 3932 intret
729 3855 771 3930 in
785 3878 1024 3953 responsum.

345 3980 452 4057 Saat
475 3979 651 4078 qaedam
675 3978 919 4076 receptiones
943 3977 1251 4076 qaoepeaerales
1273 3987 1366 4054 caat
1390 3978 1441 4055 ad
1464 3979 1593 4054 omnia
1616 3978 1773 4078 appella
1797 3989 1836 4055 et

346 4098 523 4197 qaoedara
548 4095 731 4196 speciales
756 4105 794 4173 et
819 4095 990 4185 dicemus
1016 4096 1226 4173 secandam
1251 4095 1512 4173 diversitatem
1539 4095 1770 4195 placitoraaa
1797 4105 1836 4173 et

346 4215 601 4317 appellarant.

248 4342 369 4418 Sunr
385 4338 587 4440 quaedam'⁹
605 4339 848 4437 exceptiones
865 4363 949 4436 quae
965 4338 1163 4436 generales
1182 4347 1272 4415 sunt
1290 4338 1340 4414 ad
1356 4337 1485 4413 omnia
1503 4337 1670 4436 appella,
1689 4347 1727 4415 et
1745 4347 1836 4415 sunt

247 4463 428 4562 speciales
455 4472 494 4539 et
521 4463 678 4539 diversa
705 4461 915 4537 secundum
941 4459 1202 4536 diversitatem
1230 4459 1484 4559 appellorum,
1513 4459 1610 4536 sicut
1638 4460 1686 4536 de
1712 4469 1837 4536 morte

247 4586 421 4674 hominis,
437 4586 484 4662 de
500 4610 595 4684 pace
610 4594 648 4662 et
664 4583 801 4684 plagis.
821 4584 924 4659 Item
939 4583 987 4658 de
1002 4607 1097 4681 pace
1112 4591 1151 4659 et
1167 4581 1294 4681 plagis
1311 4591 1349 4659 et
1365 4581 1553 4658 mahemio
1569 4579 1657 4657 vel‘⁰
1674 4581 1835 4658 roberia.

249 4710 352 4785 Item
367 4709 414 4784 de
429 4732 525 4806 pace
540 4716 578 4783 et
594 4706 720 4806 plagis
737 4715 775 4783 et
789 4705 1141 4803 imprisonamento.
1161 4705 1265 4781 Item
1280 4703 1327 4779 de
1344 4701 1493 4779 roberia
1509 4728 1581 4801 per
1597 4729 1647 4779 se.
1668 4703 1771 4780 Item
1788 4704 1835 4780 de

247 4829 507 4905 combustione
529 4853 599 4927 per
620 4826 805 4903 feloniam
824 4835 959 4902 contra
981 4850 1126 4924 pacem.
1151 4825 1254 4902 Item
1276 4825 1324 4901 de
1345 4834 1464 4923 raptu
1485 4825 1680 4922 virginum
1701 4834 1838 4902 contra

247 4976 393 5051 pacem.
410 4951 469 5026 Et
484 4958 619 5026 contra
635 4948 832 5048 quodlibet
847 4947 1009 5024 istorum
1026 4947 1268 5046 appellorum
1286 4945 1466 5045 speciales
1485 4955 1575 5023 sunt
1593 4946 1836 5046 exceptiones

248 5099 289 5149 1n
304 5097 372 5150 suo
387 5097 489 5148 casu.

247 5273 313 5309 ⁸⁸⁸⁸⁸
325 5295 385 5354 que
401 5271 599 5349 causa,MG,
617 5271 690 5333 CM.
729 5268 757 5304 ⁸⁴
768 5270 849 5345 Om,
866 5271 933 5343 LA,
949 5269 990 5343 Y,
1008 5268 1081 5330 MC.
1120 5265 1147 5301 ⁸⁸
1158 5287 1221 5327 non
1237 5265 1288 5341 ad,
1305 5266 1375 5342 OB,
1393 5268 1469 5343 ΜΒ,
1487 5268 1554 5329 MA
1575 5267 1678 5347 (nec).
1717 5266 1837 5346 ⁸⁶Om.,

248 5377 316 5452 LA,
329 5377 369 5438 Y.
404 5373 430 5409 ⁸²
442 5373 601 5454 predicte,
615 5373 693 5450 MG,
708 5372 781 5434 cM.
816 5368 844 5405 ⁸⁸
855 5369 930 5449 tale,
944 5370 984 5447 V,
1000 5371 1078 5448 MG,
1092 5367 1336 5446 cM,oc;ul.,
1351 5368 1420 5443 OA,
1434 5369 1503 5446 OB,
1518 5370 1559 5462 Y,
1575 5369 1649 5432 MC.
1685 5367 1837 5446 ⁸⁹autem,

248 5479 316 5554 LA,
330 5479 370 5553 Y,
384 5479 458 5539 MC.
495 5475 522 5510 ⁴⁰
533 5483 574 5552 et,
589 5475 656 5549 LA,
670 5475 711 5550 Y,
725 5473 764 5548 V,
780 5474 856 5548 ΜΒ,
872 5473 951 5546 MC3
967 5472 1017 5533 vel
1030 5475 1134 5546 edam,
1147 5471 1217 5546 OB,
1233 5471 1309 5547 MA,
1325 5468 1390 5555 CII.
