4432 6336
400 525 472 593 148
930 516 1152 578 BRACTON:
1175 516 1236 578 DE
1259 517 1452 580 LEGIBUS

398 693 488 756 non,
513 667 652 745 vitiosa
673 667 736 744 vel
759 693 849 756 non,
875 677 914 744 et
938 667 1068 744 omnia
1092 668 1205 745 debet
1230 667 1435 767 diligenter
1460 668 1694 766 perscrutari
1720 676 1759 743 et
1785 667 1988 767 inquirere,

398 811 486 862 eum
507 786 727 884 ignorantia
750 787 877 885 ipsum
899 811 977 864 non
1000 795 1168 876 excuset,
1191 794 1230 864 et
1253 811 1341 862 cum
1363 785 1476 864 liceat
1498 786 1811 864 contrahentibus
1835 811 1915 864 sese
1938 789 1988 864 ad

398 904 559 980 invicem
572 904 757 1002 decipere.
775 905 852 981 Sed
866 905 944 980 haec
957 929 1041 1004 qua
1055 904 1261 982 dictasunt
1275 903 1398 1002 magis
1411 904 1554 982 habent
1568 904 1694 980 locum
1709 904 1749 980 in
1761 905 1987 982 venditioni·

398 1020 469 1097 bus
488 1021 631 1120 quam²⁸
651 1024 691 1098 in
710 1021 1020 1112 donationibus?
1039 1023 1249 1100 secundum
1268 1024 1372 1121 quod
1391 1022 1553 1101 inferius
1573 1023 1721 1100 dicetrr
1741 1023 1919 1124 plenius¹²
1939 1024 1989 1100 de

398 1140 593 1240 emptione
607 1150 647 1218 et
661 1142 890 1218 venditione.
908 1143 1009 1218 Cum
1025 1142 1127 1219 enim
1142 1141 1318 1240 capitalis
1335 1141 1512 1218 dominus
1528 1167 1577 1218 ex
1594 1142 1664 1218 tali
1680 1143 1932 1218 conventione
1949 1168 1988 1220 se

398 1258 571 1357 posuerit
584 1259 625 1334 in
639 1257 827 1348 seisinam,
843 1285 924 1336 rem
940 1260 1104 1336 retinere
1120 1284 1199 1336 non
1214 1259 1358 1358 poterit
1374 1258 1447 1336 nisi
1462 1267 1617 1337 tantum
1634 1260 1783 1336 dederit
1799 1271 1988 1359 qrrantum
2053 1323 2057 1330 .

398 1377 557 1476 quilibet
569 1377 666 1455 alius
679 1378 771 1454 dare
784 1377 959 1454 voluerit.
973 1377 1067 1453 Hoc
1079 1377 1181 1454 enim
1195 1377 1311 1455 tacite
1323 1377 1562 1475 intellegitur
1575 1378 1664 1454 licet
1678 1379 1719 1455 in
1732 1379 1988 1456 instrumento

397 1521 476 1573 non
497 1496 750 1594 exprimatur,
773 1504 813 1572 et
834 1496 865 1572 si
886 1495 991 1572 illam
1014 1496 1067 1572 sic
1089 1496 1332 1583 recusaverit,
1356 1493 1479 1572 bene¹⁸
1501 1496 1615 1572 liceat
1636 1498 1784 1574 tenenti
1807 1522 1876 1574 suo
1900 1498 1988 1573 inde

398 1614 417 1690 f
418 1639 526 1690 acere
540 1614 643 1712 quod
656 1614 831 1703 voluerit,
846 1616 939 1690 dum
951 1623 1082 1691 tamen
1096 1640 1156 1690 res
1171 1614 1278 1713 prius
1292 1615 1483 1692 offeratur
1496 1615 1651 1691 domino
1665 1615 1736 1691 sub
1750 1616 1884 1693 eadem
1899 1640 1987 1691 con·

398 1733 555 1810 dicione.
573 1734 632 1810 Et
646 1734 724 1809 haec
740 1759 832 1809 vera
848 1741 938 1809 sunt
954 1733 1026 1809 nisi
1043 1731 1151 1831 prius
1168 1733 1268 1809 inter
1285 1732 1482 1809 dominum
1499 1741 1538 1810 et
1555 1741 1752 1810 tenentem
1768 1735 1988 1811 convenerit

396 1852 560 1928 decerto
574 1851 709 1951 pretio.
725 1851 829 1928 Item
840 1851 985 1950 poterit
998 1851 1163 1928 donator
1175 1876 1223 1927 ex
1236 1851 1391 1950 speciali
1402 1853 1654 1929 conventione
1666 1862 1803 1929 contra
1815 1853 1874 1929 ius
1886 1878 1987 1928 com·

396 1994 512 2046 mune
535 1969 796 2047 condicionem
820 1995 930 2046 suam
953 1968 1150 2046 meliorem
1174 1970 1302 2046 facere
1326 1969 1367 2046 in
1391 1994 1508 2046 causa
1532 1970 1761 2059 donationis,
1786 1981 1831 2048 ut
1857 1971 1889 2047 si
1914 1996 1987 2071 pro

396 2087 575 2185 homagio
588 2095 627 2164 et
641 2087 795 2164 servitio
808 2087 1055 2164 donationem
1069 2088 1215 2164 fecerit.
1230 2088 1299 2164 Ad
1314 2088 1535 2186 homagium
1550 2113 1641 2164 vero
1655 2089 1825 2189 pertinet
1839 2113 1986 2165 vvaran-

393 2206 525 2282 tizatio
536 2214 575 2282 et
588 2205 760 2282 defensio
773 2212 813 2282 et
825 2205 1064 2282 excambium
1077 2206 1107 2281 si
1120 2206 1370 2283 warantizare
1383 2231 1461 2283 non
1474 2206 1606 2305 possit,
1620 2217 1658 2284 et
1671 2232 1720 2284 ex
1733 2207 1887 2305 speciali
1899 2233 1987 2283 con·

396 2325 574 2401 ventione
588 2323 788 2401 exonerari
805 2322 976 2422 poterit²⁹
991 2323 1168 2400 dominus
1185 2325 1215 2399 si
1232 2323 1446 2422 specialiter
1462 2326 1502 2400 in
1518 2324 1752 2402 donatione⁸⁰
1768 2327 1987 2402 convenerit

396 2468 445 2518 ne
462 2441 698 2530 warantiaet,
715 2451 755 2519 et
772 2441 825 2518 sic
842 2442 986 2540 poterit
1003 2451 1138 2519 tenens
1157 2443 1280 2540 gratis
1298 2443 1520 2520 renuntiare
1537 2443 1595 2518 his
1614 2467 1698 2542 quae
1717 2470 1790 2543 pro
1809 2470 1849 2521 sa
1867 2446 1987 2522 intro·

397 2564 514 2640 ducta
532 2571 623 2640 sunt
641 2589 665 2638 a
682 2563 767 2659 lege
784 2570 920 2636 contra
938 2559 997 2637 ius
1015 2585 1227 2638 commune.
1249 2562 1352 2638 Item
1370 2561 1452 2638 vica
1471 2588 1582 2639 versa
1600 2563 1743 2661 poterit
1763 2563 1986 2640 donatarius

396 2681 655 2759 condicionem
671 2706 780 2757 suam
796 2677 991 2756 meliorem
1008 2680 1135 2756 faeere
1152 2705 1201 2756 ex
1217 2679 1372 2780 speciali
1389 2681 1640 2758 conventione
1656 2691 1792 2758 contra
1809 2682 1868 2759 ius
1886 2705 1986 2759 com·

395 2824 522 2889 mune,
544 2809 589 2876 ut
610 2797 667 2874 si³¹
688 2796 804 2875 cum⁸²
826 2799 875 2874 ad
897 2796 1119 2895 homagium
1140 2807 1179 2874 et
1200 2797 1398 2875 servitium
1419 2797 1549 2896 regale
1571 2800 1764 2898 pertineat
1786 2798 1986 2876 custodia⁸⁸

394 2917 543 2996 heredis
563 2928 604 2995 et
623 2915 912 3015 maritagium,⁸⁴
934 2942 983 2992 ex
1005 2915 1159 3016 speciali
1181 2917 1431 2994 conventione
1454 2918 1598 3016 poterit
1621 2926 1755 2995 tenens
1777 2943 1986 2996 exonerare

395 3061 483 3114 suos
501 3037 657 3114 heredes
675 3046 715 3114 et
733 3061 846 3112 suum
864 3043 1139 3124 tenementum,
1158 3059 1205 3111 ne
1224 3034 1400 3134 capitalis
1420 3036 1596 3113 dominus
1615 3037 1754 3114 habeat
1773 3037 1986 3116 custodiam

396 3166 435 3235 et
460 3154 720 3255 maritagium,
746 3155 777 3231 si
803 3153 860 3230 ita
884 3153 1100 3252 specialiter
1125 3155 1345 3230 convenerit
1371 3155 1591 3231 contraius
1618 3179 1836 3232 commune:
1865 3165 1904 3232 et
1931 3155 1986 3231 ita

395 3275 539 3374 poterit
566 3282 703 3350 tenens
735 3273 995 3348 condicionem
1025 3297 1135 3350 suam
1164 3271 1366 3349 meliorare
1397 3281 1436 3348 et
1468 3272 1644 3351 dominus
1676 3299 1786 3351 suam
1817 3274 1986 3373 peiorem

395 3394 534 3470 facere.
553 3393 611 3469 Et
628 3392 731 3468 unde
748 3415 836 3466 cum
852 3391 1009 3467 heredes
1026 3391 1192 3467 tenentis
1211 3389 1354 3468 semel⁸⁶
1373 3391 1704 3490 adquietantiam⁸⁸
1723 3391 1926 3470 habuerint
1945 3393 1987 3469 in

395 3513 477 3588 vita
500 3510 677 3611 capitalis
702 3510 846 3586 domini
872 3510 932 3586 vel
957 3509 1141 3585 heredum
1167 3534 1336 3598 suorum,
1361 3509 1450 3586 licet
1475 3510 1632 3588 heredes
1658 3510 1815 3610 capitali
1841 3510 1985 3588 domini

394 3631 501 3706 infra
522 3637 674 3706 aetatem
698 3626 844 3705 fuerint
868 3637 906 3704 et
930 3629 971 3704 in
994 3628 1168 3703 custodia
1191 3629 1434 3704 dominorum
1458 3653 1627 3719 suorum,
1652 3629 1749 3706 tales
1773 3627 1984 3729 capitales⁸⁷

393 3747 537 3825 domini
549 3747 642 3824 nihil
655 3746 747 3823 iuris
760 3747 926 3823 clamare
937 3754 1123 3845 potenmt
1135 3746 1176 3821 in
1188 3747 1362 3822 custodia
1373 3747 1434 3823 vel
1446 3746 1651 3844 maritagio
1664 3747 1847 3824 heredum
1860 3748 1986 3825 ultimi

392 3867 571 3957 tenentis,
586 3866 676 3964 quia
690 3866 721 3942 si
734 3873 882 3964 petant,
897 3865 990 3940 nihil
1005 3872 1136 3963 petere
1150 3875 1313 3964 possunt
1327 3866 1399 3941 nisi
1414 3865 1566 3942 nomine
1579 3865 1728 3944 heredis
1744 3867 1802 3942 sui
1818 3866 1984 3955 feoffati,

395 3987 462 4062 sed
479 3987 509 4062 si
525 3985 608 4084 ipse
624 3993 723 4062 esset
740 3985 863 4083 plena
879 3981 1013 4073 atatis,
1032 3982 1125 4060 nihil
1142 3992 1274 4082 petere
1290 3991 1421 4082 posset
1437 3983 1618 4082 opposita
1635 3985 1897 4073 conventione,
1916 4009 1984 4061 nee

394 4105 467 4204 ipsi
484 4130 555 4204 per
570 4129 803 4202 consequens
822 4103 887 4201 qui
903 4111 1044 4202 petunt
1061 4102 1214 4178 nomine
1232 4127 1312 4178 suo.
1333 4101 1469 4178 Unum
1486 4111 1617 4178 tamen
1635 4103 1787 4179 obstare
1805 4113 1935 4202 posset
1953 4103 1984 4180 si
2008 4111 2011 4118 '

393 4232 556 4322 uterque
580 4223 688 4299 heres
713 4221 819 4298 infra
842 4229 996 4297 aetatem
1021 4220 1204 4309 extiterit,
1230 4229 1270 4296 et
1295 4220 1403 4296 heres
1429 4220 1555 4296 ultimi
1581 4221 1747 4298 tenentis
1773 4246 1984 4321 numquam

394 4339 673 4440 quietantiam⁸⁸
695 4337 912 4426 habuerit,⁸⁰
934 4338 1025 4437 quia
1048 4339 1078 4415 si
1100 4338 1277 4437 capitalis
1300 4338 1477 4414 dominus
1501 4347 1611 4439 petat
1633 4349 1673 4416 et
1697 4340 1913 4439 excipiatur
1936 4341 1984 4417 de

393 4459 655 4546 conventione,
675 4468 714 4535 et
735 4460 784 4534 ad
804 4458 1045 4557 probandam
1065 4455 1329 4555 exceptionem
1350 4465 1458 4532 carta
1478 4457 1539 4534 vel
1559 4457 1664 4534 aliud
1685 4457 1984 4535 instrumentum

393 4577 644 4677 producatur,
663 4574 840 4674 replicari
856 4573 1001 4674 poterit
1019 4600 1043 4650 a
1060 4575 1215 4651 domino
1233 4576 1336 4674 quod
1355 4574 1462 4651 heres
1482 4576 1540 4652 sui
1557 4577 1724 4653 tenentis
1744 4602 1822 4654 non
1840 4577 1985 4676 poterit

394 4697 444 4772 ad
465 4693 730 4793 exceptionem
750 4704 790 4771 et
811 4693 888 4770 ad⁴⁰
911 4703 1059 4770 cartam
1080 4693 1351 4792 respondere‚⁴¹
1375 4703 1414 4770 et
1436 4694 1489 4770 sic
1511 4694 1699 4771 obtinebit
1720 4722 1767 4772 ea
1788 4696 1880 4771 vice.
1905 4695 1984 4772 Sed

393 4812 578 4913 quaritur
600 4838 651 4888 an
673 4821 836 4912 propter
857 4813 928 4888 hoc
950 4811 1089 4889 debeat
1112 4822 1220 4889 carta
1242 4838 1364 4888 vacua
1387 4837 1595 4890 remanere.
1620 4814 1679 4891 Et
1702 4813 1856 4891 videtur
1880 4815 1984 4913 qnod

392 4982 459 5019 ¹⁸⁴⁸
471 4985 551 5058 Om.,
569 4984 639 5060 OB,
658 4982 734 5056 MB,
758 4982 813 5060 Η-
826 4981 922 5059 MA).
965 4979 1083 5056 ''Om.,
1102 4982 1172 5057 OB,
1192 4982 1268 5055 MA,
1288 4982 1364 5055 ΜΒ,
1384 4981 1452 5057 CE,
1472 4983 1534 5042 CM
1559 4981 1812 5061 (emptionibus).
1854 4981 1984 5061 ”unda

394 5085 471 5160 MG,
488 5086 553 5145 LA
590 5081 690 5145 ¹⁹uon
705 5087 832 5163 poterit,
847 5084 920 5144 MC.
957 5081 984 5117 ⁸⁰
996 5081 1160 5144 donatione
1176 5103 1241 5155 saa,
1258 5084 1324 5158 LA,
1340 5083 1414 5144 MC.
1453 5081 1620 5161 ³¹¹³¹sicut,
1637 5086 1706 5163 OB,
1723 5087 1799 5162 MA,
1817 5089 1893 5164 ΜΒ,
1909 5089 1983 5164 MC,

394 5185 474 5257 CM;
488 5206 567 5261 cum,
582 5185 654 5258 OC;
668 5203 767 5262 neque
779 5205 858 5258 cum,
874 5184 957 5257 MG;
972 5189 1017 5245 ita
1031 5182 1176 5245 videlicet
1189 5204 1269 5260 cum,
1283 5185 1321 5245 V.
1358 5182 1425 5218 ⁸⁸⁸⁸⁸
1436 5184 1577 5247 custodia
1592 5196 1625 5249 et
1639 5187 1761 5250 heredis
1777 5193 1984 5270 maritagium,

394 5285 433 5359 V,
445 5286 514 5359 OA,
527 5286 594 5360 LA,
607 5285 685 5359 MG,
698 5286 771 5346 MC.
806 5283 832 5318 ⁸⁸
844 5283 945 5357 simul,
958 5285 1036 5360 MG,
1050 5285 1125 5358 CM,
1138 5285 1204 5347 OC.
1242 5282 1268 5318 ⁸⁸
1279 5289 1491 5364 quietantiam,
1505 5289 1573 5364 OA,
1588 5290 1655 5364 LA,
1669 5289 1736 5366 OC,
1752 5292 1828 5352 MG.
1864 5290 1984 5369 ⁸⁷Om.‚

393 5386 463 5461 OB,
476 5386 552 5459 MA,
566 5386 641 5446 ΜΒ.
677 5383 703 5419 ³⁸
715 5383 968 5463 adquietantiam,
981 5386 1020 5462 V,
1035 5385 1100 5446 CB.
1136 5384 1162 5418 ⁸⁹
1173 5384 1292 5463 habuit,
1306 5388 1345 5464 V,
1358 5387 1427 5464 OB,
1442 5391 1518 5466 MA,
1532 5391 1608 5467 MB,
1624 5392 1688 5453 CB.
1726 5391 1753 5428 ‘⁰
1764 5394 1845 5471 Om,
1860 5396 1899 5471 V,
1914 5396 1983 5472 OB,

394 5486 470 5561 MA,
487 5485 562 5546 ΜΒ.
599 5485 699 5546 ⁴1non
714 5489 830 5563 poterit
846 5484 1042 5564 respondere,
1059 5487 1132 5548 CM.
