4432 6340
401 489 476 559 280
934 482 1156 545 BRACTON:
1178 483 1240 544 DE
1263 483 1456 546 LEGIBUS

400 631 467 729 gia
475 631 524 707 ab
533 630 734 709 heredibus
745 631 920 731 pluribus
930 632 1149 720 successive,
1159 633 1275 733 plura
1283 641 1397 710 erunt
1405 633 1459 708 ibi
1467 633 1647 732 homagia
1656 634 1805 712 ratione
1821 635 1993 733 plurium

399 750 596 840 heredum,
609 760 648 827 et
661 777 732 850 per
744 752 815 828 hoc
827 753 942 851 plura
955 751 1107 842 relevia,
1121 763 1160 831 et
1174 752 1323 830 ratione
1336 752 1450 830 unius
1465 753 1609 829 domini
1623 753 1689 852 qui
1703 753 1848 852 pluries
1862 753 1991 831 homa·

400 869 509 967 gium
527 871 672 968 ceperit
689 881 899 949 nonerunt
916 871 968 948 ibi
986 871 1102 970 plura
1119 871 1309 969 homagia,
1329 871 1396 948 sed
1414 897 1548 960 unum,
1566 871 1656 949 lieet
1674 871 1817 970 pluries
1837 872 1992 948 innove-

400 995 478 1064 tur.
502 989 597 1066 Vice
620 1015 731 1066 versa
752 1014 841 1065 cum
862 998 998 1067 tenens
1021 999 1215 1089 superstes
1239 989 1371 1078 fuerit,
1394 999 1435 1067 et
1458 1014 1546 1066 cum
1570 989 1820 1088 homagium¹⁸
1845 990 1992 1078 fecerit,

399 1108 589 1185 moriatur
610 1108 785 1208 capitalis
807 1108 996 1198 dominus,
1019 1109 1123 1184 eadit
1143 1108 1366 1206 homagium
1388 1107 1465 1184 ex²⁹
1487 1118 1600 1208 parte
1622 1108 1699 1198 illa,
1722 1108 1838 1186 durat
1861 1118 1993 1187 tamen

400 1225 560 1324 oligatio
577 1225 744 1324 homagii
762 1227 802 1301 in
820 1252 986 1326 persona
1003 1227 1164 1316 heredis,
1182 1236 1222 1304 et
1239 1227 1282 1302 in
1299 1251 1465 1326 persona
1483 1224 1592 1303 eius²⁰
1610 1227 1844 1304 relevabitur
1861 1227 1992 1304 homa·

400 1345 520 1443 gium,
540 1343 594 1422 ita
611 1347 714 1444 quod
730 1346 779 1423 de
796 1370 896 1421 novo
913 1344 987 1423 erit
1004 1345 1234 1444 capiendum
1251 1345 1301 1422 ab
1318 1346 1468 1434 herede,
1485 1355 1525 1422 et
1544 1346 1592 1422 de
1611 1370 1711 1421 novo
1730 1345 1951 1423 faciendum
1969 1371 1993 1422 a

400 1473 567 1541 tenente.
587 1463 646 1541 Et
664 1464 717 1540 sic
734 1464 818 1539 fieri
836 1464 982 1561 poterit
1000 1464 1049 1539 de
1068 1463 1244 1562 pluribus
1264 1463 1427 1540 dominis
1446 1462 1676 1562 capitalibus
1693 1463 1991 1540 decedentibus¹²

400 1591 441 1660 et
452 1608 585 1660 eorum
596 1582 815 1659 heredibust
829 1581 896 1657 in²²
909 1608 985 1681 quo
998 1606 1088 1659 casu
1101 1580 1216 1682 plura
1229 1591 1344 1659 erunt
1355 1581 1536 1680 homagia
1548 1607 1596 1659 ex
1610 1592 1723 1681 parte
1737 1582 1991 1672 dominorum,

401 1711 440 1779 et
461 1725 540 1777 non
557 1699 658 1777 nisi²⁸
678 1727 799 1777 unum
818 1725 867 1778 ex
887 1710 1000 1800 parte
1018 1700 1186 1778 tenentis
1206 1701 1272 1800 qui
1293 1725 1444 1799 semper
1464 1710 1659 1800 superstes
1681 1708 1751 1790 est,
1772 1702 1840 1777 sed
1860 1700 1992 1800 plures

399 1819 567 1917 homagii
584 1819 848 1896 innovationes
864 1830 1027 1918 propter
1043 1818 1308 1918 pluralitatem
1324 1819 1568 1895 dominorum
1584 1829 1624 1896 et
1641 1844 1774 1896 eorum
1789 1819 1991 1896 heredum:

399 1937 486 2013 ideo
507 1962 587 2013 non
608 1936 764 2013 dabitur
785 1937 857 2014 nisi
879 1926 1035 2014 amicum
1056 1936 1240 2014 relevium
1262 1963 1285 2012 a
1306 1946 1474 2014 tenente.
1499 1937 1603 2014 Item
1625 1938 1673 2014 de
1695 1963 1774 2014 uno
1796 1947 1835 2014 et
1858 1939 1992 2014 eodem

399 2055 595 2144 tenente,²⁴
611 2055 725 2132 simul
742 2065 781 2132 et
797 2055 913 2132 semel
930 2080 1009 2131 non
1025 2065 1188 2155 possunt
1206 2055 1321 2154 plura
1338 2056 1421 2131 fieri
1437 2055 1618 2154 homagia
1634 2055 1811 2155 pluribus
1828 2055 1991 2132 dominis

400 2173 641 2273 capitalibus,
662 2173 740 2250 sive
758 2182 893 2251 tenens
912 2182 1043 2251 tenere
1062 2173 1199 2250 debeat
1219 2180 1482 2251 tenementum
1503 2174 1551 2250 de
1571 2173 1747 2273 pluribus
1768 2174 1931 2251 dominis
1952 2173 1992 2250 in

399 2291 592 2367 communi
612 2291 672 2367 vel
692 2300 847 2368 tantum
867 2291 942 2367 ab²⁶
963 2316 1053 2379 uno,
1074 2292 1164 2390 quia
1184 2292 1215 2368 si
1236 2317 1260 2368 a
1279 2291 1456 2392 pluribus
1475 2293 1516 2368 in
1536 2293 1740 2382 communi,
1762 2302 1800 2370 et
1820 2317 1921 2370 unus
1942 2293 1992 2369 sit

399 2406 548 2497 heres,'⁸
564 2408 845 2509 primogenitus
862 2435 911 2487 ex
929 2408 1105 2510 pluribus
1123 2409 1345 2508 homagium
1363 2409 1492 2510 capiat
1510 2411 1559 2486 ab
1577 2436 1667 2487 uno.
1687 2412 1791 2488 Item
1809 2411 1841 2488 si
1860 2410 1991 2510 plures

398 2534 531 2606 tenere
548 2526 741 2604 debeans'
758 2528 798 2604 in
815 2529 1008 2605 communi
1025 2530 1073 2606 de
1090 2555 1169 2605 uno
1185 2529 1246 2606 vel
1265 2529 1452 2628 pluribus,
1471 2529 1752 2628 primogenitus
1769 2529 1991 2628 homagium
2067 2598 2073 2610 .

400 2648 519 2726 faciet
539 2673 613 2748 pro
634 2647 821 2725 omnibus.
846 2647 889 2724 Si
911 2656 1041 2725 autem
1062 2673 1162 2724 unus
1184 2648 1246 2724 vel
1267 2647 1398 2747 plures
1420 2648 1486 2748 qui
1508 2657 1643 2726 tenent
1665 2649 1706 2724 in
1727 2649 1920 2725 communi
1942 2647 1991 2724 de

400 2791 478 2842 uno
496 2775 651 2843 tantum
667 2764 875 2856 tenuerint,
896 2776 935 2844 et
954 2764 1067 2842 alicui
1085 2767 1146 2842 cui
1166 2791 1245 2842 non
1262 2773 1447 2842 tenentur
1465 2792 1537 2866 per
1555 2767 1816 2865 ignorantiam
1834 2767 1896 2843 vel
1916 2767 1990 2842 dis·

399 2885 430 2960 f.
445 2883 540 2978 vab]
595 2885 812 2963 trictionem
839 2883 1021 2962 iniustam
1045 2884 1269 2982 homagium
1295 2885 1469 2974 fecerint,
1496 2885 1569 2962 erit
1597 2886 1650 2988 eis
1672 2885 1990 2962 subveniendum.

401 3006 444 3083 Si
463 3013 593 3082 autem
610 3031 681 3105 per
696 3003 884 3083 malitiam
901 3013 941 3082 et
958 3005 1138 3082 fraudem
1156 3006 1206 3082 ad
1224 3005 1558 3082 exheredationem
1576 3005 1720 3108 domini
1738 3005 1810 3095 sui,
1828 3030 1907 3082 non
1926 3004 1989 3092 sic,

399 3124 489 3224 quia
506 3124 621 3202 ibide
637 3124 720 3201 iure
737 3124 915 3201 amittere
932 3122 1101 3200 debent'⁸
1116 3132 1348 3214 tenemento,
1367 3123 1539 3201 extincta
1554 3123 1710 3222 penitus
1729 3121 1990 3222 obligatione”

398 3242 567 3340 homagii
592 3250 755 3343 propter
781 3243 972 3319 fraudem.
999 3243 1153 3319 Eodem
1178 3243 1293 3319 modo
1319 3268 1407 3319 cum
1434 3242 1551 3320 semel
1577 3242 1799 3341 homagium
1827 3243 1989 3319 fecerint

398 3387 490 3437 vero
503 3360 670 3449 domino,
686 3387 757 3460 per
772 3360 952 3438 fraudem
966 3359 1217 3438 recesserint⁸⁰
1234 3362 1283 3438 ab
1298 3388 1354 3439 eo.
1374 3361 1417 3438 Si
1433 3371 1563 3438 autem
1578 3361 1627 3438 ab
1643 3360 1752 3438 initio
1767 3361 1990 3459 homagium

399 3479 561 3556 fecerint
585 3505 664 3556 non
688 3481 855 3569 domino,
880 3490 920 3557 et
944 3490 1080 3580 postea
1105 3505 1174 3578 per
1198 3479 1381 3557 iudicium
1405 3481 1648 3579 recuperavit
1672 3505 1786 3556 verus
1812 3479 1988 3556 dominus

397 3597 546 3675 ratione
561 3596 719 3675 alicuius
736 3599 823 3675 finis
838 3598 899 3675 vel
914 3599 1184 3675 attornationis
1199 3598 1240 3674 in
1255 3599 1403 3674 casibus
1419 3598 1601 3697 exceptis,
1617 3605 1658 3675 et
1670 3606 1806 3676 tenens
1823 3597 1990 3675 noluerit

399 3719 433 3794 ei
453 3717 675 3815 homagium
696 3718 823 3794 lacere
843 3716 904 3793 cui
924 3726 1079 3794 tenetur
1100 3718 1148 3793 de
1168 3717 1262 3806 iure,
1285 3717 1352 3794 sed
1373 3742 1413 3793 se
1434 3716 1601 3793 tenuerit
1624 3718 1674 3793 ad
1694 3717 1916 3815 homagium
1939 3716 1989 3792 ad

399 3836 502 3935 quod
523 3861 602 3912 non
621 3844 777 3913 tenetur
796 3834 868 3912 nisi
888 3836 936 3912 de
956 3834 1167 3924 voluntate,
1189 3860 1278 3912 cum
1298 3861 1411 3912 verus
1433 3835 1609 3911 dominus
1631 3845 1766 3934 postea
1788 3860 1989 3934 recupera·

398 3957 497 4034 verit
513 3955 736 4055 homagium
754 3965 793 4032 et
812 3955 1009 4033 servitium
1028 3956 1076 4032 de
1095 3955 1189 4045 iure,
1208 3981 1287 4032 non
1307 3954 1532 4032 liberabitur
1549 3964 1686 4032 tenens
1706 3955 1754 4030 ab
1775 3981 1819 4032 eo
1839 3955 1901 4031 cui
1922 3956 1988 4032 ad·

397 4073 506 4151 haesit
527 4075 575 4152 de
596 4076 808 4164 voluntate,
832 4075 900 4152 sed
921 4074 1012 4150 inde
1034 4074 1153 4152 faciat
1177 4074 1227 4149 ad
1249 4073 1386 4150 melius
1409 4074 1513 4172 quod
1536 4073 1691 4173 poterit.
1718 4074 1821 4150 Item
1844 4073 1989 4172 poterit

397 4192 509 4292 quis⁸²
531 4193 579 4270 de
600 4192 776 4293 pluribus
794 4192 1022 4270 tenementis
1043 4193 1158 4292 plura
1179 4192 1307 4270 facere
1327 4191 1507 4290 homagia
1527 4192 1595 4268 uni
1617 4191 1773 4269 domino
1794 4191 1907 4268 simul
1928 4191 1989 4267 vel

399 4312 618 4401 sucoessive,
643 4312 704 4387 vel
729 4310 887 4388 diversis
914 4320 952 4388 et
978 4310 1165 4409 pluribus,
1191 4320 1230 4388 et
1256 4311 1309 4386 sic
1334 4318 1521 4410 potenmt
1546 4309 1677 4409 plures
1703 4309 1847 4388 domini
1874 4308 1990 4408 plura

397 4455 536 4529 capere
550 4429 730 4528 homagia
744 4429 893 4506 ratione
907 4429 1080 4529 plurium
1093 4438 1413 4519 tenementorum‚
1430 4429 1523 4505 dum
1539 4437 1670 4506 tamen
1686 4453 1787 4506 unus
1804 4455 1852 4504 ex
1869 4428 1989 4527 pluri·

399 4546 471 4624 bus
491 4546 668 4624 dominus
688 4546 738 4624 sit
760 4548 976 4646 praecipuus
998 4557 1037 4624 et
1058 4546 1212 4644 ligius,⁸¹
1234 4545 1325 4646 quia
1347 4547 1533 4622 leoffator
1555 4546 1715 4646 primus,
1737 4556 1776 4624 et
1799 4543 1990 4646 propter⁸⁸

398 4667 569 4766 primum
594 4666 892 4742 feoffamentum
917 4675 957 4742 et
981 4665 1158 4764 capitale.
1185 4665 1243 4742 Et
1268 4664 1357 4742 talis
1384 4691 1535 4766 semper
1560 4664 1715 4742 habebit
1740 4665 1990 4763 maritagium

396 4785 582 4863 heredum
600 4795 764 4884 propter
781 4783 951 4884 primum
970 4785 1280 4874 feoffamentum,
1299 4784 1373 4863 nisi
1392 4793 1527 4861 tenens
1547 4783 1588 4859 in
1607 4783 1734 4882 capite
1752 4784 1921 4861 tenuerit
1941 4784 1989 4859 de

398 5001 466 5038 Μ
477 5003 558 5080 Ona,
571 5003 641 5079 OB,
656 5003 732 5079 MA,
746 5003 822 5065 ΜΒ.
858 5001 885 5036 ²⁰
896 5006 961 5063 eius
976 5001 1108 5078 heredia,
1123 5001 1201 5076 MG,
1216 5002 1291 5075 CM,
1306 5001 1346 5062 Y.
1384 5000 1409 5035 ¹¹
1422 4999 1689 5077 descendentibus,
1704 4999 1779 5074 CM,
1796 5000 1872 5061 MG.
1911 4997 1990 5073 ”et

399 5102 469 5180 OA,
484 5104 551 5178 LA,
565 5104 744 5180 OC3etln,
760 5103 833 5164 MC.
871 5101 897 5138 ²⁸
909 5101 952 5164 lbi
968 5107 1039 5178 nisi,
1055 5104 1124 5179 OB,
1142 5103 1218 5180 MA,
1235 5103 1311 5165 ΜΒ.
1349 5100 1572 5178 ²*tenemento
1589 5103 1629 5178 V,
1646 5101 1811 5178 OC,MC;
1829 5109 1904 5177 ten,
1921 5100 1990 5175 OA,

400 5203 467 5278 ΟΕ,
480 5203 521 5278 Υ,
536 5205 609 5266 CM.
646 5203 733 5281 “de
747 5204 817 5278 OB,
832 5205 908 5278 MA,
923 5204 998 5266 ΜΒ.
1036 5202 1192 5280 ²⁰tenena,
1208 5206 1277 5281 OA,
1291 5205 1358 5281 LA,
1372 5203 1439 5266 OC.
1476 5203 1823 5281 ''debent,MG,CM.
1861 5200 1991 5264 ”debe-

399 5312 481 5381 rent‚
494 5303 534 5379 V,
548 5304 617 5381 OA,
631 5305 697 5379 LA,
712 5305 787 5380 MC,
801 5306 867 5367 OC.
904 5303 931 5339 ²⁹
941 5303 1172 5384 obligationem,
1186 5305 1255 5379 OA,
1270 5305 1336 5367 OC.
1372 5304 1614 5382 ”resumunt
1629 5306 1696 5380 OC,
1712 5305 1749 5368 V.
1787 5302 1906 5382 ⁸²om,
1921 5304 1991 5380 OB,

400 5403 477 5482 MA,
492 5404 569 5480 ΜΒ,
587 5405 643 5482 (-{-
656 5405 717 5484 Y).
755 5404 961 5484 ⁸¹legltimus,
977 5407 1017 5482 V,
1033 5406 1117 5479 MG;
1134 5406 1258 5485 dignas,
1276 5407 1349 5468 CM.
1388 5405 1544 5485 ⁸⁸primus
1561 5415 1702 5487 propter,
1720 5409 1797 5484 MG,
1816 5409 1891 5483 CM,
1908 5407 1948 5468 Y.
