4432 6336
630 435 691 496 DE
714 435 1018 508 ADQUIBENDO
1041 435 1198 497 RERUM
1221 435 1424 497 DOMIN10
1753 440 1826 510 128

235 586 526 686 proprietatem,
547 585 705 663 feodum
725 595 764 662 et
783 586 945 663 liberum
964 595 1228 664 tenementum
1247 610 1336 662 cum
1355 584 1532 662 seisina.¹⁹
1555 586 1659 662 Item
1679 610 1825 685 posses·

235 706 385 782 sionum
403 705 579 804 quaedam
596 704 720 782 brevis
739 713 777 782 et
794 713 939 794 tenera,
958 715 997 783 et
1015 705 1190 804 quadam
1207 705 1327 802 longa
1344 714 1382 782 et
1401 714 1576 804 tempore
1595 705 1761 794 firmata,
1780 713 1826 780 ut

235 827 267 903 si
284 826 368 925 quis
385 851 456 925 per
471 825 723 903 intrusionem
739 826 800 902 vel
818 824 1055 902 disseisinam
1073 825 1114 900 in
1132 824 1269 901 seisina
1287 823 1418 913 iuerit,
1437 824 1497 900 vel
1517 824 1565 899 ab
1585 849 1629 899 eo
1648 824 1713 923 qui
1731 824 1826 900 nihil

235 937 328 1021 iuris
348 944 536 1033 habuerit,
558 945 619 1021 vel
642 945 672 1020 si
695 942 839 1043 aliquid
859 943 1047 1033 habuerit,
1070 944 1111 1019 in
1132 942 1395 1043 praeiudicium
1416 943 1497 1020 veri
1519 942 1663 1020 domini
1686 943 1825 1019 feoffa·

235 1065 334 1143 verit
357 1065 422 1163 qui
445 1090 595 1140 merum
618 1063 704 1139 ius²o
727 1063 887 1139 habuit²²
914 1072 952 1140 et
976 1063 1266 1162 proprietatem,
1290 1064 1351 1140 vel
1377 1071 1512 1139 contra
1536 1063 1826 1139 conventionem

234 1187 295 1263 vel
323 1187 482 1262 modum
510 1183 738 1272 donationis,
768 1182 855 1258 vel²²
885 1182 1113 1271 huiusmodi,
1144 1183 1373 1280 ubicumque
1403 1182 1568 1259 vertitur
1597 1182 1638 1258 in
1670 1182 1826 1258 alterius

235 1305 509 1407 praeiudicium,
524 1304 614 1382 talis
631 1303 818 1403 possessio
834 1328 986 1401 semper
1002 1302 1074 1379 erit
1090 1312 1224 1379 tenera
1239 1303 1360 1378 donec
1377 1327 1425 1379 ex
1441 1311 1616 1401 tempore
1634 1303 1736 1400 quod
1753 1327 1827 1401 pro

234 1426 350 1504 titulo
365 1424 528 1504 sufficiat
542 1423 661 1501 inerit
674 1424 830 1498 firmata
842 1447 913 1520 per
927 1421 1203 1521 negligentiam
1216 1422 1297 1497 veri
1312 1421 1455 1497 domini
1471 1420 1532 1496 vel
1546 1421 1824 1520 impotentiam.

238 1550 281 1626 Si
307 1557 437 1624 autem
462 1545 569 1622 facta
594 1544 715 1621 fuerit
738 1541 896 1618 donatio
923 1541 971 1616 ab
997 1541 1125 1639 aliquo
1152 1540 1217 1639 qui
1243 1540 1302 1617 ius
1328 1540 1443 1616 habet
1469 1549 1508 1617 et
1534 1541 1825 1640 proprietatem,

235 1670 393 1746 feodum
405 1676 445 1743 et
455 1666 618 1743 liberum
629 1672 892 1740 tenementum
905 1669 943 1738 et
956 1661 1144 1749 saisinam,
1158 1685 1246 1735 cum
1259 1660 1481 1736 donatarius
1496 1661 1623 1736 animo
1637 1661 1826 1737 retinendi

235 1787 430 1884 ingressus
447 1782 577 1871 inerit,
593 1791 632 1860 et
648 1781 813 1858 donator
829 1807 852 1856 a
868 1779 1104 1878 possessione
1120 1779 1315 1856 recesserit
1331 1804 1418 1854 cum
1436 1778 1583 1854 iamilia
1601 1779 1680 1856 sine
1698 1781 1825 1855 animo

235 1907 296 1984 vel
318 1933 387 2006 spe
410 1903 639 1992 revertendi,
663 1903 794 1980 statim
819 1911 858 1978 et
881 1901 962 1978 sine
984 1927 1093 1977 mora
1118 1902 1191 1977 erit
1214 1901 1371 1976 donatio
1397 1901 1520 1989 firma,
1545 1910 1584 1977 et
1610 1901 1827 2000 adquiritur

234 2028 396 2105 liberum
410 2034 674 2104 tenementum
689 2023 917 2123 accipienti²⁸
932 2049 981 2100 ex
995 2049 1071 2122 quo
1086 2033 1320 2100 concurrunt
1336 2022 1417 2099 sine
1432 2023 1590 2100 alicuius
1607 2022 1826 2122 praeiudicio

235 2150 294 2227 ius
310 2157 350 2226 et
368 2148 515 2226 seisina.
537 2149 640 2224 Item
657 2146 939 2245 possessionum
957 2145 1033 2221 alia
1050 2146 1222 2244 pacifica,
1242 2145 1317 2221 alia
1335 2146 1583 2222 contentiosa.
1605 2145 1663 2222 Et
1682 2145 1827 2244 poterit

235 2297 315 2347 esse
333 2268 528 2346 contentio
547 2268 729 2345 iniurioso
747 2269 808 2344 vel
826 2268 927 2344 iusta
948 2267 1157 2344 secundum
1176 2268 1279 2366 quod
1299 2268 1486 2366 possessio
1506 2268 1625 2344 fuerit
1644 2267 1746 2343 iusta
1764 2266 1827 2343 vel

234 2391 387 2468 iniusta.
416 2393 519 2467 Item
544 2388 853 2490 possessionum²⁴
880 2388 956 2464 alia
980 2388 1164 2465 continua
1190 2396 1229 2463 et
1254 2388 1384 2487 longa,
1412 2388 1487 2464 alia
1513 2390 1733 2487 interrupta
1759 2387 1825 2465 et²⁶

234 2512 370 2601 brevis,
391 2522 436 2588 ut
455 2513 487 2588 si
506 2510 615 2588 malae
635 2511 725 2587 fidei
745 2535 940 2610 possessor
959 2511 1057 2587 sicut
1076 2511 1246 2587 intrusor
1265 2510 1326 2586 vel
1348 2510 1567 2599 disseisitor,
1588 2512 1629 2586 in
1648 2512 1767 2610 longa
1787 2520 1826 2587 et

234 2633 395 2732 pacifica
410 2631 610 2709 extiterit²⁸
625 2632 873 2732 possessione,
889 2632 1052 2708 liberum
1067 2641 1330 2708 tenementum
1347 2633 1557 2732 adquirunt
1574 2659 1622 2708 ex
1638 2642 1825 2732 tempore.

236 2752 328 2831 Ita²²
344 2755 375 2831 si
388 2780 502 2830 verus
518 2754 694 2830 dominus
709 2754 840 2831 statim
854 2763 893 2830 et
909 2762 1081 2830 recenter
1095 2754 1371 2851 impetraverit,
1388 2754 1448 2830 vel
1464 2754 1613 2831 nitatur
1628 2781 1691 2830 eos
1707 2756 1826 2832 eicere

234 2875 322 2952 licet
348 2900 426 2950 non
450 2875 583 2974 possit,
610 2874 698 2952 talis
724 2876 912 2974 possessio
937 2875 1078 2951 dicitur
1102 2873 1373 2973 interrumpi,²⁸
1400 2885 1438 2952 et
1465 2877 1519 2951 ita
1547 2878 1651 2982 quod
1678 2877 1709 2952 si
1736 2887 1826 2976 post

233 2998 394 3095 longum
411 3006 566 3097 tempus
584 2997 747 3086 eiecerit,
765 2997 1016 3073 incontinenti
1036 2996 1184 3073 dicetur
1202 2997 1362 3086 eiecisse,
1382 2997 1475 3073 dum
1494 3007 1625 3074 tamen
1643 2999 1825 3075 continua

235 3119 285 3195 sit
298 3119 355 3195 vis
371 3129 409 3196 et
425 3119 581 3195 invasio.
600 3119 703 3195 Item
719 3117 1001 3218 possessionum
1018 3118 1092 3194 alia
1109 3119 1210 3194 iusta
1226 3118 1386 3195 civiliter
1403 3129 1441 3196 et
1458 3120 1687 3196 naturaliter
1703 3145 1824 3218 quan-

234 3251 320 3319 tum
335 3242 385 3318 ad
401 3241 588 3341 quasdam
604 3265 799 3340 personas,
817 3249 1006 3339 quantum
1023 3240 1072 3316 ad
1089 3240 1183 3316 alias
1199 3240 1342 3317 iniusta
1358 3249 1522 3340 utroque
1540 3242 1666 3331 modo,
1685 3243 1826 3320 scilicet

235 3363 264 3438 f.
279 3361 375 3456 89b]
431 3371 619 3461 quantum
641 3362 691 3436 ad
712 3388 846 3438 verum
868 3362 1045 3439 dominus
1066 3363 1211 3461 poterit
1232 3387 1313 3439 esse
1334 3372 1478 3452 tenera,
1502 3373 1540 3440 et
1562 3374 1752 3462 quantum
1776 3365 1825 3441 ad

234 3483 328 3560 alios
347 3485 413 3583 qui
431 3485 489 3559 ius
508 3509 587 3559 non
605 3483 747 3559 habent
765 3483 877 3558 firma
896 3492 935 3560 et
954 3483 1066 3572 bona,
1086 3491 1132 3558 ut
1151 3484 1182 3559 si
1202 3484 1287 3582 quis
1308 3484 1426 3560 alium
1447 3485 1667 3563 ieoffaverit
1687 3485 1763 3563 de²⁰
1783 3513 1825 3562 re

236 3604 371 3693 aliena,
387 3613 567 3703 utsupra
582 3601 758 3680 tactum⁸⁰
774 3611 844 3692 est,
861 3602 927 3678 et³²
944 3605 1033 3680 talis
1050 3603 1221 3702 poterit³²
1240 3630 1320 3681 esse
1336 3605 1509 3681 tenera.³³
1529 3608 1632 3683 Item
1650 3617 1707 3684 est
1725 3633 1824 3706 quae·

235 3726 325 3803 dam
341 3727 528 3825 possessio
545 3725 729 3825 precaria,
744 3734 789 3801 ut
806 3725 837 3802 si
854 3726 937 3823 quis
954 3726 1180 3803 concesserit
1198 3726 1310 3802 alicui
1326 3726 1601 3805 habitationem
1618 3729 1678 3805 vel
1695 3756 1825 3806 usum·

236 3847 408 3923 fructum
427 3846 468 3922 in
487 3872 529 3922 re
549 3871 619 3922 sua
638 3847 688 3922 ad
707 3845 947 3922 voluntatem
968 3871 1089 3934 suam,
1110 3871 1194 3945 quae
1215 3847 1307 3924 satis
1328 3845 1496 3923 dicitur⁸⁴
1516 3851 1633 3938 nudo,
1655 3876 1700 3926 eo
1721 3852 1824 3950 quod

234 3967 461 4064 tempestive
480 3976 519 4044 et
536 3966 803 4066 intempestive
823 3966 967 4066 poterit
986 3967 1166 4056 revocari,
1188 3978 1226 4045 ct
1245 3970 1277 4045 si
1295 3969 1383 4045 talis
1403 3980 1538 4047 contra
1558 3971 1824 4049 voluntatem³⁶

234 4088 314 4164 veri
335 4086 479 4164 domini
501 4087 678 4165 saisinam
699 4088 864 4164 retinere
886 4087 1165 4176 contenderit,⁸⁰
1189 4090 1321 4166 statim
1344 4091 1513 4180 eiciatur,
1538 4102 1577 4168 et
1601 4093 1631 4168 si
1655 4094 1722 4170 eici
1745 4119 1824 4170 non

234 4209 367 4308 possit,
385 4208 543 4284 eiciatur
559 4233 630 4305 per
647 4208 814 4284 assisam.
834 4209 938 4284 Item
954 4217 1012 4284 est
1030 4208 1217 4306 possessio
1234 4233 1412 4286 concessa
1428 4236 1500 4309 pro
1518 4211 1655 4308 pretio,
1674 4222 1712 4289 et
1730 4221 1824 4289 tunc

234 4328 355 4404 refert
383 4334 515 4403 utrum
542 4335 691 4402 certum
718 4327 767 4403 sit
795 4325 963 4426 pretium
991 4327 1245 4404 constitutum
1272 4328 1333 4404 vel
1361 4328 1560 4405 incertum.
1593 4330 1635 4407 Si
1665 4331 1822 4408 autem⁸¹

234 4454 382 4522 certum
408 4446 576 4545 pretium
603 4443 681 4522 ad⁸⁸
708 4454 856 4522 certum
881 4453 1036 4544 tempus
1063 4447 1125 4522 vel
1152 4447 1449 4547 imperpetuum,
1479 4449 1546 4526 eici
1574 4475 1651 4526 non
1679 4452 1824 4550 poterit

234 4647 261 4683 ²⁹
272 4654 386 4710 saisina
403 4648 458 4711 scd
474 4649 513 4709 de
529 4668 590 4726 qua
607 4668 669 4709 non
686 4646 763 4709 obiit
781 4651 914 4722 seisitus,
931 4649 971 4724 V,
990 4649 1056 4723 ΟΟ,
1075 4648 1152 4724 MG,
1171 4650 1244 4709 ΟΜ.
1286 4646 1313 4683 ²⁰
1324 4649 1404 4727 Om,
1424 4652 1499 4727 MA,
1519 4653 1593 4713 ΜΒ.
1633 4653 1658 4686 ²²
1671 4653 1824 4731 habuerit,

234 4748 870 4826 oa,1.s,oc,v,cu,uc,uA,mn.
905 4734 1386 4828 ²¹ei,v;su110et,r.A;smu,
1402 4754 1478 4827 Mo,
1494 4755 1567 4816 ou.
1604 4753 1629 4789 ²⁸
1642 4757 1823 4835 aecipiendi,

234 4851 312 4924 MG,
332 4850 400 4924 OC,
421 4850 483 4910 CM
509 4848 633 4927 (adse).
676 4849 703 4883 ²⁴
714 4853 879 4928 possessio,
901 4851 969 4926 OA,
991 4851 1057 4926 LA,
1079 4852 1145 4927 OC,
1168 4853 1244 4913 MG.
1288 4852 1314 4887 ²¹⁵
1326 4854 1386 4930 vel,
1408 4854 1448 4929 V,
1469 4857 1547 4932 MG,
1570 4858 1644 4932 ΟΜ,
1666 4859 1734 4935 OA,
1756 4861 1821 4920 LA.

234 4948 260 4983 ¹⁶
271 4953 421 5024 extiterit,
436 4950 476 5025 V,
491 4950 558 5024 OC,
575 4950 653 5024 MG,
669 4950 749 5023 cM;
766 4955 935 5027 extiterint,
952 4952 1021 5029 OA,
1038 4951 1107 5026 ΟΒ,
1123 4953 1189 5029 LA,
1207 4954 1274 5028 ΟΒ,
1291 4955 1331 5031 Y,
1349 4956 1424 5030 ΜΒ,
1443 4957 1509 5017 MA
1530 4957 1624 5036 (corr.
1643 4961 1730 5039 e-it),
1748 4963 1821 5023 ΜΟ.

234 5049 259 5083 ²⁷
271 5055 355 5124 item,
370 5051 439 5127 OB,
453 5051 492 5111 Y.
528 5049 554 5084 ²⁸
566 5054 752 5128 interrupta,
766 5052 805 5128 V,
822 5052 888 5113 ΜΟ
908 5051 1003 5129 (corr.
1020 5055 1234 5133 interrumpi).
1271 5054 1298 5089 ¹⁰
1309 5064 1351 5133 ct,
1367 5057 1434 5133 OC,
1450 5060 1512 5119 ΟΜ
1521 5083 1530 5133 ;
1547 5065 1590 5134 in,
1606 5061 1682 5122 MG.
1721 5061 1748 5097 ⁸⁰
1759 5063 1822 5125 dio-

233 5157 308 5225 tum,
323 5152 401 5227 MG,
416 5151 490 5225 CM,
505 5151 580 5212 ΜΒ.
618 5150 775 5228 ⁸²·³⁸0m.,
791 5152 860 5227 OA,
875 5155 942 5230 LA,
957 5153 1023 5215 OC.
1060 5153 1086 5189 ⁸²
1098 5164 1214 5233 posset,
1230 5158 1299 5234 OB,
1315 5159 1395 5232 MB;
1412 5165 1522 5239 possit,
1539 5164 1613 5224 MA.
1652 5162 1679 5197 ⁸⁴
1690 5165 1822 5241 videtur,

233 5250 302 5324 OB,
317 5250 393 5328 MA,
408 5252 483 5312 MB.
519 5251 545 5285 ⁸⁶
556 5255 729 5326 veritatem,
744 5253 811 5315 ΟΛ
848 5251 875 5286 ⁸⁸
885 5255 1095 5330 contenderet,
1109 5258 1179 5332 OB,
1195 5259 1271 5335 MA,
1287 5260 1369 5334 MB;
1384 5264 1552 5340 contendit,
1570 5266 1636 5342 OC,
1654 5267 1731 5345 MG,
1747 5269 1821 5330 CM.

232 5347 259 5384 ⁸¹
271 5358 373 5412 autem
387 5355 439 5426 sit,
453 5352 522 5425 OB,
536 5352 613 5427 MB,
627 5354 694 5414 MA
712 5352 794 5430 (fit).
831 5352 858 5387 ⁸⁸
869 5355 918 5415 vel
932 5355 983 5432 ad,
998 5357 1067 5432 OB,
1081 5359 1158 5437 MA,
1174 5359 1250 5435 MB,
1269 5362 1305 5437 (*
1316 5363 1376 5441 Y).
