4374 6366
771 445 832 506 DE
856 444 1060 506 PLACITIS
1083 444 1272 506 CORONAE
1745 453 1818 521 401

230 606 345 696 cepto
365 597 413 674 de
434 597 568 673 eodem
590 595 707 683 facto,
730 594 821 693 quia
841 595 990 672 factum
1012 605 1051 672 et
1072 604 1310 695 praeceptum
1330 595 1386 671 ita
1408 619 1581 672 connexa
1603 604 1694 673 sunt
1716 596 1819 694 quod

230 716 401 813 separari
418 740 496 791 non
514 721 688 813 possunt.
1599 728 1601 734 ·

330 833 377 910 Si
392 831 593 931 appellarer
607 831 649 907 r'u
663 855 800 930 campo
813 855 854 909 re
868 831 1085 909 retraaertt.

233 951 280 1027 Sr
294 959 424 1027 autem
437 949 639 1049 appellans
653 951 694 1026 in
708 974 845 1048 campo
861 975 900 1026 se
916 948 1133 1037 retraxerit,
1148 949 1328 1026 mittatur
1343 949 1476 1047 gaola,
1493 959 1532 1026 et
1548 950 1631 1049 ipse
1646 959 1685 1028 ct
1701 948 1821 1049 plegii

231 1070 290 1146 sui
309 1070 357 1146 de
376 1067 642 1168 prosequendo
662 1093 757 1165 quos
777 1068 818 1143 in
837 1066 923 1166 ipsa
941 1067 1159 1143 radiatione
1178 1067 1296 1144 duelli
1316 1067 1462 1145 invenit
1481 1077 1596 1144 erunt
1616 1068 1657 1144 in
1675 1069 1820 1144 miseri-

231 1187 371 1275 cordia,
386 1186 475 1285 quia
488 1185 690 1285 appellans
704 1210 783 1261 non
795 1184 1062 1260 disrationavit
1075 1186 1285 1261 secundum
1299 1185 1403 1283 quod
1417 1210 1457 1262 se
1473 1186 1522 1261 ad
1537 1183 1608 1259 hoc
1623 1184 1819 1283 obligavit.

233 1305 277 1382 Si
292 1314 422 1382 autem
436 1304 559 1381 victus
575 1303 624 1380 sit
638 1303 680 1379 in
694 1327 832 1401 campo
848 1303 953 1378 aliud
968 1302 1052 1391 erit,
1069 1302 1252 1400 quianon
1267 1311 1346 1379 stat
1361 1327 1431 1402 per
1447 1303 1575 1402 ipsum
1591 1303 1684 1402 quin
1701 1304 1820 1380 faciat

230 1421 602 1500 disrationationem:
628 1430 667 1497 et
692 1421 865 1520 quamvis
889 1421 939 1496 ad
963 1420 1119 1518 gaolam
1141 1421 1353 1498 mittendus
1377 1420 1439 1510 sit,
1464 1429 1595 1498 tamen
1620 1422 1667 1497 fit
1691 1421 1726 1498 ei
1751 1420 1819 1496 ali·

230 1541 385 1639 quaudo
401 1539 530 1637 gratia
546 1540 594 1616 de
609 1538 868 1614 misericordia
884 1537 975 1636 quia
991 1548 1145 1638 pugnat
1161 1564 1234 1638 pro
1251 1564 1357 1637 pace.

331 1657 433 1733 Cura
445 1679 577 1734 omues
588 1657 637 1734 de
648 1657 756 1752 sacto
769 1657 859 1734 uicti
871 1656 1032 1751 fuerint,
1045 1665 1138 1732 tuuc
1150 1657 1383 1756 procedatur
1397 1665 1533 1735 coutra
1545 1682 1609 1734 eos
1624 1658 1671 1736 de
1685 1657 1819 1752 forata.

231 1775 337 1852 Cau
356 1783 486 1852 autem
502 1800 633 1851 omnes
651 1774 699 1850 de
717 1774 823 1850 facto
840 1773 1003 1851 convicti
1020 1774 1179 1863 fuerint,
1197 1783 1291 1850 tunc
1309 1776 1464 1852 demum
1481 1777 1714 1874 procedatur
1732 1801 1819 1852 con-

229 1901 293 1969 tra
314 1891 445 1992 ipsos²³
468 1893 517 1969 de
538 1891 661 1968 forcia
683 1900 722 1969 et
743 1901 948 1991 praecepto.
974 1893 1032 1969 Et
1054 1893 1236 1991 loquatur
1258 1902 1394 1969 contra
1416 1894 1586 1992 primum
1609 1918 1681 1991 per
1703 1894 1821 1970 verba

230 2011 406 2111 superius
421 2010 608 2110 exposita,
624 2009 868 2086 defendendo
883 2009 1011 2086 omnia
1027 2034 1111 2109 quae
1126 2010 1160 2087 ei
1174 2012 1429 2111 imponuntur
1445 2012 1494 2087 ab
1511 2011 1733 2111 appellante
1750 2037 1821 2110 per

229 2129 348 2206 verba
362 2130 543 2227 negativa
556 2139 601 2206 ut
616 2154 747 2228 supra,
763 2129 904 2206 scilicet
920 2130 1023 2226 quod
1038 2129 1108 2205 tali
1125 2130 1196 2218 die,
1214 2129 1283 2206 tali
1300 2155 1413 2218 anno,
1429 2129 1499 2206 tali
1516 2129 1621 2218 hora,
1637 2129 1709 2206 tali
1724 2131 1820 2219 loco,

229 2273 309 2323 non
321 2247 427 2322 venit
440 2272 528 2323 cum
540 2247 611 2323 tali
625 2247 690 2345 qui
705 2246 924 2346 appellatus
939 2257 997 2324 est
1012 2256 1052 2324 et
1065 2247 1260 2324 convictus
1276 2249 1324 2324 de
1339 2248 1456 2336 lacto,
1472 2272 1542 2323 nec
1558 2248 1686 2347 ipsum
1702 2248 1821 2325 talem

229 2365 356 2442 tenuit
378 2389 448 2442 nec
469 2365 606 2463 ligavit
629 2390 698 2441 nec
722 2366 838 2441 aliam
861 2365 1023 2441 forciam
1046 2365 1081 2440 ei
1103 2365 1247 2454 intulit,
1271 2367 1366 2442 dum
1389 2365 1594 2465 praedictus
1618 2365 1706 2442 talis
1732 2391 1820 2442 eum

230 2484 366 2560 occidit
391 2484 453 2560 vel
477 2483 653 2583 plagavit
679 2508 750 2583 per
775 2483 879 2582 quod
903 2493 1080 2560 mortuus
1105 2484 1184 2559 fuit
1209 2492 1248 2560 ct
1275 2483 1503 2573 huiusmodi,
1531 2483 1584 2561 sic
1610 2509 1698 2560 eum
1725 2485 1819 2561 deus

229 2601 385 2677 adiuvet
403 2610 580 2677 etcetera.

328 2719 624 2796 Sacramentum
640 2717 862 2812 faciendum
879 2717 928 2795 ab
946 2717 1180 2817 appellante.

229 2838 294 2912 Er
308 2837 510 2936 appellans
525 2836 625 2912 iuret
640 2835 876 2913 contrarium
891 2861 961 2936 per
976 2837 1094 2912 verba
1107 2835 1347 2914 affirmativa.
1364 2839 1422 2912 Et
1437 2838 1571 2914 eodem
1586 2838 1648 2915 die
1664 2864 1740 2938 quo
1756 2838 1821 2915 ille

228 2955 276 3030 de
293 2954 398 3031 facto
416 2953 610 3031 convictus
629 2953 760 3043 fuerit,
779 2955 809 3032 si
826 2955 889 3031 ille
906 2956 954 3031 de
972 2953 1122 3030 forcia²⁸
1138 2953 1259 3030 tunc¹²
1278 2981 1445 3055 praesens
1464 2953 1624 3044 fuerit,¹⁸
1641 2957 1819 3032 vadietur

228 3073 410 3149 duellum.
438 3073 516 3149 Sed
541 3073 656 3149 detur
680 3073 777 3149 alius
802 3073 882 3150 dies
907 3072 958 3148 ad
983 3074 1288 3172 percutiendum,
1315 3099 1391 3171 quo
1417 3073 1478 3150 die
1503 3081 1666 3173 uterque
1691 3075 1818 3152 veniet

228 3201 411 3280 armatus,
426 3191 500 3268 nisi
515 3191 618 3267 forte
633 3191 715 3291 ipse
731 3190 950 3289 appellatus
966 3192 1013 3268 de
1029 3191 1152 3267 forcia
1168 3191 1336 3290 aliquam
1352 3217 1425 3290 pro
1441 3217 1482 3268 se
1497 3190 1664 3268 habeat¹⁹
1681 3216 1817 3291 excep-

226 3309 371 3386 tionem
391 3334 462 3409 per
482 3336 599 3408 quam
619 3309 810 3386 declinare
830 3310 952 3409 possit
967 3310 1183 3409 appellum,
1205 3319 1243 3386 et
1265 3334 1445 3408 percusso
1468 3309 1569 3385 inter
1591 3334 1654 3387 eos
1677 3309 1817 3400 duello,

226 3428 258 3502 si
281 3427 500 3527 appellatus
522 3427 645 3504 victus
667 3427 787 3504 fuerit
809 3428 970 3504 eandem
992 3451 1149 3526 poenam
1171 3425 1386 3503 sustineat²⁰
1410 3453 1526 3526 quam
1549 3427 1731 3505 sustinuit
1754 3427 1817 3504 ille

227 3545 275 3620 de
291 3546 407 3622 facto.
424 3545 583 3622 Dicitur
598 3546 699 3622 enim
715 3544 928 3642 vulgariter
945 3543 1075 3643 quod²¹
1095 3545 1187 3622 satis
1204 3544 1340 3621 occidit
1358 3546 1424 3644 qui
1440 3544 1654 3644 praeeipit,²²
1671 3547 1732 3622 vel
1750 3545 1817 3645 qui

224 3665 327 3739 malo
348 3663 476 3739 animo
495 3671 602 3739 tenet
623 3664 716 3739 dum
739 3663 823 3761 quis
844 3662 1039 3739 occiditur.
1063 3663 1121 3739 Et
1144 3663 1193 3738 ad
1215 3663 1327 3761 paria
1347 3663 1566 3740 iudicantur
1588 3663 1629 3740 in
1650 3673 1815 3762 utroque

226 3781 364 3856 delicto
380 3789 570 3879 quantum
586 3781 637 3857 ad
652 3805 819 3880 poenam.

324 3898 372 3977 si
389 3897 591 3997 appellares
610 3899 658 3976 de
677 3897 784 3992 facto
803 3897 926 3976 uictus
944 3897 1066 3992 fuerit
1084 3898 1145 3976 vel
1163 3923 1203 3977 ae
1222 3898 1439 3987 retraaerit,
1459 3898 1516 3977 ttlt
1533 3901 1581 3978 de
1601 3899 1726 3995 forda
1743 3925 1815 4001 per

325 4015 395 4093 boc
409 4015 632 4094 liberaretur.
763 4078 767 4091 .

223 4134 254 4210 f.
271 4132 389 4227 142b]
428 4134 474 4210 Sr
486 4158 577 4210 vero
588 4131 758 4231 legitime
771 4160 810 4211 se
823 4134 1040 4211 defenderit
1052 4144 1096 4211 ut
1109 4134 1335 4234 praedictum
1347 4144 1417 4224 est,
1431 4135 1525 4211 dum
1536 4144 1668 4212 tamen
1681 4137 1814 4235 appel·

222 4251 335 4328 lans²⁸
349 4252 471 4329 victus
484 4277 564 4329 non
576 4251 707 4342 fuerit,
722 4277 793 4350 per
802 4251 873 4326 hoc
882 4249 946 4326 alii
955 4251 1004 4327 de
1014 4251 1136 4327 forcia
1145 4275 1224 4327 non
1232 4251 1457 4340 liberantur,
1467 4253 1558 4350 quia
1566 4253 1717 4328 diversa
1726 4278 1813 4352 pos·

224 4381 315 4448 sunt
328 4396 409 4448 esse
421 4372 528 4447 facta
539 4380 577 4448 et
590 4370 747 4447 diversae
760 4393 932 4470 personae
945 4380 984 4447 et
997 4370 1154 4446 diversae
1167 4395 1289 4447 causae
1303 4380 1342 4447 et
1355 4371 1412 4447 ita
1424 4371 1575 4448 diversa
1587 4371 1754 4470 appella,
1768 4381 1813 4449 ut

224 4490 255 4565 si
270 4514 371 4565 unus
387 4488 585 4589 praecipiat
602 4487 698 4565 aut²⁴
715 4488 811 4566 alius
828 4496 970 4577 teneat,
987 4487 1123 4565 tertius
1141 4488 1344 4588 percutiat,
1363 4498 1402 4566 et
1421 4497 1581 4587 quartus
1599 4489 1812 4567 latronibus

223 4607 393 4707 praebeat
408 4608 635 4705 ingressum,
651 4617 690 4684 et
706 4607 863 4705 quintus
878 4607 919 4683 in
933 4606 1077 4684 insidiis
1093 4632 1141 4682 ne
1158 4607 1242 4705 quis
1259 4606 1515 4706 superveniat.
1533 4605 1618 4684 Et²⁸
1634 4607 1676 4683 in
1691 4608 1812 4684 omni·

222 4726 293 4802 bus
311 4726 393 4803 istis
412 4725 560 4802 casibus
577 4734 732 4802 tenetur
750 4725 908 4823 quilibet
928 4750 1060 4801 eorum
1080 4726 1127 4801 de
1146 4724 1252 4801 facto
1271 4749 1341 4801 suo
1359 4725 1530 4824 proprio.
1553 4723 1733 4817 <Item²⁸
1753 4723 1811 4803 si²²

220 4842 379 4921 tamen²⁸
394 4842 449 4919 illi
464 4844 511 4921 de
527 4844 633 4920 facto
648 4841 810 4919 convicti
826 4841 984 4932 fuerint,
1001 4841 1064 4920 ille
1080 4843 1127 4919 de
1143 4841 1266 4920 forcia
1281 4841 1471 4940 appellari
1486 4841 1630 4943 poterit
1646 4869 1717 4944 per
1732 4842 1811 4918 haec

221 5013 248 5050 ¹⁸
260 5035 322 5091 eos,
338 5015 378 5091 V,
394 5013 461 5089 LA,
478 5012 545 5091 OC,
562 5012 629 5087 CB,
645 5013 720 5074 ΜΟ.
757 5010 784 5047 ²⁸
797 5011 882 5074 facto
898 5031 1034 5092 pratens
1053 5012 1151 5073 fuerit
1167 5017 1194 5074 si
1211 5013 1265 5074 ille
1281 5012 1320 5074 de
1338 5013 1448 5089 famia,
1466 5014 1535 5088 OB,
1553 5015 1629 5090 MA,
1648 5016 1724 5091 ΜΒ,
1744 5015 1809 5078 ΟΕ.

221 5115 340 5192 ¹²Om.,
358 5115 427 5191 OB,
446 5115 522 5176 ΜΒ.
561 5112 680 5191 ¹⁸0m.,
699 5115 777 5190 MG,
796 5115 871 5176 ΟΜ.
910 5111 938 5148 ¹⁰
949 5113 1101 5190 habuerit,
1121 5113 1190 5189 OB,
1209 5114 1285 5189 MA,
1305 5115 1381 5190 ΜΒ,
1401 5115 1466 5177 ΟΕ.
1509 5113 1720 5188 ”sustinebit
1741 5118 1811 5193 OB,

221 5219 297 5295 MA,
312 5218 387 5280 ΜΒ.
424 5215 451 5251 ²²
462 5217 543 5293 Om.,
557 5217 635 5291 MG,
650 5217 723 5277 ΟΜ.
761 5213 942 5295 ”precipit
955 5213 1104 5290 occidere,
1118 5216 1188 5290 OB,
1203 5216 1280 5292 MA,
1296 5216 1373 5291 MB,
1389 5217 1456 5292 ΟΕ,
1472 5216 1546 5278 ΜΟ.
1583 5215 1809 5297 ”αρρεΗεωε,

220 5320 386 5396 Μο,ΟΜ.
423 5317 450 5352 ²⁴
461 5325 502 5393 et,
516 5318 556 5394 V,
570 5317 638 5394 ΟΕ,
653 5317 719 5380 ΟΟ.
754 5315 782 5351 ¹⁸
793 5316 874 5392 Om„
888 5318 928 5394 V,
942 5317 1020 5394 MG,
1034 5318 1110 5393 CM,
1125 5317 1190 5380 OC.
1228 5314 1340 5378 ²⁰item
1355 5317 1483 5395 aliquid,
1499 5318 1576 5394 MG,
1592 5320 1666 5380 ΟΜ.
1704 5317 1810 5380 ¹²¹¹⁸st

219 5443 298 5499 cum,
313 5422 352 5498 V,
367 5421 436 5496 OA,
452 5421 532 5493 MC;
548 5423 637 5495 sicut,
653 5419 721 5495 OB,
737 5419 814 5495 MA,
830 5419 905 5480 ΜΒ.
