4432 6340
384 541 458 609 208
917 533 1139 594 BRACTON:
1162 533 1223 594 DE
1247 531 1439 596 LEGIBUS

383 683 624 762 contendunt
645 709 684 760 se
705 708 786 761 esse
807 683 963 761 heredes
984 709 1072 760 cum
1093 709 1172 760 non
1194 684 1282 774 sint,
1304 693 1343 761 et
1364 683 1533 762 nescitur
1554 683 1639 784 quis
1661 709 1794 761 eorum
1817 685 1976 786 propin·

384 800 536 900 quior,¹⁹
551 827 629 902 quo
643 825 734 880 casu
750 802 897 880 licitum
912 803 986 878 erit
1002 802 1156 880 domino
1172 801 1329 903 capitali
1345 811 1476 880 tenere
1493 801 1653 879 feodum
1670 827 1783 879 suum
1800 802 1841 878 in
1856 828 1975 879 manu

386 946 456 997 sua
481 946 679 1020 quousque
706 920 919 998 discussum
946 921 1066 999 fuerit
1091 921 1194 998 inter
1220 921 1422 998 coheredes
1450 919 1535 1019 quis
1563 945 1697 996 eorum
1725 920 1878 996 rectus*
1908 920 1975 998 et¹²

384 1040 649 1139 propinquior.
676 1040 718 1116 Si
741 1049 872 1116 autem
893 1040 933 1116 in
955 1040 1092 1117 seisina
1115 1040 1303 1117 invenerit
1325 1039 1491 1138 aliquem
1514 1039 1580 1138 qui
1604 1067 1644 1118 se
1668 1040 1762 1119 lacit
1784 1041 1974 1131 heredem,

383 1157 501 1235 talem
521 1157 641 1235 eicere
660 1183 739 1234 non
759 1158 903 1258 poterit
923 1159 1016 1257 quin
1037 1158 1157 1234 faciat
1175 1157 1423 1235 disseisinam.
1447 1159 1597 1234 Tenere
1616 1165 1750 1236 tamen
1770 1185 1811 1236 se
1831 1160 1976 1258 poterit

384 1277 425 1354 in
441 1276 579 1354 seisina
596 1302 684 1353 cum
700 1275 770 1353 tali
789 1277 909 1353 donec
927 1277 1027 1366 talis,
1047 1278 1077 1352 si
1095 1276 1203 1353 heres
1222 1275 1353 1366 fuerit,
1371 1276 1500 1376 ipsum
1517 1285 1766 1375 recognoscat
1785 1278 1836 1355 ad
1854 1278 1974 1354 domi·

384 1421 489 1484 num,
509 1396 719 1472 secundum
736 1396 840 1493 quod
857 1395 1018 1472 inferius
1037 1394 1179 1472 dicitur
1194 1395 1236 1471 in
1253 1393 1372 1472 assisa
1388 1395 1523 1472 mortis
1543 1395 1850 1472 antecessoriam
1869 1397 1974 1497 prin·

384 1514 495 1614 cipio.
517 1514 620 1591 Cum
639 1523 768 1590 autem
789 1513 840 1590 sit
858 1513 967 1590 heres
987 1538 1193 1612 apparens,
1214 1538 1314 1590 unus
1335 1513 1397 1589 vel
1417 1513 1548 1614 plnres
1570 1538 1692 1590 unum
1712 1513 1771 1592 ius
1792 1513 1975 1592 habentes

384 1641 429 1708 ut
448 1631 675 1733 praedictum
693 1641 763 1720 est,
782 1641 821 1709 et
841 1631 918 1708 sint
937 1630 1061 1732 plenae
1079 1630 1215 1721 oetatis,
1236 1631 1314 1708 sive
1334 1632 1580 1708 inveniantur
1598 1631 1640 1709 in
1659 1639 1765 1709 astro
1785 1632 1863 1710 sive
1883 1656 1974 1722 non,

383 1749 598 1849 imprimis²²
630 1748 759 1847 capiat
790 1775 923 1826 eorum
953 1748 1176 1847 homagium
1208 1757 1247 1826 et
1280 1749 1507 1826 rationabile
1539 1748 1734 1840 relevium,
1767 1759 1807 1828 et
1840 1761 1975 1849 postea

382 1868 549 1946 habeant
570 1867 747 1945 saisinam
767 1867 1000 1944 hereditatis.
1022 1868 1081 1945 Et
1102 1867 1268 1967 qualiter
1288 1868 1359 1944 hoc
1380 1868 1462 1944 fleri
1485 1869 1623 1945 debeat
1644 1868 1805 1946 inferius
1827 1868 1976 1948 dicetur

383 1987 545 2089 plenius.
565 1989 608 2064 Si
624 1997 756 2064 autem
769 1985 877 2064 heres
893 1987 954 2062 vel
969 1987 1126 2064 heredes
1143 1987 1275 2087 plures
1292 1987 1440 2062 fuerint
1456 1987 1561 2063 infra
1578 1996 1742 2078 atatem,
1761 1988 1826 2087 qui
1843 2013 1973 2088 recog-

383 2107 454 2184 niti
481 2107 628 2184 fuerint
653 2107 703 2182 ad
727 2103 925 2195 heredes,²⁸
951 2131 1030 2182 non
1055 2103 1164 2206 prius
1189 2104 1328 2183 habeat
1354 2105 1530 2204 capitalis
1558 2107 1734 2184 dominus
1761 2107 1974 2184 custodiam

382 2223 567 2301 heredum
596 2233 636 2302 et
664 2224 913 2321 maritagium
943 2234 1151 2323 antequam
1181 2223 1326 2323 ceperit
1357 2248 1491 2300 eorum
1522 2223 1756 2322 homagium,
1788 2233 1827 2301 et
1858 2234 1974 2325 capto

382 2345 573 2443 homagio,
594 2353 688 2421 tunc
709 2351 933 2420 remaneant
954 2343 995 2418 in
1016 2342 1190 2418 custodia
1212 2342 1454 2418 dominorum
1477 2342 1575 2418 sicut
1598 2344 1645 2419 de
1668 2343 1784 2420 feodo
1804 2343 1973 2432 militari,

383 2489 504 2562 usque
527 2463 578 2540 ad
601 2461 814 2560 legitimam
838 2469 990 2539 atatem
1015 2487 1135 2538 suam.
1162 2461 1221 2537 Et
1244 2462 1294 2538 de
1318 2460 1492 2538 custodia
1517 2469 1555 2538 et
1580 2461 1786 2560 maritagio
1811 2462 1973 2540 inferius

384 2583 533 2660 dicetur
547 2581 699 2682 plenius
716 2590 805 2679 post
821 2588 1032 2657 tractatum
1050 2579 1097 2656 de
1113 2578 1292 2677 homagio
1310 2579 1496 2677 capiendo
1514 2589 1553 2656 et
1570 2581 1721 2656 relevio.

482 2705 530 2782 Sa·
542 2704 628 2802 fieri
642 2701 780 2781 debeat
794 2702 955 2804 partitio
970 2701 1072 2781 iuter
1088 2702 1300 2780 coheredes.

384 2827 489 2903 CUM
508 2833 638 2902 autem
658 2824 789 2924 plures
808 2824 884 2902 sint
903 2824 1060 2901 heredes
1079 2849 1202 2901 unum
1219 2823 1279 2902 ius
1298 2823 1492 2912 habentes,
1513 2833 1553 2900 et
1573 2825 1692 2901 dividi
1710 2825 1848 2902 debeat
1868 2825 1972 2902 here-

383 2943 484 3020 ditas
502 2945 683 3022 intereos
701 2943 850 3021 ratione
868 2943 922 3020 rei
940 2942 1001 3019 vel
1020 2943 1169 3020 ratione
1187 2968 1452 3042 personarum,
1471 2952 1565 3019 tunc
1584 2943 1715 3020 statim
1734 2953 1824 3043 post
1844 2944 1973 3021 homa·

382 3062 490 3161 gium
507 3072 666 3163 captum
684 3064 755 3140 fiat
772 3062 907 3138 divisio
925 3062 1147 3139 hereditatis
1165 3073 1204 3139 et
1223 3061 1409 3160 partiti0²⁴
1428 3062 1530 3138 inter
1546 3062 1760 3139 coheredes.
1783 3063 1834 3140 In
1852 3064 1972 3162 parti·

383 3182 488 3259 tione
513 3207 604 3258 vero
631 3181 809 3257 facienda
835 3181 986 3258 nullum
1012 3180 1125 3258 debet
1152 3206 1232 3257 esse
1259 3178 1445 3280 placitum
1472 3180 1573 3257 inter
1599 3175 1801 3258 coheredes
1829 3182 1895 3280 qui
1922 3182 1973 3259 ad

382 3295 539 3378 heredes
552 3308 891 3398 recognoscuntur,
904 3299 993 3376 licet
1006 3300 1183 3376 intereos
1197 3297 1247 3375 sit
1260 3300 1454 3376 contentio
1469 3299 1573 3397 quod
1588 3299 1723 3398 aliquis
1738 3325 1871 3376 eorum
1885 3298 1973 3398 plus

383 3419 559 3496 habuerit
576 3419 626 3496 ad
643 3427 796 3519 partem
813 3444 922 3495 suam
940 3443 1056 3517 quam
1073 3418 1124 3494 ad
1141 3418 1268 3516 ipsum
1285 3415 1505 3515 pertineat¹⁶
1523 3416 1753 3506 habendum,
1773 3418 1863 3516 quia
1880 3417 1974 3492 nihil

385 3537 490 3614 aliud
517 3535 690 3636 sequitur
716 3537 788 3614 nisi
816 3538 919 3636 quod
947 3537 1053 3612 facta
1080 3535 1301 3613 extensione
1330 3534 1488 3634 quilibet
1515 3535 1655 3611 habeat
1683 3545 1835 3634 partem
1864 3561 1974 3613 suam

383 3658 660 3736 rationabilem.
683 3656 761 3733 Sed
780 3655 811 3732 si
831 3664 1038 3753 antequam
1057 3654 1251 3731 contentio
1271 3655 1500 3731 terminetur
1520 3653 1583 3730 ille
1603 3654 1669 3753 qui
1689 3655 1777 3753 plus
1797 3654 1974 3730 habuerit

385 3779 533 3855 seisitus
557 3776 757 3866 moriatur,
782 3776 889 3852 heres
914 3801 1017 3864 suus,
1043 3775 1121 3851 sive
1146 3775 1196 3851 sit
1219 3774 1342 3850 maior
1366 3772 1471 3850 sive²⁸
1496 3773 1633 3862 minor,
1659 3774 1740 3852 sine
1764 3774 1870 3850 brevi
1895 3800 1974 3851 non

383 3897 630 3998 respondebit
664 3904 826 3997 propter
860 3895 1037 3972 saisinam
1071 3893 1331 3982 antecessoris,
1366 3891 1470 3970 sive²¹
1507 3893 1648 3970 iustam
1684 3894 1746 3970 vel
1780 3895 1972 3973 iniustam.

385 4023 414 4099 f.
429 4022 498 4114 72]
555 4021 656 4097 Cum
673 4026 804 4095 autem
820 4016 950 4116 plures
968 4015 1045 4092 sint
1061 4015 1217 4091 heredes
1234 4022 1279 4091 ut
1296 4013 1523 4114 pradictum
1541 4023 1610 4103 est,
1629 4023 1668 4090 et
1685 4015 1787 4092 inter
1804 4040 1868 4092 eos
1884 4039 1973 4091 con·

383 4141 513 4218 venire
525 4165 603 4217 non
617 4138 751 4238 possit1
767 4139 815 4214 de
828 4135 1036 4237 partitione
1051 4135 1240 4224 facienda,
1254 4145 1347 4212 tunc
1361 4135 1431 4210 fiat
1446 4134 1558 4211 breve
1573 4136 1677 4234 quod
1691 4136 1841 4212 nullum
1856 4134 1973 4235 placi·

382 4271 469 4340 tum
482 4260 688 4349 contineat,
704 4259 770 4335 sed
785 4259 887 4357 quod
903 4255 1146 4333 conveniant²
1161 4254 1224 4332 ad'
1240 4255 1489 4356 partitionem
1506 4255 1724 4332 faciendam
1739 4257 1769 4333 si
1785 4254 1855 4332 sibi
1871 4257 1974 4333 vide·

384 4383 463 4459 rint
486 4381 678 4479 expedire.
705 4379 783 4455 Sed
806 4377 988 4476 quoniam
1010 4375 1169 4475 partitio
1192 4376 1274 4451 fieri
1298 4401 1377 4452 non
1401 4383 1529 4474 potest
1552 4377 1654 4451 inter
1676 4375 1878 4452 coheredes
1901 4377 1974 4453 nisi

384 4504 491 4580 facta
504 4501 725 4578 extensione
739 4507 779 4576 et
793 4497 1088 4598 appretiatione,
1103 4505 1142 4573 et
1156 4496 1328 4572 extensio
1342 4505 1381 4572 et
1396 4495 1630 4595 appretiatio
1646 4497 1729 4572 fieri
1745 4522 1823 4573 non
1839 4496 1974 4596 possit⁴

384 4624 465 4700 sine
488 4621 672 4699 militibus
696 4620 761 4718 qui
786 4619 932 4694 faciant
956 4617 1218 4694 extensionem
1243 4641 1331 4692 cum
1355 4615 1585 4704 vicecomite,
1611 4624 1650 4693 et
1676 4617 1741 4715 qui
1767 4617 1974 4717 aliquando

384 4841 411 4876 ²⁹
423 4849 471 4903 eat
483 4842 698 4920 propinquior,
712 4837 795 4910 MG;
808 4839 851 4899 ait
863 4837 1078 4913 propinquior,
1092 4833 1130 4895 V.
1166 4831 1232 4868 ²⁰⁴²
1245 4833 1325 4910 0m.‚
1339 4834 1408 4907 OB,
1424 4834 1500 4909 MA,
1516 4833 1592 4909 ΜΒ,
1607 4834 1652 4907 Y;
1667 4839 1725 4909 est,
1741 4835 1813 4908 CB3
1829 4840 1881 4908 ait,
1896 4836 1973 4898 MG.

383 4942 410 4978 ²¹
423 4942 503 5017 0m.,
516 4942 586 5016 OB,
603 4941 678 5016 MA,
694 4938 770 5014 ΜΒ,
784 4938 825 5013 Y,
840 4937 905 4998 CB.
943 4934 969 4969 ²⁸
981 4933 1134 5011 heredem,
1149 4934 1219 5010 OB,
1234 4935 1310 4996 MA.
1346 4933 1373 4968 '⁴
1388 4934 1437 5012 (et
1452 4934 1510 5015 al.)
1530 4939 1742 5014 participatio,
1759 4937 1826 5013 CB,
1843 4938 1883 5012 Y,
1899 4940 1975 5014 CM,

385 5043 463 5118 MG,
483 5043 559 5116 ΜΒ,
579 5041 660 5114 ΜΑ;
679 5045 712 5101 in
730 5042 909 5119 partitione,
929 5039 994 5099 LA
1036 5035 1062 5070 ¹⁶
1073 5041 1221 5115 pertinet,
1240 5038 1318 5113 MG,
1338 5036 1378 5111 Y,
1400 5037 1472 5098 CM.
1515 5035 1618 5100 '‘sive
1638 5041 1689 5115 sit,
1710 5039 1781 5115 OB,
1802 5040 1877 5117 MA,
1898 5041 1973 5102 ΜΒ.

385 5143 411 5179 ²⁷
423 5150 481 5220 sui,
497 5144 565 5217 OA,
580 5142 648 5217 LA,
663 5140 738 5215 MC,
753 5139 822 5214 OC,
837 5138 904 5214 CB,
920 5137 958 5201 V.

466 5244 623 5322 ²possint,
641 5241 711 5317 OB,
731 5240 808 5315 MA,
827 5240 904 5317 ΜΒ,
925 5240 992 5315 CB,
1012 5240 1093 5313 MC;
1113 5247 1254 5319 possunt,
1275 5240 1313 5301 Y.
1356 5238 1551 5316 'conveulat,
1572 5243 1652 5316 cM;
1674 5247 1883 5320 conveniatur,
1905 5246 1974 5320 OB,

385 5347 461 5421 MA,
482 5346 559 5421 ΜΒ,
579 5344 646 5421 CB,
666 5342 744 5418 MG,
764 5342 794 5404 Y
819 5340 914 5420 (corr.
935 5339 1052 5420 eant).
1092 5339 1185 5422 ⁸per,
1206 5341 1275 5416 OB,
1296 5342 1373 5418 MA,
1393 5343 1469 5404 ΜΒ.
1511 5340 1647 5422 ‘possit
1668 5343 1708 5419 V,
1729 5345 1798 5421 OA,
1819 5346 1885 5422 LA,
1906 5347 1974 5423 OC,

385 5449 453 5524 CB,
469 5447 549 5520 Μῦς
566 5451 680 5524 potest,
697 5444 766 5520 OB,
783 5444 859 5520 MA,
876 5442 957 5515 MB;
974 5448 1116 5521 possunt,
1132 5442 1210 5518 MG,
1228 5442 1302 5517 CM,
1319 5443 1358 5504 Y.
