4374 6366
792 553 853 614 DE
877 553 1080 614 PLACITIS
1105 552 1293 614 CORONAE
1765 561 1838 636 871

251 703 437 780 comitatu
449 703 621 779 Essexiae
633 702 883 802 promulgata
896 729 944 778 ex
957 703 1177 801 ignorantia
1189 703 1385 801 processit,
1398 703 1495 780 nec⁸⁵
1510 704 1583 780 dici
1596 706 1741 804 poterit
1753 731 1841 781 con·

252 833 388 900 tumax
404 823 470 921 qui
487 822 527 895 in
544 846 622 896 uno
639 820 824 897 comitatu
842 848 881 898 se
898 821 1068 918 legitime
1085 822 1314 910 defenderit,
1332 823 1420 898 licet
1437 823 1479 897 in
1497 823 1571 898 alio
1589 823 1775 900 comitatu
1793 824 1842 901 de

253 941 386 1017 eodem
407 940 512 1016 facto
534 939 653 1016 fuerit
675 939 893 1038 appellatus
915 948 954 1015 et
975 939 1174 1036 utlagatus
1196 967 1244 1015 ex
1266 940 1487 1037 ignorantia
1507 950 1546 1017 et
1568 967 1640 1039 per
1661 968 1841 1031 errorem,

252 1060 300 1135 de
317 1058 472 1134 consilio
489 1066 718 1154 magnatum
736 1066 956 1133 nostrorum
974 1057 1208 1154 utlagariam
1225 1057 1331 1133 illam
1350 1059 1497 1134 nullam
1515 1084 1595 1135 esse
1615 1061 1842 1158 pronuntia-

252 1202 350 1266 mus,
365 1186 403 1253 et
419 1176 525 1252 illam
540 1175 662 1251 eidem
678 1175 726 1249 Β.
743 1175 773 1252 si
789 1201 866 1274 qua
881 1185 980 1251 esset
995 1177 1303 1274 perdonavimus.
1322 1176 1379 1251 Et
1396 1177 1481 1251 ideo
1498 1176 1674 1253 volumus
1691 1187 1730 1254 et
1745 1203 1842 1276 prae·

252 1295 413 1394 cipimus
434 1295 538 1393 quod
558 1293 660 1369 idem
680 1294 728 1368 B.
750 1294 903 1368 firmam
923 1317 1058 1392 pacem
1079 1303 1252 1370 nostram
1273 1295 1363 1370 inde
1382 1293 1522 1371 habeat
1543 1295 1840 1395 imperpetuum.

253 1411 282 1487 f.
298 1412 391 1505 132]
448 1411 507 1486 Et
520 1411 561 1485 in
574 1411 686 1486 huius
701 1411 756 1487 rei
770 1410 1032 1487 testimonium
1047 1420 1223 1488 etcetera.
1242 1414 1345 1489 Item
1362 1413 1465 1487 aliud
1483 1414 1531 1489 de
1547 1415 1692 1504 eodem,
1710 1415 1740 1490 si
1757 1415 1842 1514 quis

254 1530 354 1606 falso
369 1555 499 1604 coram
513 1528 724 1605 iustitiariis
741 1528 859 1605 fuerit
875 1529 1082 1606 indictatus
1099 1530 1147 1605 ab
1163 1531 1290 1629 aliquo
1307 1541 1345 1607 et
1361 1533 1573 1629 utlagatus
1590 1533 1639 1608 ob
1655 1534 1843 1633 cupidita-

252 1655 333 1723 tem
348 1657 460 1724 terrae
476 1671 553 1724 suae
568 1646 762 1736 habendae,
780 1656 818 1723 et
834 1656 970 1744 postea
987 1674 1026 1723 se
1043 1648 1252 1725 reddiderit
1269 1649 1432 1748 prisonae
1450 1651 1594 1726 domini
1612 1651 1724 1751 regis.

352 1766 498 1865 Siquis
511 1764 614 1860 solco
629 1789 757 1841 coram
772 1765 985 1842 iustitiaiiia
1000 1766 1120 1858 tuerit
1135 1765 1356 1855 indictotoe,
1372 1778 1411 1844 et
1426 1778 1563 1866 posteo
1577 1794 1617 1846 ee
1633 1769 1844 1847 reddiderit

352 1886 518 1982 plicam
531 1883 645 1982 repis,
658 1884 820 1960 remittit
833 1907 903 1959 reu
915 1883 1160 1982 utlagariam.

252 2002 349 2079 Rex
368 2000 577 2078 vicecomiti
597 2001 771 2078 salutem.
793 2002 1003 2078 Ostensum
1023 2011 1080 2077 est
1100 2003 1209 2078 nobis
1228 2029 1276 2078 ex
1296 2013 1408 2102 parte
1429 2004 1481 2080 A.
1503 2006 1606 2103 quod
1626 2030 1715 2082 cum
1734 2031 1842 2104 pere·

252 2146 322 2219 gre
343 2121 543 2219 profectus
565 2130 663 2197 esset
686 2130 861 2219 tempore
882 2147 959 2219 quo
981 2121 1174 2196 iustitiarii
1197 2123 1319 2198 nostri
1342 2123 1478 2198 ultimo
1502 2123 1779 2201 itineraverunt
1801 2125 1844 2200 in

253 2239 428 2338 partibus
443 2238 532 2326 tuis,
548 2239 705 2337 quidam
721 2265 768 2314 ex
785 2237 915 2314 vicinis
932 2239 1050 2338 ipsius
1067 2239 1119 2314 A.
1136 2247 1282 2316 terram
1297 2266 1407 2316 suam
1423 2241 1632 2339 cupientes,
1649 2267 1737 2317 cum
1754 2242 1843 2318 inde

252 2357 453 2456 culpabilis
474 2383 553 2432 non
574 2357 634 2446 sit,
656 2358 844 2433 malitiose
867 2357 1042 2434 fecerunt
1064 2384 1151 2433 eum
1174 2357 1351 2434 indictari
1373 2360 1421 2435 de
1442 2359 1654 2447 latrocinio,
1678 2369 1716 2436 et
1740 2360 1843 2458 quod

252 2501 341 2552 eum
360 2475 448 2552 inde
465 2476 565 2552 mele
584 2475 840 2564 crediderunt,
861 2485 900 2552 et
919 2474 974 2551 ita
993 2476 1097 2574 quod
1117 2502 1139 2550 a
1160 2476 1333 2574 praefatis
1354 2475 1564 2553 iustitiariis
1584 2477 1725 2554 nostris
1746 2503 1842 2576 prae·

251 2603 407 2692 ceptum
426 2593 503 2669 fuit
520 2593 623 2692 quod
641 2593 713 2669 nisi
731 2593 877 2670 veniret
896 2594 946 2670 ed
965 2594 1146 2670 standum
1164 2602 1269 2670 recto
1289 2595 1336 2670 de
1354 2595 1538 2693 praedicto
1556 2596 1842 2684 indictamento,

251 2711 472 2810 exigeretur
488 2712 536 2787 de
552 2712 737 2787 comitatu
752 2711 794 2786 in
810 2711 1036 2788 comitatum
1051 2721 1090 2788 et
1106 2711 1317 2788 secundum
1334 2713 1444 2810 regni
1461 2714 1582 2789 nostri
1600 2713 1842 2790 consuetudi·

252 2855 340 2906 nem
355 2830 610 2926 utlagaretur.
628 2829 746 2917 Quod
762 2855 849 2905 cum
864 2829 965 2905 idem
982 2830 1034 2905 A.
1052 2830 1088 2905 a²
1105 2829 1414 2928 peregrinatione
1431 2856 1605 2907 reversus
1624 2831 1842 2919 audivisset,

253 2948 301 3024 de
322 2947 540 3023 innocentia
563 2956 602 3024 et
625 2947 811 3025 fidelitate
835 2973 905 3023 sua
926 2947 1104 3036 confisus,
1129 2947 1296 3024 reddidit
1320 2975 1359 3024 se
1384 2947 1548 3046 prisonae
1571 2957 1712 3025 nostrae
1736 2949 1842 3048 apud

251 3065 370 3142 talem
391 3064 532 3140 locum²
555 3074 764 3164 antequam
786 3074 885 3142 esset
908 3065 948 3140 in
970 3065 1156 3141 comitatu
1180 3075 1249 3142 tuo
1270 3067 1482 3164 utlagatus.
1509 3065 1726 3143 Comitatus
1750 3091 1842 3142 vero

251 3192 342 3259 tuus
359 3183 430 3258 hoc
448 3185 642 3280 ignorans,
660 3193 705 3260 ut
723 3183 865 3272 dixisti,
884 3183 1226 3282 interrogationem
1244 3208 1478 3282 prosequens
1496 3184 1690 3282 inceptam
1710 3209 1842 3261 versus

252 3301 380 3399 ipsum
398 3301 451 3376 A.
472 3302 647 3390 eundem,
668 3303 761 3377 dum
782 3302 859 3378 fuit
879 3301 919 3378 in
938 3301 1096 3400 prisona
1115 3301 1317 3400 utlagavit.
1341 3303 1425 3377 Nos
1447 3328 1537 3378 vero
1558 3302 1842 3400 simplicitatem

251 3419 438 3516 praedicti8
456 3420 508 3495 A.
527 3420 769 3496 attendentes
787 3429 826 3496 et
843 3420 1103 3518 ignorantiam
1121 3421 1337 3508 comitatus,
1356 3420 1590 3518 utlagariam
1608 3420 1649 3495 in
1666 3446 1753 3496 eum
1771 3420 1843 3494 hoc

251 3539 366 3614 modo
382 3538 671 3636 promulgatam
685 3538 719 3614 ei
736 3539 1044 3637 perdonavimus,
1061 3539 1117 3613 ita
1132 3539 1236 3637 quod
1252 3537 1500 3614 sufficientem
1517 3539 1686 3614 inveniat
1704 3538 1841 3614 securi·

251 3665 373 3733 tatem
389 3657 439 3731 ad
453 3657 635 3732 standum
651 3664 755 3731 recto
770 3656 802 3732 si
817 3655 901 3754 quis
918 3682 1049 3732 versus
1066 3681 1153 3731 eum
1168 3656 1273 3754 loqui
1289 3656 1464 3731 voluerit.
1482 3656 1540 3732 Et
1556 3656 1642 3731 ideo
1658 3656 1728 3732 tibi
1744 3679 1841 3755 prae-

252 3773 414 3872 cipimus
427 3775 531 3872 quod
545 3774 709 3872 acceptis
725 3774 831 3849 abeo
845 3774 959 3849 modo
973 3773 1157 3872 praedicto
1172 3774 1285 3850 salvis
1300 3782 1339 3849 et
1355 3773 1495 3850 securis
1509 3773 1659 3871 plegiis,
1675 3774 1803 3873 ipsum
1819 3798 1843 3848 a

252 3892 409 3990 prisona
423 3892 542 3968 facias
558 3891 770 3981 deliberari,
785 3901 824 3967 et
839 3890 995 3966 clamari
1011 3891 1130 3966 facias
1145 3916 1216 3989 per
1228 3901 1356 3967 totum
1371 3891 1596 3967 comitatum
1611 3901 1723 3968 tuum
1738 3891 1843 3990 quod

252 4010 405 4086 firmam
433 4034 569 4108 pacem
595 4018 769 4085 nostram
795 4007 946 4084 habeat.
977 4009 1035 4084 Et
1064 4010 1167 4107 quod
1196 4007 1390 4084 occasione
1420 4007 1611 4106 praedietae
1640 4008 1841 4105 utlagaria

253 4127 381 4204 nullus
397 4129 430 4203 ei
445 4127 659 4204 molestiam
673 4127 818 4204 inferat
833 4154 900 4203 seu
916 4152 1136 4224 gravamen.
1155 4128 1272 4203 Teste
1288 4135 1464 4203 etcetera.

351 4246 457 4322 Item
470 4244 578 4323 atille
591 4245 658 4344 qui
670 4245 835 4342 interfici
848 4244 980 4321 debuit
993 4269 1110 4321 canoa
1124 4253 1164 4321 et
1177 4244 1287 4321 vivus
1301 4244 1467 4321 redierit.

252 4364 364 4439 ITEM
378 4365 409 4440 si
422 4362 600 4462 cuiquam
613 4362 836 4439 meticuloso
850 4363 1074 4462 imponatur
1083 4362 1187 4460 quod
1195 4361 1387 4437 hominem
1396 4360 1644 4449 interfecerit,
1654 4360 1714 4436 vel
1724 4359 1841 4437 indic-

252 4491 357 4558 tatus
375 4482 494 4558 fuerit
511 4491 550 4558 et
568 4481 726 4579 fugerit,
745 4491 783 4558 et
800 4507 871 4580 per
888 4490 1031 4558 sectam
1049 4481 1207 4556 alicuius
1226 4481 1436 4577 utlagatus,
1456 4488 1495 4555 et
1513 4479 1576 4556 ille
1594 4479 1660 4578 qui
1678 4479 1842 4555 interfici

252 4599 384 4676 debuit
409 4599 656 4699 postmodum
682 4624 797 4675 sanus
822 4608 861 4675 et
886 4599 995 4676 vivus
1021 4607 1221 4698 appareat,
1249 4599 1424 4675 dominus
1451 4624 1520 4674 rex
1546 4599 1593 4674 de
1618 4597 1746 4696 gratia
1772 4623 1842 4674 sua

252 4717 413 4795 remittit
429 4716 477 4793 ei*
492 4717 725 4815 utlagariam
740 4743 811 4816 per
826 4716 897 4792 hoc
912 4718 1037 4793 breve.

351 4837 479 4913 Breve
493 4836 542 4912 de
557 4859 601 4911 eo
617 4838 683 4935 qui
695 4836 860 4933 interfici
875 4835 1020 4919 debuit,
1035 4836 1068 4912 ei
1082 4859 1199 4911 conus
1215 4843 1252 4912 et
1269 4833 1378 4911 vivus
1393 4843 1620 4911 revertatur.

250 4955 347 5031 Rex
365 4953 575 5029 vicecomiti
595 4953 769 5029 salutem.
793 4954 899 5030 Scias
919 4954 1023 5052 quod
1043 4952 1235 5028 iustitiarii
1255 4953 1378 5027 nostri
1397 4953 1462 5050 qui
1483 4952 1619 5027 ultimo
1639 4951 1841 5026 itinerave·

251 5082 343 5149 runt
361 5073 402 5148 in
418 5072 604 5148 comitatu
620 5080 701 5161 tuo,
720 5071 972 5148 recordantur
990 5072 1093 5170 quod
1111 5095 1199 5146 cum
1217 5070 1269 5145 A.
1290 5070 1330 5144 in
1348 5069 1454 5144 curia
1471 5078 1605 5145 nostra
1622 5093 1753 5145 coram
1770 5067 1840 5145 eis·

250 5284 276 5320 ⁸³
289 5305 361 5360 non,
376 5286 446 5360 OB,
462 5285 538 5360 MA,
553 5283 630 5357 ΜΒ,
645 5281 711 5344 CE.

334 5386 439 5462 ²Om,
453 5387 520 5462 LA,
538 5385 594 5462 (4-
607 5385 666 5463 Y).
703 5381 807 5458 'Om.,
822 5382 891 5458 OB,
906 5384 981 5444 ΜΒ.
1018 5380 1128 5458 ⁸dicfi,
1143 5381 1213 5456 OB,
1227 5383 1303 5458 MA,
1318 5382 1394 5456 ΜΒ,
1411 5381 1608 5460 CE3ipsius,
1623 5381 1697 5443 CM.
1734 5380 1839 5455 ⁴Om.,

250 5488 320 5563 OB,
337 5489 413 5563 MA,
430 5489 505 5549 ΜΒ.
