4432 6340
400 468 474 538 286
931 463 1154 525 BBACTON:
1177 463 1238 524 DE
1262 465 1453 528 LEGIBUS

399 613 460 690 vel
482 622 738 690 antecessores
759 615 818 690 sui
839 615 879 689 in
901 614 1039 692 seisina
1060 615 1206 692 fuerint
1228 616 1276 692 de
1297 625 1517 694 tenemento
1540 616 1606 692 illo
1628 617 1669 692 in
1691 617 1880 694 dominico
1901 614 1990 693 vel¹⁸

399 735 565 812 servitio.
587 735 698 810 Etsi
720 733 926 833 aliquando
949 735 1148 812 extiterint
1168 734 1209 810 in
1231 735 1380 824 seisina,
1400 746 1533 812 tamen
1556 735 1766 834 incongrue
1788 746 1896 835 petet
1919 762 1991 835 per

399 853 566 952 aliquem
583 852 817 942 descensum,
838 879 926 928 cum
944 863 1079 931 tenens
1099 853 1270 930 extiterit
1289 855 1330 929 in
1349 854 1587 952 possessione
1607 879 1678 954 per
1697 854 1920 932 descensum
1941 855 1990 930 ab

399 971 699 1048 antecessoribus
723 972 812 1060 suis,
835 971 907 1048 nisi
930 972 979 1049 sit
1002 971 1067 1070 qui
1090 972 1192 1047 dieat
1215 973 1318 1071 quod
1341 973 1430 1049 licet
1453 972 1547 1048 nihil
1569 971 1691 1049 iuris²⁹
1714 973 1749 1051 ei
1772 973 1990 1061 descendat,

398 1091 557 1168 tamen²⁰
572 1091 675 1190 quod
689 1093 723 1167 ei
738 1090 967 1168 descendere
981 1090 1113 1168 debuit
1127 1116 1215 1167 cum
1232 1092 1281 1168 sit
1297 1090 1565 1168 deadvooatus.
1585 1093 1663 1168 Sed
1679 1092 1814 1169 melius
1830 1102 1929 1170 esset
1944 1101 1989 1169 ut

398 1211 428 1287 f.
443 1211 538 1305 81b]
593 1211 747 1289 videtur
768 1220 901 1310 petere
923 1236 995 1309 per
1017 1211 1131 1288 breve
1153 1212 1200 1288 de
1223 1211 1395 1300 eschaeta,
1418 1237 1507 1290 eum
1529 1212 1682 1291 deficiat
1703 1213 1926 1312 homagium
1949 1223 1989 1292 et

398 1331 583 1430 obligatio
600 1358 649 1408 ex
666 1341 779 1431 parte
796 1331 974 1422 tenentis,
992 1332 1097 1430 quod
1114 1331 1193 1410 tale
1212 1358 1292 1410 esse
1311 1333 1465 1432 poterit.
1486 1333 1660 1434 Praecipe
1679 1334 1749 1411 tali
1767 1334 1872 1432 quod
1891 1336 1989 1410 iuste

398 1462 437 1530 et
449 1453 530 1530 sine
544 1453 726 1530 dilatione
739 1453 876 1531 reddat
888 1453 958 1530 tali
969 1462 1122 1531 tantam
1134 1463 1280 1531 terram
1292 1453 1353 1530 vel
1366 1463 1427 1532 tot
1442 1455 1568 1543 feoda,
1583 1479 1666 1554 quae
1680 1455 1886 1555 praedictus
1901 1455 1989 1532 talis

398 1575 446 1651 de
468 1600 513 1650 eo
533 1574 670 1664 tenuit,
693 1584 733 1650 et
755 1574 843 1651 inde
864 1574 1086 1673 homagium
1109 1575 1143 1650 ei
1165 1575 1258 1651 iecit
1280 1585 1319 1652 et
1342 1575 1551 1664 servitium,
1575 1584 1614 1653 et
1637 1601 1721 1675 quae
1744 1576 1885 1652 debent
1907 1601 1989 1652 esse

398 1694 559 1772 eschaeta
572 1721 653 1784 sua,
668 1721 713 1773 eo
727 1697 831 1795 quod
844 1695 1049 1794 praedictus
1063 1693 1179 1773 talis¹²
1194 1705 1330 1773 contra
1344 1695 1566 1794 homagium
1581 1722 1694 1774 suum
1709 1705 1749 1774 et
1763 1696 1988 1774 fidelitatis¹¹

397 1816 707 1893 sacramentum¹⁸
725 1816 827 1916 quod
845 1817 879 1893 ei
896 1816 985 1892 inde
1003 1817 1160 1905 fecerat,
1178 1819 1307 1916 ipsum
1324 1817 1512 1895 malitiose
1530 1828 1569 1895 et
1587 1819 1638 1895 ad
1656 1817 1989 1896 exheredationem

397 1963 508 2015 suam
529 1937 831 2014 deadvocaverit.
853 1939 912 2013 Et
933 1939 1005 2016 nisi
1026 1939 1161 2016 fecerit
1182 1947 1359 2015 eteetera
1381 1940 1440 2016 Et
1461 1940 1564 2016 unde
1586 1949 1630 2016 ut
1652 1940 1805 2016 videtur
1827 1965 1915 2017 cum
1936 1941 1989 2016 sic

397 2059 606 2158 probatrun
631 2061 750 2138 fuerit
776 2087 847 2159 per
870 2061 1154 2161 inquisitionem
1179 2070 1219 2137 et
1243 2062 1422 2151 iuratam,
1449 2089 1527 2138 non
1551 2063 1625 2140 erit
1650 2087 1801 2140 necesse
1826 2063 1988 2139 ulterius

397 2210 566 2284 quaerere
588 2185 637 2261 de
657 2184 785 2282 aliquo
807 2184 900 2260 iuris
921 2185 1116 2261 descensu.
1139 2185 1198 2261 Et
1221 2185 1298 2261 sive
1322 2195 1464 2282 agatur
1486 2211 1557 2284 per
1579 2185 1657 2262 tale
1680 2185 1793 2262 breve
1816 2187 1896 2262 sive
1918 2211 1988 2284 per

396 2307 512 2383 breve
533 2308 582 2383 de
604 2317 720 2394 recto,
743 2331 822 2383 non
843 2307 916 2383 erit
937 2307 1043 2384 locus
1065 2332 1216 2406 magna
1239 2307 1363 2384 assisae
1385 2307 1536 2406 neque¹‘
1560 2307 1699 2397 duello,
1724 2308 1790 2386 sed
1814 2309 1989 2409 capietur

397 2429 525 2506 iurata
544 2437 584 2506 et
603 2429 796 2527 inquisitio
817 2430 868 2506 ad
888 2429 1175 2507 similitudinem
1193 2455 1344 2529 magnae
1365 2430 1491 2507 assisae
1511 2457 1582 2529 per
1601 2429 1680 2507 haec
1700 2431 1834 2507 verbaz
1855 2441 1988 2509 utrum

396 2551 572 2629 videlicet
588 2551 652 2628 ille
669 2553 735 2651 qui
751 2561 869 2642 tenet,
886 2553 1009 2630 maius
1027 2554 1086 2630 ius
1102 2553 1241 2630 haheat
1259 2554 1414 2630 tenendi
1433 2563 1696 2630 tenementum
1713 2553 1809 2630 illud
1826 2554 1888 2630 vel
1907 2555 1987 2631 feo·

397 2677 492 2754 dum
507 2677 547 2752 in
563 2676 764 2765 dominico,
782 2702 832 2752 an
849 2676 912 2751 ille
928 2676 993 2774 qui
1010 2675 1121 2775 petit,
1137 2686 1177 2753 et
1194 2677 1256 2752 cui
1273 2677 1374 2753 idem
1390 2686 1525 2753 tenens
1542 2676 1603 2752 vel
1621 2677 1757 2776 aliquis
1776 2685 1987 2754 antecesso-

396 2825 484 2876 rum
503 2799 590 2875 inde
607 2799 830 2897 homagium
848 2809 886 2876 et
905 2799 1103 2875 servitium
1122 2799 1226 2888 fecit,
1245 2807 1284 2876 et
1302 2825 1417 2897 quem
1436 2801 1685 2898 postmodum
1703 2809 1839 2876 contra
1857 2799 1986 2876 homa-

395 2922 505 3021 gium
520 2931 560 2999 et
575 2923 802 2999 fidelitatem
820 2947 929 2998 suam
944 2921 1132 2998 malitiose
1150 2921 1410 2999 deadvocavit.
1429 2922 1488 2999 Et
1506 2921 1537 2998 si
1553 2921 1625 2998 hoc
1643 2922 1850 3021 probatum
1869 2922 1987 2998 luerit

395 3055 435 3123 et
449 3055 584 3123 tenens
599 3045 767 3122 tenuerit
783 3045 823 3118 in
838 3045 1038 3132 dominico,
1055 3044 1297 3142 recuperabit
1312 3054 1448 3143 petens
1464 3045 1505 3121 in
1521 3045 1720 3120 dominico.
1741 3044 1784 3122 Si
1801 3054 1931 3122 autem
1946 3045 1988 3120 in

396 3167 563 3256 servitio,
585 3167 827 3266 recuperabit
850 3166 890 3242 in
911 3166 1077 3255 servitio,
1099 3176 1144 3244 ut
1164 3176 1299 3244 tenens
1321 3167 1483 3245 tollatur
1506 3168 1553 3244 de
1574 3167 1712 3256 medio,
1737 3168 1791 3245 ita
1814 3169 1916 3267 quod
1938 3168 1986 3244 de

396 3299 522 3366 cetero
540 3315 620 3366 non
638 3291 686 3366 sit
704 3289 864 3378 medius,
882 3297 922 3365 et
939 3297 1074 3366 tenens
1094 3314 1185 3366 suus
1203 3314 1275 3388 per
1294 3288 1568 3388 obligationem
1586 3291 1795 3368 tenementi
1814 3290 1919 3389 quod
1937 3290 1987 3366 de

396 3437 441 3488 eo
461 3411 570 3510 prius
590 3421 769 3489 tenuerat
790 3411 1027 3510 adiungatur
1047 3412 1173 3511 primo
1195 3412 1393 3489 feoffatori
1416 3413 1496 3489 sine
1518 3414 1655 3489 medio.
1679 3414 1784 3491 Item
1804 3413 1906 3490 idem
1926 3413 1986 3490 ius

395 3521 462 3609 ubi
476 3534 610 3610 eadem
624 3533 735 3622 ratio,
752 3535 783 3610 si
798 3543 932 3611 tenens
946 3535 1102 3610 domino
1118 3561 1187 3611 suo
1204 3544 1372 3611 atrocem
1388 3535 1523 3612 fecerit
1540 3535 1729 3624 iniuriam,
1746 3535 1808 3612 vel
1824 3536 1855 3613 si
1873 3545 1985 3613 stete·

395 3654 447 3732 rit
467 3681 555 3732 cum
571 3656 723 3732 inimico
743 3655 888 3733 domini
906 3658 965 3733 sui
983 3657 1140 3733 consilio
1158 3657 1220 3733 vel
1239 3658 1382 3734 auxilio
1402 3667 1538 3734 contra
1558 3659 1755 3734 dominum
1776 3683 1899 3747 suum,
1919 3684 1985 3734 ex·

394 3788 508 3876 cepto
528 3779 702 3877 principe
722 3789 762 3856 et
782 3779 939 3878 capitali
960 3780 1114 3856 domino
1136 3806 1205 3856 suo
1226 3781 1286 3856 cui
1308 3781 1400 3858 fecit
1421 3779 1686 3878 ligeantiam.²⁵
1709 3779 1840 3857 Item¹⁰
1863 3782 1894 3858 si
1917 3780 1983 3856 ali·

396 3901 487 4001 quid
508 3902 643 3979 fecerit
661 3910 797 3978 contra
815 3901 1012 3978 dominum
1032 3927 1144 3978 suum
1165 3902 1215 3978 ad
1234 3902 1568 3980 exheredationem
1588 3903 1732 3978 domini
1753 3904 1828 3980 sui:
1850 3913 1888 3981 et
1908 3928 1986 4002 quo

394 4049 485 4102 casu
515 4024 687 4101 iustum²⁷
717 4024 900 4101 iudicium
931 4024 1035 4122 quod
1064 4034 1199 4102 tenens
1233 4024 1486 4101 exheredetur
1517 4034 1680 4124 propter
1712 4025 1986 4124 obligationem

393 4147 561 4246 homagii
585 4173 702 4246 quam
724 4147 917 4245 infringit.
944 4146 1075 4223 Item²⁸
1100 4149 1131 4224 si
1155 4173 1292 4224 manus
1317 4147 1503 4225 violentas
1529 4147 1698 4225 iniecerit
1722 4149 1764 4225 in
1787 4147 1986 4225 dominum

395 4295 507 4345 suum
532 4269 738 4346 etcetera.¹'
763 4269 850 4345 Et⁸⁰
876 4269 991 4370 plura
1016 4269 1073 4347 his
1098 4269 1235 4346 similia
1259 4278 1456 4348 tenentem
1483 4270 1729 4347 exheredant.
1756 4271 1814 4347 Et
1840 4271 1881 4346 in
1908 4272 1985 4347 fine

393 4391 590 4469 sciendum
604 4390 708 4491 quod
723 4392 824 4468 inter
839 4400 1036 4469 tenentem
1052 4402 1091 4468 et
1108 4393 1305 4470 dominum
1322 4417 1473 4491 semper
1488 4402 1596 4469 tenet
1612 4403 1650 4470 et
1667 4401 1746 4470 stat
1762 4393 1984 4492 homagium

394 4513 578 4613 quamdiu
595 4514 752 4591 heredes
769 4540 818 4589 ex
834 4522 999 4612 utraque
1017 4523 1130 4612 parte
1148 4515 1358 4604 extiterint,
1377 4525 1415 4592 et
1434 4514 1619 4614 quamdiu
1637 4524 1772 4592 tenens
1790 4525 1983 4592 tenemen-

392 4643 478 4710 tum
497 4635 665 4712 tenuerit
686 4636 727 4710 in
748 4636 937 4712 dominico
957 4637 1018 4712 vel
1040 4635 1194 4712 servitio
1216 4637 1319 4736 quod
1340 4637 1613 4735 obligationem
1634 4637 1802 4736 homagii
1825 4638 1982 4714 inducit.

396 4757 474 4835 Sed
495 4757 577 4834 istis
600 4756 862 4835 deficientibus
884 4758 945 4834 vel
968 4758 1095 4858 aliquo
1117 4759 1291 4848 istorum,
1314 4759 1443 4836 deficit
1464 4760 1686 4858 homagium
1710 4770 1750 4836 et
1773 4784 1983 4859 numquam

393 4975 421 5010 ²⁸
431 4979 481 5038 vel
493 4981 538 5052 in,
552 4978 621 5054 OA,
635 4977 709 5052 MC,
724 4978 795 5050 LA;
809 4979 859 5039 vel
873 4981 900 5038 si
914 4982 957 5055 in,
972 4978 1039 5040 OC.
1075 4977 1142 5012 ²⁰⁴⁰
1153 4982 1229 5041 iuris
1244 4982 1383 5039 extiterit
1397 4979 1479 5056 quod
1494 4983 1523 5040 ei
1536 4978 1704 5040 descendat
1719 5000 1798 5056 cum,
1814 4980 1892 5056 MG,
1908 4980 1982 5041 CM.

392 5075 503 5140 ²²talis
528 5085 647 5154 tenens,
670 5079 740 5153 OA,
763 5079 829 5154 LA,
855 5078 929 5154 Me,
953 5078 1020 5155 OC,
1044 5081 1119 5157 cM,
1144 5080 1181 5140 V.
1228 5079 1293 5114 ²²²²²
1305 5079 1487 5142 fidelitatem
1511 5085 1705 5156 sacramenti,
1729 5082 1799 5156 OA,
1824 5081 1891 5156 LA,
1915 5082 1983 5157 OC,

393 5178 466 5239 MC.
506 5177 611 5254 ¹⁴nec,
629 5181 698 5253 OB,
719 5181 794 5255 MA,
813 5180 890 5255 ΜΒ,
909 5182 987 5257 MG,
1006 5181 1045 5240 V.
1086 5179 1352 5260 ¹⁵‘²⁰ligeantIam.
1395 5182 1476 5243 Item
1495 5188 1522 5245 si
1541 5203 1649 5244 manus
1670 5184 1821 5246 violentas
1841 5187 1982 5245 iniecerit

391 5282 426 5338 in
445 5277 600 5339 dominum
618 5300 705 5340 suum
724 5287 868 5340 etcetera.
910 5281 1001 5357 Item,
1021 5280 1090 5358 OB,
1110 5283 1186 5358 MA,
1207 5283 1283 5356 ΜΒ,
1303 5284 1381 5358 MG,
1401 5283 1468 5358 CE,
1489 5285 1563 5359 CM,
1583 5284 1622 5346 Y.
1665 5283 1691 5318 ²²
1703 5289 1816 5346 iustum
1835 5293 1895 5360 est,
1915 5286 1982 5362 LA,

393 5378 471 5453 MG,
497 5378 569 5439 MC.
616 5376 683 5413 ⁸⁸⁸⁸⁸
694 5380 775 5454 Om,
800 5381 869 5454 OB,
895 5380 971 5455 MA,
996 5382 1073 5456 MB,
1097 5383 1176 5458 MG,
1201 5383 1269 5460 CB,
1294 5384 1369 5460 cM,
1394 5385 1433 5445 Y.
1481 5383 1600 5462 ⁸⁰Om.,
1626 5386 1694 5463 OA,
1722 5386 1788 5460 LA,
1813 5385 1881 5461 OC,
1908 5387 1980 5448 MC.
