4392 6352
387 469 462 539 334
920 465 1143 528 BRACTON:
1166 465 1226 526 DE
1251 464 1443 527 LEGIBUS

388 612 522 688 eadem
541 613 658 688 verba
677 613 867 690 scribatur
885 613 1034 692 ballivis
1053 615 1102 692 de
1121 613 1352 702 Romenal,¹²
1373 613 1520 690 ballivis
1542 615 1589 691 de
1610 615 1742 714 Heya,
1763 613 1911 691 ballivis
1931 615 1980 691 de

388 729 563 818 Dovre,²⁸
585 740 624 807 et
647 730 795 808 ballivis
819 734 866 808 de
891 732 1143 833 Sandewyz,²⁴
1167 733 1222 810 ita
1244 733 1349 831 quod
1371 731 1529 832 quilibet
1553 732 1741 810 istorum¹⁶
1766 731 1979 832 portuum¹⁸

387 847 527 926 habeat
546 848 724 926 litteras¹'
744 875 815 948 per
833 876 873 927 se
891 851 932 927 in
951 851 1136 950 praedicta
1156 851 1294 928 forma.
1316 852 1374 928 Et
1396 850 1604 949 quoniam²⁸
1626 851 1763 949 saepius
1784 853 1979 929 contentio

388 978 446 1046 est
465 968 567 1047 inter
584 968 754 1046 homines
774 969 1045 1068 praedictorum
1064 979 1261 1069 portuum,
1282 979 1322 1046 et
1341 970 1512 1046 homines
1532 970 1580 1047 de
1602 969 1850 1047 Gernemue²⁹
1871 980 1910 1048 et
1931 971 1978 1046 de

388 1086 627 1187 Donewyz,²⁰
644 1087 714 1163 fiat
730 1087 844 1164 breve
860 1087 1070 1164 vicecomiti
1087 1086 1298 1164 Norfoloiae
1314 1098 1353 1165 et
1372 1087 1568 1165 Suffolciae
1584 1090 1624 1164 in
1642 1088 1712 1164 hac
1729 1090 1868 1165 forma.

487 1207 615 1284 Breve
635 1205 845 1284 vicecomiti
865 1205 1080 1302 Norfolciae
1101 1216 1139 1284 et
1160 1204 1360 1301 Suffobiae
1381 1207 1486 1306 quod
1506 1207 1602 1285 scire
1621 1206 1741 1303 sociat
1764 1207 1979 1284 bominibus

487 1325 535 1401 de
553 1324 774 1402 Geroemoa
790 1334 830 1403 et
845 1325 1056 1423 Donewpz.

387 1443 484 1520 Rrx
503 1443 714 1519 vicecomiti
733 1442 944 1519 Norfolciae
963 1454 1003 1520 et
1025 1442 1220 1520 Suffolciae
1239 1444 1414 1522 salutem.
1438 1442 1573 1521 Scias'²
1594 1445 1698 1544 quod
1718 1444 1978 1522 summoneri²¹

388 1562 548 1640 fecimus
565 1563 615 1638 ad
631 1562 749 1639 talem
764 1562 866 1639 diem
884 1563 990 1661 apud
1009 1562 1213 1662 Shipweye
1229 1563 1357 1639 omnia
1375 1563 1519 1662 placita
1536 1563 1584 1640 de
1603 1564 1770 1663 quinque
1788 1563 1978 1662 portubus

388 1682 486 1759 sicut
502 1681 624 1759 teneri
642 1682 781 1759 debent
798 1691 837 1758 et
854 1682 977 1758 solent
993 1707 1122 1759 coram
1139 1681 1350 1759 iustitiariis
1369 1683 1476 1780 apud
1496 1682 1709 1782 Shipweye.
1729 1683 1788 1759 Et
1805 1683 1891 1758 ideo
1907 1683 1978 1759 tibi

387 1801 630 1900 praecipimus
652 1800 755 1899 quod
775 1801 846 1876 hoc
867 1799 988 1876 scire¹⁸
1010 1800 1129 1878 iacias
1150 1799 1364 1876 hominibus
1386 1802 1434 1877 de
1456 1799 1677 1876 Gernemue
1698 1810 1737 1877 et
1759 1800 1907 1877 ballivis
1929 1801 1978 1876 de

386 1921 598 2022 Donewyz,
615 1922 670 1997 ita
685 1921 789 2019 quod
805 1920 835 1996 si
852 1919 987 2019 aliquis
1003 1919 1184 2018 conqueri
1199 1919 1363 1996 voluerit
1380 1919 1427 1995 de
1444 1918 1572 2018 aliquo
1589 1919 1654 2018 qui
1671 1919 1720 1996 sit
1737 1919 1784 1996 de
1800 1918 1977 1996 libertate

386 2043 448 2119 vel
463 2042 568 2118 infra
582 2041 800 2118 libertatem
816 2039 985 2138 quinque
999 2047 1197 2137 portuum,
1211 2046 1305 2113 tunc
1322 2039 1372 2115 sit
1389 2038 1495 2136 apud
1515 2037 1718 2137 Shipvveye
1734 2062 1863 2114 coram
1881 2063 1977 2136 proe·

387 2163 481 2239 fatis
493 2160 705 2238 iustitiariis
719 2157 859 2236 nostris
872 2157 1069 2256 querelam
1081 2181 1191 2233 suam
1205 2156 1474 2255 propositurus
1489 2166 1529 2234 et
1543 2155 1728 2234 iustitiam
1743 2157 1833 2232 inde
1848 2182 1976 2255 recep

386 2289 510 2356 turus.
526 2281 644 2355 Teste
658 2286 835 2354 etcetera.

486 2549 552 2625 De
567 2546 723 2625 moine
739 2545 838 2622 laeaae
852 2544 1072 2624 maiestatis.

388 2667 493 2742 Cum
520 2665 596 2743 sint
623 2665 797 2764 quaedam
823 2664 984 2740 crimina
1008 2663 1190 2762 capitalia
1217 2689 1300 2762 quae
1327 2664 1566 2762 corporalem
1594 2688 1749 2762 poenam
1776 2663 1976 2752 inducunt,

387 2790 615 2888 quandoque
648 2786 829 2864 ultimum
862 2786 1092 2885 supplicum,
1127 2785 1356 2883 quandoque
1390 2785 1649 2861 membrorum
1682 2785 1976 2872 truncationem,

386 2912 597 2988 secundum
611 2910 717 3008 quod
732 2906 907 2985 fuerint²‘
922 2905 1070 2982 maiora
1084 2905 1146 2982 vel
1161 2905 1322 2995 minora,
1339 2915 1378 2982 et
1396 2931 1560 3004 quorum
1578 2905 1753 3003 quaedam
1771 2915 1862 2983 sunt
1879 2906 1976 3005 pub-

386 3033 416 3110 f.
432 3032 551 3126 118b]
606 3032 680 3106 lica
715 3039 754 3106 et
789 3029 965 3128 quaedam
1000 3028 1165 3127 privata,
1201 3037 1240 3104 et
1276 3028 1518 3126 publicorum
1554 3029 1729 3126 quaedam
1765 3027 1976 3103 maiorem²⁸

386 3180 541 3255 poenam
569 3154 744 3230 inferunt
771 3161 933 3250 propter
961 3177 1166 3250 personam
1194 3160 1330 3227 contra
1358 3177 1475 3248 quam
1504 3151 1760 3250 presumitur,
1791 3151 1888 3228 sicut
1917 3159 1976 3228 est

385 3277 529 3352 crimen
542 3276 639 3352 laesae
652 3275 875 3364 maiestatis,
889 3283 935 3351 ut
950 3275 980 3350 si
995 3283 1131 3350 contra
1144 3298 1349 3373 personam
1365 3274 1485 3372 ipsius
1501 3274 1602 3372 regis
1618 3273 1667 3350 sit
1684 3283 1975 3372 presumptum,

386 3400 489 3497 quod
507 3398 660 3496 quidem
676 3398 820 3474 crimen
836 3396 964 3474 omnia
981 3396 1057 3471 alia
1073 3397 1232 3472 crimina
1249 3397 1398 3473 excedit
1416 3397 1544 3495 quoad
1560 3421 1728 3495 poenam,
1747 3397 1832 3472 ideo
1851 3397 1977 3495 primo

387 3518 591 3596 dicendum
613 3518 698 3594 est²⁸
722 3519 769 3596 de
791 3518 862 3593 hoc
884 3518 1040 3595 crimine
1063 3518 1159 3594 laesoe
1180 3519 1402 3595 maiestatis.
1428 3519 1565 3596 Habet
1590 3519 1691 3595 enim
1713 3519 1858 3594 crimen
1880 3518 1977 3594 laesae

385 3641 595 3718 maiestatis
613 3641 685 3718 sub
701 3668 740 3718 se
757 3640 899 3718 multas
916 3641 1071 3740 species,
1090 3666 1254 3739 quarum
1271 3667 1349 3717 una
1366 3651 1425 3719 est
1442 3651 1487 3718 ut
1506 3642 1537 3717 si
1555 3643 1639 3740 quis
1659 3667 1755 3717 ausu
1773 3642 1977 3718 temerario

385 3763 624 3840 machinatus
641 3763 690 3840 sit
707 3764 747 3840 in
763 3772 927 3840 mortem
945 3764 1058 3862 regis,
1075 3764 1136 3840 vel
1153 3764 1297 3862 aliquid
1315 3764 1437 3862 egerit
1454 3765 1515 3839 vel
1533 3763 1624 3862 agi²²
1643 3765 1908 3862 procuraverit
1926 3763 1977 3839 ad

385 3884 637 3962 seditionem²⁸
656 3885 799 3962 domini
816 3885 917 3982 regis
935 3887 996 3963 vel
1014 3887 1202 3963 exercitus
1221 3887 1291 3974 sui,
1309 3887 1371 3963 vel
1389 3885 1685 3985 procurantibus
1703 3886 1890 3963 auxilium
1909 3885 1976 3963 et²⁸

385 4007 584 4084 consilium
597 4008 804 4106 praebuerit
817 4008 878 4084 vel
890 4033 1129 4098 consensum,
1142 4008 1230 4085 licet
1243 4010 1282 4085 id
1297 4009 1400 4107 quod
1413 4009 1453 4085 in
1466 4010 1667 4086 voluntate
1679 4007 1882 4084 habuerit⁸⁰
1897 4034 1977 4085 non

385 4129 639 4227 perduxerit⁸¹
655 4131 705 4205 ad
719 4129 913 4206 effectum.
929 4130 998 4206 Ad
1016 4131 1294 4207 accusationem
1310 4157 1401 4207 vero
1416 4130 1556 4207 huius⁸²
1572 4131 1739 4207 criminis
1757 4131 1977 4207 admittitur

386 4251 544 4350 quilibet
560 4253 608 4328 de
624 4252 782 4351 populo,
798 4253 894 4328 liber
909 4253 1022 4328 homo
1040 4263 1078 4330 et
1095 4280 1226 4330 servus
1244 4263 1282 4330 et
1298 4255 1423 4329 minor
1440 4253 1546 4329 infra
1562 4262 1714 4329 aetatem
1731 4253 1975 4341 constitutus,

385 4466 411 4503 ²²
424 4469 601 4542 Romenale,
624 4469 800 4543 Remenale,
823 4471 998 4544 Romevale,
1021 4470 1217 4546 Bomevallis,
1241 4471 1334 4533 MSS.
1378 4470 1405 4505 ²⁸
1418 4471 1550 4547 Dovere,
1574 4472 1716 4547 Dowere,
1740 4473 1857 4544 Dama,
1881 4472 1974 4533 MSS.

384 4566 411 4602 ²⁴
423 4568 633 4645 Sandevviche,
648 4570 841 4646 Sandvviche,
857 4570 1032 4645 Saundwia,
1048 4572 1201 4649 sandwic,
1216 4572 1309 4634 MSS.
1348 4571 1374 4606 ²⁵
1386 4577 1534 4650 ipsorum,
1549 4573 1622 4646 OC;
1638 4591 1753 4648 eorum,
1768 4573 1807 4646 V,
1824 4572 1892 4649 OA,
1908 4573 1974 4632 CB.

385 4665 450 4701 Μ
462 4672 591 4728 istarum
607 4673 753 4747 partium,
771 4671 843 4731 CM.
883 4668 1001 4746 1⁷Om.,
1019 4673 1088 4746 OB,
1105 4674 1181 4748 MA,
1200 4674 1275 4749 MB,
1294 4673 1360 4749 ΟΕ,
1378 4674 1417 4733 Y.
1456 4672 1576 4750 ¹⁸quia,
1596 4675 1672 4749 MG,
1692 4674 1771 4746 CM;
1789 4695 1890 4752 quam,
1908 4674 1974 4736 OC.

383 4765 411 4800 ¹⁹
422 4768 652 4843 Gememuewe,
664 4771 816 4844 Gorievve,
830 4773 851 4833 J
853 4791 1014 4845 ernemwe,
1027 4772 1203 4850 Jernemue,
1218 4774 1311 4835 MSS.
1325 4793 1389 4834 var.
1426 4773 1453 4808 ¹⁰
1464 4774 1656 4852 Dunvvyche,
1671 4777 1844 4853 Dunewyz,
1858 4776 1975 4837 Sande·

383 4873 469 4944 wico,
482 4870 664 4947 Sandevvya,
677 4871 882 4948 Audewyche,
896 4873 989 4934 MSS.
1004 4893 1067 4934 var.
1104 4871 1129 4907 ²¹
1142 4877 1257 4950 sciatis,
1270 4876 1309 4950 V,
1324 4877 1392 4950 OB,
1407 4877 1482 4951 MA,
1498 4879 1573 4952 ΜΒ,
1587 4877 1625 4937 Y.
1662 4875 1688 4910 ²²
1700 4881 1975 4951 summonitionem,

384 4969 451 5043 OC,
471 4968 536 5030 CB.
577 4968 699 5049 ²⁸sciri,
717 4970 757 5046 V,
777 4972 858 5045 MA3
878 4975 967 5048 scire,
986 4972 1056 5049 OA,
1074 4975 1141 5051 LA,
1162 4975 1228 5050 CB,
1249 4976 1318 5051 OB,
1338 4976 1378 5050 Y,
1398 4977 1466 5051 OC,
1487 4978 1561 5054 MC,
1582 4978 1660 5054 MG,
1682 4979 1754 5039 CM.
1797 4977 1974 5055 ²⁴luernnt,

384 5071 460 5147 MA,
476 5072 552 5133 MG.
589 5070 615 5106 ²⁶
626 5077 772 5135 maiorem
787 5074 912 5150 habent,
927 5075 1005 5150 MG,
1021 5077 1095 5137 CM.
1133 5074 1160 5109 ²⁸
1172 5076 1252 5153 Om,
1267 5078 1335 5153 LA,
1351 5079 1391 5153 Y,
1408 5078 1474 5154 OC,
1491 5080 1569 5156 MG,
1586 5081 1659 5156 CM,
1677 5081 1744 5156 OE,
1762 5082 1835 5142 MC.
1874 5079 1975 5160 ''egi,

384 5172 453 5246 OB,
469 5173 545 5248 MA,
562 5175 636 5236 MB.
674 5171 701 5208 ²⁸
712 5173 931 5252 seductionem,
948 5177 1026 5253 MG,
1043 5177 1115 5239 CM.
1154 5175 1346 5255 ²⁹ve1‚MG‚
1364 5180 1442 5253 CM;
1461 5200 1530 5254 om,
1546 5180 1616 5257 OA,
1633 5182 1699 5256 LA,
1717 5181 1786 5255 OB,
1804 5184 1879 5258 MA,
1898 5184 1975 5259 MB,

385 5273 451 5349 CE,
469 5274 509 5349 Y,
529 5276 593 5336 OC.
635 5275 661 5311 ⁸⁰
673 5275 791 5351 babuit,
811 5278 879 5350 OA,
899 5279 971 5350 OC3
991 5278 1150 5354 haberent,
1171 5280 1244 5339 MA.
1287 5279 1313 5312 ⁸¹
1325 5279 1482 5357 perduxit,
1502 5280 1568 5356 OC,
1590 5283 1671 5356 MG;
1693 5283 1885 5362 produxerit,
1906 5283 1975 5357 OA,

385 5375 453 5448 OB,
471 5375 547 5449 MB,
564 5376 636 5448 CE;
653 5376 810 5456 produxit,
828 5377 902 5437 MA.
940 5377 966 5410 ⁸²
978 5378 1161 5455 huiusmodi,
1180 5381 1273 5442 MSS.
1291 5401 1356 5442 var.
