4374 6366
381 439 456 514 378
914 434 1138 495 BBACTON:
1161 433 1222 495 DE
1245 433 1438 497 LEGIBUS

383 581 510 682 priam
531 581 762 681 adquisitam
785 591 824 658 et
847 582 1135 681 adquirendam,
1161 586 1370 661 secundum
1392 586 1496 684 quod
1520 585 1597 661 fuit
1620 587 1660 661 in
1683 595 1789 664 statu
1813 588 1874 664 die
1899 614 1975 687 quo

383 700 528 778 felonia
548 701 625 778 fuit
644 710 882 800 perpetrata,
902 701 943 776 in
963 701 1151 778 dominico
1172 712 1211 778 et
1231 701 1298 779 in¹⁵
1320 701 1484 793 servitio,
1507 705 1556 780 ad
1576 703 1784 781 terminum
1805 704 1893 781 vitae
1913 706 1974 782 vel

382 844 584 896 annorum.
609 820 713 896 Item
734 819 835 896 idem
857 819 930 895 dici
952 820 1095 918 poterit
1117 822 1164 897 de
1188 821 1311 898 fratre
1334 829 1517 921 postnato
1540 831 1578 898 et
1602 822 1679 900 suis
1701 823 1902 901 heredibus
1927 826 1975 901 de

383 937 559 1014 omnibus
578 963 663 1036 quae
682 937 716 1013 ei
736 936 921 1036 possent²⁶
942 937 1122 1015 accidere.
1144 939 1212 1014 Ex
1233 939 1303 1015 hoc
1323 938 1469 1039 igitur²⁷
1493 940 1666 1039 sequitur
1687 939 1759 1016 ut¹⁸
1780 941 1974 1030 videtur‚²⁹

383 1057 487 1156 quod
506 1064 722 1133 antecessor
739 1055 846 1133 cuius
865 1057 973 1133 heres
994 1057 1177 1133 feloniam
1198 1057 1332 1135 fecerit
1352 1059 1399 1134 de
1419 1084 1497 1157 qua
1515 1058 1711 1135 convictus
1732 1059 1864 1149 fuerit,
1885 1069 1975 1159 post

383 1174 567 1251 feloniam
586 1173 734 1250 heredis
753 1176 845 1251 dare
864 1200 944 1250 non
962 1175 1106 1274 poterit
1126 1200 1195 1250 nec
1215 1176 1381 1252 alienare
1401 1201 1479 1252 non
1498 1178 1622 1274 magis
1642 1204 1759 1276 quam
1779 1179 1862 1276 ipse
1883 1178 1973 1268 felo,

382 1316 471 1369 cum
485 1319 564 1369 non
578 1292 655 1370 sit²⁰
670 1293 777 1369 heres
793 1294 858 1392 qui
874 1292 996 1391 possit
1012 1293 1257 1370 donationem
1273 1304 1311 1371 et
1329 1294 1477 1370 factum
1494 1321 1606 1371 suum
1621 1295 1884 1384 warantizare,
1901 1296 1972 1373 nisi

381 1411 452 1488 hoc
468 1411 607 1488 habeat
624 1411 787 1510 speciale
803 1412 843 1487 in
859 1420 967 1488 carta
984 1412 1227 1489 feoffamenti
1245 1413 1304 1487 sui
1321 1414 1425 1511 quod
1442 1414 1534 1489 dare
1552 1413 1674 1513 possit
1692 1422 1732 1491 et
1750 1412 1972 1512 assignare²²

382 1530 414 1606 si
428 1530 584 1606 heredes
601 1529 824 1619 defecerint,
840 1529 901 1605 vel
916 1530 966 1607 sit
982 1531 1038 1606 ita
1052 1531 1157 1629 quod
1170 1530 1417 1607 donationem
1434 1531 1684 1608 warantizare
1701 1557 1778 1609 non
1797 1531 1973 1632 possint²²

382 1648 568 1748 praedicta
580 1647 740 1724 ratione.

483 1767 585 1844 Cam
600 1766 800 1865 utlagatus
814 1776 952 1865 captas
965 1767 1098 1862 fuerit,
1113 1791 1192 1843 aaa
1206 1766 1320 1844 altera
1333 1767 1479 1844 licitum
1495 1778 1553 1845 cat
1569 1792 1656 1845 eum
1671 1767 1885 1866 interficere
1902 1768 1974 1846 aa

481 1885 523 1962 ia
536 1885 623 1984 ipsa
637 1885 815 1984 captione
829 1910 869 1963 ae
885 1884 1082 1979 defendat.

383 2002 488 2079 Cum
502 2029 593 2078 vero
607 2003 806 2100 utlagatus
819 2012 957 2101 captus
971 2003 1089 2079 fuerit
1104 2029 1183 2078 non
1196 2003 1268 2080 erit
1282 2003 1429 2080 licitum
1444 2003 1555 2079 alicui
1569 2029 1658 2081 eum
1672 2004 1886 2081 interficere
1900 2004 1973 2080 nisi

381 2121 422 2196 in
437 2121 523 2220 ipsa
537 2122 716 2220 captione
732 2121 762 2197 si
779 2148 820 2198 se
834 2121 925 2198 velit
943 2122 1161 2210 defendere,
1179 2121 1269 2219 quia
1285 2131 1373 2221 post
1391 2121 1609 2221 captionem
1627 2122 1708 2198 vita
1724 2131 1763 2198 et
1779 2147 1882 2198 mors
1900 2123 1973 2199 erit

381 2238 422 2314 in
435 2264 555 2315 manu
570 2238 712 2336 regis.²⁸
728 2238 881 2314 Poterit
897 2239 1052 2337 quidem
1068 2264 1137 2316 rex
1153 2263 1240 2315 cum
1257 2248 1395 2337 captus
1413 2239 1543 2329 fuerit,
1560 2240 1648 2316 licet
1665 2240 1738 2316 rite
1755 2240 1804 2316 sit
1820 2240 1972 2338 utlaga-

381 2365 446 2434 tus
459 2367 498 2434 et
513 2381 700 2447 excausa,
717 2355 792 2432 ex²⁴
807 2356 1047 2457 plenitudine
1062 2358 1264 2456 potestatis
1280 2383 1356 2434 suae
1371 2359 1463 2434 dare
1478 2359 1513 2434 ei
1528 2359 1648 2434 vitam
1665 2368 1704 2434 et
1718 2355 1891 2434 membra
1905 2356 1972 2433 et²⁵

381 2485 426 2552 ut
442 2500 606 2573 regnum
623 2475 783 2552 abiuret.

481 2592 707 2692 Aliquando
724 2594 868 2693 potent
888 2618 957 2670 rec
974 2594 1022 2671 de
1040 2619 1111 2670 auo
1127 2594 1257 2691 pratia
1273 2593 1393 2670 vitam
1411 2594 1618 2670 concedere
1635 2593 1833 2670 restitutis.

382 2713 587 2788 Taurum
603 2712 721 2788 etiam
738 2711 945 2810 aliquando
963 2713 1010 2788 de
1028 2711 1157 2810 gratia
1175 2713 1379 2789 concedere
1398 2712 1432 2788 ei
1450 2712 1582 2801 vitam,
1603 2721 1646 2788 ut
1666 2712 1697 2788 si
1716 2738 1788 2812 per
1806 2712 1972 2788 infortu-

382 2828 546 2924 f.184b]
602 2829 709 2906 nium
727 2829 788 2906 vel
807 2857 847 2906 se
866 2830 1110 2906 defendendo
1129 2829 1321 2906 hominem
1340 2829 1587 2906 interfecerit.
1610 2832 1786 2907 Tenetur
1804 2829 1920 2907 etiam
1941 2830 1972 2905 si

381 2948 490 3024 nulla
508 2947 658 3026 subfuit
677 2972 793 3023 causa
812 2947 1024 3046 utlagariae,
1046 2958 1090 3025 ut
1110 2949 1140 3024 si
1160 2949 1224 3024 ille
1244 2949 1309 3046 qui
1329 2948 1492 3024 interfici
1513 2947 1645 3025 debuit
1666 2947 1775 3024 vivus
1797 2958 1836 3025 et
1856 2973 1971 3024 sanus

381 3068 631 3166 producatur.
650 3068 754 3143 Item
771 3066 802 3143 si
819 3066 945 3143 minus
963 3065 1150 3144 sufficiens
1169 3067 1245 3143 fuit
1263 3092 1389 3154 causa,
1408 3067 1498 3166 quis
1516 3067 1618 3144 forte
1638 3067 1787 3144 factum
1805 3092 1877 3165 pro
1896 3093 1972 3165 quo

382 3184 487 3261 fuit²⁶
505 3185 704 3282 utlagatus
723 3185 896 3261 nonfuit
916 3185 1059 3261 felonia
1077 3187 1144 3262 sed
1161 3185 1427 3283 transgressio.
1450 3187 1552 3261 Item
1572 3185 1662 3284 quia
1680 3184 1875 3282 utlagaria
1894 3210 1972 3261 non

382 3303 459 3379 fuit
475 3303 550 3378 rite
564 3303 823 3402 promulgata,
839 3303 900 3378 vel
915 3303 999 3380 loco
1015 3328 1094 3379 non
1109 3302 1236 3379 debito
1253 3313 1298 3380 ut
1315 3327 1445 3400 supra,
1462 3312 1500 3379 et
1517 3301 1753 3378 seeundum*
1771 3301 1875 3401 quod
1892 3299 1972 3378 sic²⁸

383 3421 443 3497 vel
462 3421 515 3498 sic
533 3422 677 3520 poterit
697 3420 873 3497 abiurare
892 3447 1056 3520 regnum
1075 3421 1135 3497 vel
1155 3421 1196 3495 in
1216 3446 1336 3518 regno
1356 3446 1554 3497 remanere
1574 3421 1783 3497 secundum
1805 3420 1973 3518 gratiam

382 3538 494 3639 regis.
519 3539 621 3614 Item
642 3539 672 3616 si
692 3538 850 3616 clericus
870 3539 1081 3627 ordinatus,
1103 3538 1196 3614 ubi²⁰
1218 3565 1297 3615 non
1317 3537 1418 3615 nisi³⁰
1440 3539 1667 3636 degradatio
1688 3539 1719 3614 si
1741 3565 1780 3615 se
1802 3562 1972 3637 purgare

381 3682 460 3733 non
477 3658 610 3757 possit.
630 3657 800 3734 Clericus
818 3656 901 3733 dico
919 3657 997 3735 sive
1012 3658 1135 3734 maior
1152 3658 1229 3734 sive
1246 3657 1382 3746 minor,
1402 3657 1518 3733 etiam
1536 3657 1738 3755 episcopus
1754 3657 1816 3732 vel
1836 3654 1972 3743 alius,⁸²

383 3775 473 3875 quia
491 3775 539 3852 de
557 3775 698 3852 talibus
719 3802 797 3852 non
817 3774 988 3875 poterit⁸²
1008 3802 1077 3851 rex
1098 3776 1234 3874 exequi
1254 3774 1448 3864 iudicium,
1468 3799 1539 3850 nec
1558 3775 1741 3851 iudicium
1762 3775 1911 3850 factum
1932 3775 1973 3849 in

382 3893 470 3969 foro
483 3894 643 3970 seculari
658 3895 705 3970 de
718 3894 911 3992 utlagaria
923 3893 1071 3991 ligabat
1084 3895 1181 3970 tales
1194 3893 1259 3992 qui
1273 3894 1313 3970 in
1326 3894 1432 3968 curia
1445 3893 1733 3969 christianitatis
1748 3918 1788 3969 se
1801 3917 1973 3991 purgare

382 4011 559 4110 possint³³
576 4012 785 4088 secundum
801 4012 998 4111 quosdam.

481 4249 547 4325 De
567 4248 767 4326 homicidio
787 4249 892 4348 qaod
909 4247 1040 4346 polam
1062 4257 1100 4325 et
1119 4247 1296 4347 pluribus
1317 4246 1532 4324 astantibus
1552 4257 1821 4346 perpetratum
1843 4255 1912 4333 est,
1934 4254 1973 4322 et

482 4376 619 4465 posteo
630 4367 677 4444 de
690 4366 891 4443 tamisae
903 4367 1008 4464 qaod
1020 4364 1127 4443 uallo
1140 4375 1330 4464 mareote
1343 4375 1613 4466 perpetratam
1627 4375 1696 4452 est,
1711 4372 1750 4442 et
1764 4364 1869 4462 quod
1882 4363 1972 4440 dici·

483 4492 549 4560 tur
563 4485 775 4561 murdrum

381 4601 563 4677 DrcruM
583 4611 640 4678 est
660 4627 779 4700 supra
799 4603 845 4678 de
865 4602 1066 4678 homicidio
1086 4603 1190 4701 quod
1210 4603 1340 4701 palam
1360 4612 1399 4678 et
1420 4601 1594 4700 pluribus
1616 4600 1830 4677 astantibus
1852 4625 1971 4699 quan-

381 4784 408 4818 ²⁶
420 4784 501 4861 Om,
519 4786 558 4860 V,
577 4786 652 4859 MA,
671 4786 709 4846 Y.
750 4783 776 4818 ²⁶
788 4792 928 4862 possunt,
947 4786 1023 4858 MA,
1042 4787 1118 4862 ΜΒ,
1137 4786 1202 4860 LA,
1221 4788 1260 4860 Y,
1279 4785 1356 4859 MG,
1376 4787 1450 4861 CM,
1468 4785 1536 4860 OC,
1555 4785 1628 4845 MC.
1669 4782 1696 4817 ²⁷
1708 4783 1788 4858 Om,
1807 4784 1877 4859 OB,
1896 4783 1971 4856 MA,

381 4886 457 4946 ΜΒ.
499 4884 565 4920 ²²²²²
577 4888 658 4961 0m.,
678 4887 747 4962 OB,
768 4886 843 4960 MA,
864 4887 940 4961 ΜΒ,
961 4887 1026 4946 CE.
1069 4885 1187 4960 ²⁰Om.,
1208 4887 1277 4960 OB,
1298 4887 1374 4960 MA,
1396 4887 1472 4962 ΜΒ,
1494 4886 1568 4960 CM,
1591 4886 1666 4947 MG.
1711 4885 1909 4963 ²1assignare
1929 4891 1971 4958 et,

381 4988 449 5062 LA,
466 4988 505 5062 Y,
524 4987 597 5047 MC.
636 4986 663 5020 ²²
673 4993 784 5065 possit,
801 4987 870 5060 OA,
889 4986 963 5059 OB;
982 4995 1123 5066 possunt,
1141 4990 1221 5060 CM;
1241 5007 1309 5060 om,
1328 4988 1393 5047 ΟΕ.
1434 4986 1460 5020 ²⁸
1472 4985 1587 5047 domini
1606 4991 1700 5066 regis,
1719 4987 1788 5060 OB,
1808 4987 1885 5063 MB,
1905 4986 1972 5061 ΟΕ,

383 5087 455 5147 CM.
495 5085 564 5148 ²⁴ct
580 5107 628 5162 ex,
647 5088 724 5161 MG,
741 5089 808 5164 OC,
826 5087 900 5162 CM,
918 5089 986 5149 OB.
1025 5087 1051 5121 ²⁶
1063 5089 1144 5162 Om,
1161 5088 1230 5162 OB,
1249 5089 1324 5164 MA,
1343 5090 1417 5149 ΜΒ.
1458 5087 1576 5164 ²⁶Om.,
1595 5089 1663 5163 OA,
1682 5089 1755 5149 CM.
1795 5087 1898 5148 ²⁷'²⁸si
1918 5091 1973 5164 stc,

382 5186 451 5260 OB,
469 5189 544 5261 MA,
564 5188 644 5260 MB;
665 5190 781 5249 factum
799 5193 853 5264 sic,
871 5188 937 5262 (ΖΕ,
957 5190 1029 5249 MC.
1070 5187 1096 5222 ²⁹
1109 5188 1204 5249 fuerit
1222 5190 1391 5268 utlagatus,
1409 5197 1532 5251 tenetur
1551 5211 1605 5250 rex
1622 5189 1796 5268 utlagatum
1816 5193 1972 5250 remIttere

382 5286 539 5348 ordinario
554 5289 617 5362 ubi,
632 5289 669 5349 V.
707 5287 733 5322 ⁸⁰
745 5289 799 5350 fiet
813 5293 884 5364 nisi,
900 5290 944 5362 V;
961 5298 1009 5349 cst
1023 5293 1094 5363 nist,
1111 5290 1176 5350 ΟΕ.
1214 5289 1370 5352 ⁸²'⁸²alius
1387 5291 1425 5350 de
1441 5291 1555 5353 talibus
1573 5295 1699 5370 poterit,
1716 5292 1786 5366 OB,
1803 5293 1879 5368 MA,
1896 5293 1971 5352 ΜΒ.

382 5385 409 5420 ⁸⁸
420 5394 561 5465 possunt,
578 5389 617 5465 V,
633 5389 700 5465 OC,
717 5390 794 5463 MG,
811 5390 884 5450 CM.
