4392 6352
370 461 445 530 290
902 455 1126 518 BRACTON:
1148 457 1209 519 DE
1232 458 1424 521 LEGIBUS

371 605 483 682 Tolle
507 606 608 682 enim
631 607 872 685 voluntatem
896 616 934 684 et
957 609 1032 684 erit
1054 608 1176 686 omnis
1201 617 1309 687 actus
1334 611 1570 700 indifferens,
1596 612 1687 711 quia
1712 613 1866 689 affectio
1891 624 1961 690 tua

370 749 511 801 nomen
531 725 696 825 imponit
716 726 825 825 operi
846 736 926 815 tuo,
948 736 987 804 et
1008 728 1152 804 crimen
1174 754 1252 805 non
1273 729 1524 818 contrahitur,
1548 731 1620 807 nisi
1643 731 1804 808 nocendi
1826 731 1959 808 volun-

369 850 431 918 tas
444 843 667 932 intercedat,
681 868 750 921 nec
765 846 916 922 furtum
929 847 1183 923 committitur
1197 847 1268 923 nisi
1283 873 1331 924 ex
1346 848 1491 925 affectu
1507 849 1676 926 furandi.
1694 851 1745 926 In
1758 849 1816 928 his
1831 861 1960 928 autem

370 963 517 1040 delictis
540 964 618 1040 sive
639 963 835 1040 maleficiis
857 964 1053 1063 obligatur
1075 965 1138 1042 ille
1160 967 1226 1065 qui
1249 966 1437 1065 delinquit
1458 965 1521 1044 ei²⁸
1544 976 1680 1044 contra
1703 995 1818 1067 quem
1839 968 1959 1045 delin-

371 1080 495 1180 quit,²‘
522 1108 592 1158 nec
617 1083 838 1160 dissolvitur
863 1083 1047 1181 obligatio
1075 1085 1202 1183 quoad
1228 1109 1395 1182 poenam,
1422 1085 1495 1162 nisi
1521 1096 1646 1164 morte
1671 1087 1871 1186 utriusque
1899 1087 1960 1164 vel

370 1201 540 1278 alterius.
564 1203 690 1276 Poena
710 1228 802 1278 vero
824 1227 903 1278 non
926 1203 1212 1301 transgreditur
1236 1229 1440 1304 personam
1464 1204 1732 1305 delinquentis,
1756 1232 1835 1282 non
1859 1207 1961 1283 enim

371 1321 485 1398 debet
501 1345 656 1421 poenam
673 1320 813 1398 sentire
831 1321 896 1420 qui
913 1321 1084 1420 inculpa
1101 1348 1180 1398 non
1198 1323 1287 1411 fuit,
1304 1323 1415 1400 iuxta
1432 1323 1540 1412 illud,
1557 1323 1684 1401 Poena
1700 1334 1829 1424 potest
1847 1325 1960 1412 demi,

371 1439 488 1540 calpa
502 1440 682 1540 perennis
700 1440 783 1518 erit.

470 1683 536 1759 De
553 1683 681 1782 prima
698 1683 882 1760 divisione
901 1683 1105 1761 actionum.

370 1802 551 1877 D1crUM
567 1809 626 1878 est
639 1826 760 1899 supra
773 1801 866 1899 quid
880 1801 930 1878 sit
945 1801 1045 1878 actio
1059 1811 1099 1879 et
1113 1803 1278 1901 qualiter
1293 1803 1341 1879 de
1355 1802 1652 1901 obligationibus
1667 1803 1826 1880 oriatur.
1844 1804 1962 1879 Nunc

371 1930 501 1997 autem
519 1920 728 1997 videndum
747 1921 913 2019 qualiter
930 1920 1137 1997 dividatur.
1158 1921 1216 1997 Et
1237 1921 1432 1998 sciendum
1452 1922 1747 2021 quodomnium
1768 1923 1962 1999 actionum

371 2040 450 2116 sive
466 2038 708 2139 placitorum,
725 2049 771 2116 ut
787 2038 876 2116 inde
892 2047 1029 2115 utatur
1044 2039 1245 2138 aequivoce,
1262 2040 1340 2114 baec
1357 2050 1414 2118 est
1432 2040 1558 2139 prima
1575 2040 1721 2128 divisio,
1739 2041 1844 2139 quod
1862 2065 1961 2139 quae-

371 2159 463 2237 dam
475 2169 566 2237 sunt
580 2159 620 2235 in
634 2184 727 2247 rem,
741 2159 916 2258 quadam
931 2159 972 2233 in
986 2183 1191 2256 personam
1206 2167 1246 2235 et
1260 2158 1437 2257 quadam
1451 2158 1591 2235 mixtae.
1609 2160 1714 2235 Item
1728 2184 1862 2235 earum
1877 2183 1962 2258 quae

372 2279 519 2355 suntin
535 2302 742 2378 personam
757 2277 833 2352 alia
847 2275 1085 2352 criminalia²⁵
1103 2276 1178 2352 alia
1194 2275 1358 2365 civilia,²⁸
1376 2278 1586 2353 secundum
1603 2278 1707 2376 quod
1725 2277 1962 2354 descendunt

372 2424 420 2474 ex
434 2396 629 2474 maleficiis
644 2396 704 2472 vel
720 2396 990 2472 contractibus.
1009 2395 1112 2472 Item
1127 2395 1382 2472 criminalium
1398 2395 1474 2472 alia
1487 2397 1623 2484 maior,
1640 2396 1717 2472 alia
1733 2397 1869 2485 minor,
1887 2396 1962 2472 alia

370 2514 551 2604 maxima,
572 2515 782 2592 secundum
802 2514 1004 2590 criminum
1024 2514 1292 2613 quantitatem.
1318 2515 1421 2591 Sunt
1441 2514 1542 2591 enim
1563 2515 1723 2590 crimina
1743 2515 1901 2603 maiora,
1923 2524 1962 2591 et

371 2635 553 2712 dicuntur
567 2633 760 2733 capitalia,
775 2659 821 2710 eo
836 2634 939 2732 quod
955 2633 1134 2709 ultimum
1150 2633 1338 2709 inducunt
1355 2632 1587 2732 supplicium
1603 2633 1664 2710 vel
1679 2632 1962 2710 truncationem

371 2752 631 2829 membrorum
645 2753 706 2828 vel
721 2752 878 2829 exilium
893 2761 1126 2851 perpetuum
1142 2751 1202 2827 vel
1218 2752 1268 2828 ad
1282 2762 1449 2850 tempus.
1466 2751 1625 2828 Minora
1641 2776 1732 2826 vero
1749 2776 1833 2850 quae
1849 2750 1962 2826 fusti·

370 2871 567 2970 gationem
590 2871 789 2960 inducunt,
813 2870 874 2948 vel
898 2894 1054 2970 poenam
1078 2869 1293 2969 pilloralem
1317 2871 1378 2946 vel
1402 2869 1692 2969 twymboralem
1715 2870 1777 2945 vel
1801 2871 1962 2947 carceris

370 2989 630 3078 inclusionem,
644 2989 874 3088 quandoque
886 3013 973 3064 cum
985 2988 1147 3065 infamia
1159 2989 1390 3087 quandoque
1403 2988 1494 3077 sine,
1509 2989 1718 3064 secundum
1732 2988 1835 3086 quod
1847 3012 1964 3063 causa

373 3107 494 3184 luerit
510 3107 600 3184 talis
617 3108 679 3183 vel
696 3107 796 3183 talis.
817 3108 927 3183 Ictus
946 3107 1048 3184 enim
1068 3107 1231 3182 fustium
1250 3106 1451 3183 infamiam
1471 3131 1549 3181 non
1568 3107 1727 3204 irrogat,
1748 3107 1816 3182 sed
1835 3131 1961 3194 causa,

371 3233 534 3325 propter
546 3251 662 3324 quam
674 3224 740 3300 id²⁷
754 3221 865 3324 pati²⁸
877 3223 1029 3301 meruit.
1045 3225 1149 3300 Item
1162 3250 1295 3300 earum
1308 3250 1392 3323 quae
1405 3233 1496 3300 sunt
1508 3224 1548 3298 in
1558 3248 1763 3322 personam
1773 3231 1812 3299 et
1821 3248 1905 3322 quae
1914 3249 1963 3299 ex

372 3343 511 3419 delicto
524 3343 703 3419 oriuntur
716 3343 775 3418 vel
789 3342 910 3441 quasi,
925 3343 1023 3419 sicut
1037 3343 1136 3418 actio
1150 3341 1376 3418 iniuriarum
1390 3343 1438 3418 de
1452 3368 1529 3441 qua
1542 3342 1703 3419 civiliter
1718 3343 1847 3441 agitur
1862 3366 1961 3442 quae-

372 3461 464 3539 dam
475 3461 598 3536 maior
608 3468 668 3536 est
681 3461 856 3559 quaedam
869 3461 1005 3536 minor.
1019 3459 1124 3536 Εεῐ2ο
1138 3461 1241 3537 enim
1254 3469 1367 3536 atrox
1381 3459 1520 3537 iniuria
1534 3470 1572 3538 et
1586 3470 1645 3537 est
1658 3461 1762 3549 levis,
1777 3470 1816 3538 et
1831 3486 1962 3538 secun·

372 3579 467 3654 dum
481 3578 552 3654 hoc
568 3587 749 3678 sequetur
763 3602 881 3678 poena
895 3579 1016 3655 maior
1031 3578 1093 3654 vel
1108 3577 1273 3666 minor‚⁸⁰
1289 3578 1400 3655 iuxta
1416 3578 1523 3668 illud,
1542 3579 1660 3671 Quod
1676 3588 1807 3656 tamen
1824 3578 1962 3656 adrats-

372 3721 458 3772 aam
472 3697 801 3796 queritantem
813 3697 967 3775 docebo.
983 3697 1067 3773 Nec
1080 3698 1193 3774 debet
1208 3721 1324 3796 poena
1338 3697 1387 3772 ad
1401 3697 1494 3774 alios
1509 3698 1666 3773 extendi
1679 3724 1796 3796 quam
1811 3699 1860 3774 ad
1875 3723 1963 3774 suos

372 3823 560 3903 auctores,
583 3839 654 3890 nec
676 3815 838 3892 ulterius
861 3815 1044 3915 progredi
1067 3841 1184 3914 quam
1208 3841 1248 3892 se
1271 3815 1446 3892 extendit
1470 3815 1663 3892 delictum.
1691 3816 1794 3893 Item
1819 3817 1963 3916 poterit

373 3932 512 4009 iniuria
537 3933 607 4009 sub
632 3959 673 4010 se
696 3933 890 4010 continere
916 3934 1271 4032 transgressionem,
1297 3943 1342 4010 ut
1369 3935 1400 4010 si
1426 3934 1519 4032 quid
1545 3944 1802 4034 praesumatur
1828 3945 1963 4012 contra

373 4061 523 4128 statuta
543 4051 644 4150 regis
667 4061 706 4128 et
727 4052 837 4150 regni
859 4053 1077 4129 excedendo
1098 4053 1256 4129 modum
1278 4063 1317 4129 et
1339 4078 1559 4128 mensuram
1582 4054 1643 4129 vel
1666 4052 1844 4129 faciendo
1867 4053 1964 4128 citra

374 4170 558 4260 debitum,
581 4170 756 4248 videlicet
778 4171 905 4248 minus
929 4197 1046 4270 quam
1069 4171 1236 4259 deberet,
1260 4196 1330 4270 per
1353 4171 1540 4247 malitiam
1564 4181 1603 4248 et
1627 4172 1818 4260 fraudem,
1842 4171 1962 4269 negli-

373 4289 545 4386 gentiam
563 4299 602 4366 et
618 4288 870 4366 omissionem.
891 4290 994 4366 Item
1013 4299 1103 4365 sunt
1122 4291 1288 4366 actiones
1306 4289 1347 4364 in
1365 4315 1569 4388 personam
1588 4289 1715 4366 civiles
1734 4315 1818 4388 quae
1835 4290 1964 4370 oriun-

373 4415 441 4483 tur
462 4433 510 4483 ex
532 4416 734 4484 contractu
755 4408 817 4483 vel
839 4407 959 4507 quasi,
982 4417 1027 4484 ut
1050 4433 1171 4507 supra
1192 4407 1338 4485 dictum
1362 4415 1431 4495 est,
1454 4407 1630 4484 videlicet
1654 4408 1719 4483 ubi
1744 4408 1827 4506 quis
1853 4407 1963 4484 alteri

373 4532 530 4601 tenetur
545 4525 596 4600 ad
615 4523 759 4623 aliquid
776 4524 950 4602 dandum
967 4526 1029 4602 vel
1047 4525 1267 4603 faciendum
1286 4552 1335 4603 ex
1354 4525 1483 4625 aliqua
1501 4550 1617 4601 causa
1634 4526 1884 4624 praecedente.
1905 4526 1964 4601 Et

375 4642 590 4719 notandum
618 4643 722 4742 quod
749 4643 856 4720 nulla
885 4644 984 4720 actio
1012 4645 1052 4722 in
1079 4669 1284 4743 personam
1312 4644 1431 4720 civilis
1459 4644 1707 4720 criminaliter
1736 4652 1865 4744 potest
1895 4668 1965 4719 nec

373 4761 488 4838 debet
507 4761 703 4839 intentari.
725 4761 845 4837 Unde
864 4770 1018 4861 oportet
1040 4761 1143 4861 quod
1163 4763 1279 4838 iudex
1300 4763 1341 4838 in
1361 4762 1532 4862 qualibet
1554 4762 1702 4872 actione
1723 4762 1792 4839 tali
1815 4764 1965 4839 factum

374 4888 413 4956 et
435 4879 588 4956 initium
609 4879 815 4978 diligenter
839 4882 1042 4969 examinet,
1068 4890 1107 4957 et
1130 4881 1339 4958 secundum
1363 4881 1434 4955 boc
1458 4881 1643 4981 procedat
1668 4882 1767 4958 actio
1791 4880 1963 4968 civiliter,

373 5083 440 5120 ²²²²²
452 5087 532 5160 Om„
543 5088 610 5163 LA,
623 5089 692 5162 OB,
705 5088 781 5163 MA,
795 5088 871 5162 ΜΒ,
884 5088 960 5150 MG.
985 5084 1011 5120 ²⁸
1022 5085 1201 5161 criminalis,
1214 5086 1280 5162 ΟΕ,
1294 5087 1373 5158 ΜΟ;
1387 5087 1550 5159 criminal,
1563 5086 1631 5159 OA,
1646 5085 1712 5158 LA,
1724 5085 1791 5161 OC,
1805 5087 1874 5161 OB,
1888 5083 1964 5159 MA,

374 5187 450 5260 ΜΒ,
464 5187 542 5262 MG,
554 5189 627 5248 ΟΜ.
662 5185 688 5221 ²⁰
699 5187 809 5261 civilis,
821 5185 891 5263 OA,
904 5188 972 5262 ΟΒ,
986 5188 1062 5261 ΜΒ,
1075 5189 1139 5249 ΜΟ
1147 5209 1155 5260 ;
1169 5186 1262 5261 clvii,
1274 5188 1341 5262 ΟΟ,
1356 5187 1422 5263 LA,
1435 5188 1511 5262 MA,
1524 5187 1592 5260 ΟΕ,
1604 5187 1679 5260 ΟΜ,
1693 5186 1770 5247 MG.
1805 5184 1871 5219 ²¹⁴⁸
1882 5183 1964 5246 idem

373 5285 481 5365 plecti,
497 5289 566 5363 OB,
584 5288 661 5363 MA,
679 5288 756 5363 ΜΒ,
774 5288 848 5361 CM,
865 5288 920 5349 ΟΕ
945 5286 1025 5365 (id),
1044 5288 1106 5348 MC
1130 5287 1210 5365 (id),
1229 5288 1257 5347 V
1280 5287 1366 5365 (id);
1385 5289 1417 5349 ld
1436 5293 1512 5367 peti,
1531 5289 1604 5360 OA;
1624 5289 1657 5348 id
1676 5292 1769 5367 pecti,
1789 5288 1845 5348 LA
1868 5287 1963 5365 (corr.

373 5385 472 5466 pati).
510 5385 575 5421 ²²²²²
586 5385 668 5462 Om,
683 5387 752 5464 OB,
769 5388 844 5463 MA,
860 5387 936 5463 ΜΒ,
952 5388 1017 5449 ΟΒ.
