4432 6336
393 473 466 541 140
923 467 1145 528 BBACTON:
1168 466 1229 527 DE
1252 468 1444 530 LEGIBUS

391 641 464 692 nus
489 616 608 694 fuerit
633 642 682 692 ex
705 642 806 694 nova
830 618 1069 695 concessione
1093 617 1198 695 sive¹⁰
1222 618 1441 707 traditione,
1468 627 1512 695 ut
1538 619 1714 718 superius
1740 619 1980 709 dictumest,

389 746 541 813 mutare
555 761 710 814 causam
723 739 981 837 possessionis,
996 748 1042 815 ut
1055 741 1086 816 si
1101 739 1226 838 primo
1241 741 1467 817 concesserit
1482 740 1770 816 usumfructum
1786 742 1836 817 ad
1851 741 1981 818 termi-

390 879 496 943 num,
521 856 664 954 poterit
688 857 893 934 concedere
916 858 1063 934 tenenti
1088 857 1196 933 sine²⁰
1219 857 1454 934 traditione²¹
1479 885 1528 934 ex
1552 883 1653 934 nova
1678 884 1794 935 causa
1817 859 1982 936 liberum
2001 951 2006 962 ι

390 983 663 1051 tenementum.
682 975 725 1051 Si
740 984 869 1052 autem
884 975 1009 1074 primo
1025 976 1074 1052 ad
1089 976 1296 1053 terminum
1311 977 1399 1053 vitae
1414 987 1453 1054 et
1468 986 1513 1054 ut
1528 977 1691 1053 liberum
1706 987 1981 1068 tenementum,

390 1094 535 1193 poterit
550 1103 702 1170 mutare
718 1119 874 1170 causam
890 1120 1011 1192 usque
1028 1095 1068 1170 in
1086 1093 1256 1182 feodum,
1275 1095 1341 1172 sed
1359 1120 1641 1194 supervacuum
1658 1105 1758 1172 esset
1775 1096 1931 1174 omnino
1949 1098 1981 1173 si

390 1236 491 1288 unus
510 1211 671 1288 eandem
690 1237 771 1289 rem
791 1212 858 1288 uni
876 1211 933 1290 bis
952 1211 1151 1289 traderet²²
1170 1239 1219 1288 ex
1237 1213 1372 1290 eadem
1390 1238 1517 1302 causa,
1538 1239 1626 1290 cum
1646 1239 1694 1290 ex
1715 1214 1841 1314 prima
1860 1216 1980 1292 tradi·

390 1329 495 1407 tione
509 1330 664 1407 omnino
680 1331 832 1407 desierit
848 1329 1053 1430 possidere.
1073 1331 1115 1408 Si
1130 1331 1215 1429 quis
1231 1340 1362 1409 autem
1377 1331 1417 1407 in
1433 1333 1669 1431 possessione
1686 1333 1806 1410 fuerit
1823 1333 1981 1412 alicuius

302 1527 304 1533 ,
390 1451 446 1527 rei
461 1451 628 1550 propriae
643 1451 705 1526 vel
721 1450 863 1538 alienae,
881 1451 911 1526 si
928 1449 977 1525 ab
992 1475 1038 1526 eo
1053 1458 1212 1549 petatur
1227 1449 1372 1549 poterit
1388 1448 1521 1527 illam²⁸
1537 1475 1808 1549 recognoscere
1823 1477 1905 1529 esse
1922 1453 1981 1530 ius

391 1569 559 1667 petentis
573 1577 611 1646 et
626 1567 782 1645 omnino
797 1566 1002 1657 remittere,
1017 1569 1078 1644 vel
1091 1567 1300 1645 tenendam
1316 1567 1391 1645 de²⁴
1406 1595 1446 1646 se
1461 1579 1500 1646 et
1516 1569 1718 1646 heredibus
1734 1570 1812 1646 suis
1828 1571 1888 1647 vel
1905 1570 1981 1648 de¹⁸

391 1686 478 1777 alio,
500 1687 709 1764 secundum
730 1688 833 1786 quod
853 1687 1015 1764 inferius
1037 1685 1177 1763 dicitur
1198 1688 1245 1764 de
1266 1687 1444 1764 finalibus
1466 1688 1687 1764 concordiis.
1711 1688 1816 1765 Item
1837 1689 1982 1788 poterit

393 1804 422 1880 f.
437 1803 532 1898 45b]
587 1805 672 1903 quis
700 1805 870 1882 desinere
897 1805 1091 1904 possidere
1117 1815 1157 1882 et
1184 1804 1281 1882 alius
1308 1804 1476 1905 incipere
1502 1815 1585 1882 tam
1612 1808 1660 1884 de
1688 1806 1795 1884 facto
1821 1808 1981 1907 proprio

391 1949 507 2023 quam
525 1923 659 2000 alieno.
679 1924 783 2001 Item
798 1932 882 2001 tam
898 1949 947 2000 ex
964 1932 1138 2022 tempore
1155 1950 1272 2023 quam
1290 1951 1338 2001 ex
1355 1925 1484 2001 animo
1500 1935 1539 2002 et
1557 1949 1729 2024 corpore,
1748 1935 1793 2003 ut
1809 1925 1916 2002 infra
1934 1927 1982 2002 de

391 2043 549 2122 assisa²⁸
563 2043 631 2120 Ex
644 2054 830 2140 tempore,
845 2052 890 2120 ut
905 2044 935 2118 si
949 2067 1118 2142 praesens
1133 2041 1253 2119 fuerit
1267 2069 1338 2142 per
1352 2043 1639 2141 negligentiam,
1656 2054 1694 2121 et
1711 2043 1741 2121 si
1759 2043 1894 2121 absens
1911 2070 1981 2144 per

390 2162 630 2239 oblivionem.
647 2161 790 2260 Longa
804 2161 906 2238 enim
922 2160 1094 2238 absentia
1110 2157 1207 2238 sicut
1223 2162 1354 2239 decem
1370 2187 1560 2238 annorum
1575 2163 1636 2238 vel
1653 2163 1818 2262 amplius
1834 2162 1982 2240 inducit

391 2281 631 2358 oblivionem.

493 2402 645 2496 Quibus
661 2404 782 2481 modis
799 2403 1001 2480 amittatur
1015 2403 1215 2503 possessio.

392 2527 498 2603 Cum
519 2535 649 2603 autem
667 2527 783 2603 semel
804 2526 923 2605 fuerit
943 2527 1130 2627 possessio
1151 2526 1353 2626 adquisita,
1376 2527 1501 2604 amitti
1522 2527 1666 2627 poterit
1687 2526 1819 2604 multis
1840 2527 1980 2604 modis:

391 2644 600 2722 videndum
617 2644 739 2743 igitur
758 2644 1038 2744 quibusmodis
1058 2645 1270 2722 amittatur.
1292 2647 1350 2722 Et
1370 2646 1567 2723 sciendum
1586 2648 1690 2745 quod
1709 2645 1877 2723 eisdem²'
1900 2645 1981 2745 qui·

392 2766 462 2842 bus
487 2764 715 2864 adquiritur.
741 2763 1006 2863 Adquiritur'⁸
1030 2764 1132 2841 enim
1156 2789 1236 2841 non
1258 2773 1414 2841 tantum
1439 2762 1627 2861 corpore''
1653 2764 1714 2841 vel
1741 2764 1870 2841 animo
1893 2774 1980 2841 tan-

392 2885 518 2975 tum,⁸⁰
547 2886 614 2963 sed
642 2892 817 2984 utroque.
845 2883 993 2960 Animo
1021 2894 1152 2961 tamen
1181 2883 1337 2960 retineri
1366 2882 1511 2982 poterit
1540 2882 1621 2960 sine
1650 2907 1823 2981 corpore,
1853 2883 1979 2960 amitti

390 3004 548 3082 tamen⁸¹
568 3029 647 3080 non
665 3003 809 3103 poterit
828 3002 908 3080 sine
927 3010 1103 3100 utroque,
1124 3002 1264 3078 scilicet
1285 3003 1411 3078 animo
1432 3011 1471 3078 et
1491 3026 1663 3099 corpore,
1683 3001 1774 3100 quia
1793 3002 1982 3079 retinetur

393 3124 521 3200 animo
548 3123 628 3200 sine
654 3147 815 3221 corpore
841 3131 880 3198 et
906 3145 1069 3221 corpore
1094 3119 1177 3198 sine
1203 3121 1341 3210 animo,
1369 3129 1408 3197 et
1435 3145 1523 3196 cum
1549 3129 1758 3218 utrumque
1784 3120 1981 3207 defecerit,

392 3242 585 3320 amittitur
610 3268 659 3318 ex
685 3249 779 3318 toto.
807 3239 987 3328 Qualiter
1012 3264 1104 3315 vero
1131 3236 1296 3315 amissa⁸¹
1323 3247 1459 3315 contra
1485 3238 1725 3315 voluntatem
1752 3238 1981 3337 possidentis

391 3361 630 3450 restituatur,
646 3359 739 3437 satis
753 3359 902 3435 dicetur
916 3344 1021 3434 iriira
1035 3359 1083 3434 de
1099 3357 1217 3434 assisa
1232 3381 1339 3433 novae
1354 3356 1569 3433 disseisinae.

491 3603 539 3680 Si
553 3600 618 3680 ille
635 3601 697 3678 coi
712 3601 848 3678 datum
865 3611 923 3677 est
940 3624 1022 3676 rem
1038 3600 1171 3676 datam
1187 3597 1349 3676 alterius
1365 3599 1458 3676 dare
1476 3598 1609 3698 possit.

393 3724 505 3799 Iram
525 3721 733 3798 videndum
752 3747 804 3797 an
822 3719 885 3797 ille
905 3719 965 3796 cui
986 3719 1200 3797 donatum⁸⁸
1219 3728 1289 3808 est,
1310 3745 1391 3796 rem
1411 3719 1545 3796 datam
1564 3718 1725 3795 ulterius
1747 3719 1840 3796 dare
1860 3719 1981 3818 possit

392 3839 473 3919 sine
487 3839 705 3940 praeiudicio
719 3839 943 3940 capitalium
957 3838 1210 3915 dominorum.
1227 3839 1286 3915 Et
1300 3837 1453 3914 videtur
1469 3839 1572 3937 quod
1588 3839 1652 3927 sic,
1669 3837 1759 3936 quia
1774 3837 1806 3914 si
1820 3835 1982 3914 ulterius

392 3959 462 4036 fiat
477 3959 634 4036 donatio
647 3959 737 4036 iicet
749 3957 925 4058 capitalis
940 3958 1116 4034 dominus
1126 3983 1181 4032 ex
1195 3957 1266 4033 hoc
1280 3957 1466 4032 damnum
1481 3965 1748 4055 consequatur,
1765 3965 1897 4033 tamen
1912 3981 1982 4055 per

390 4082 463 4158 hoc
479 4081 513 4158 ei
529 4106 608 4157 non
625 4079 841 4166 iniuriatur,
860 4077 1045 4177 quianon
1063 4101 1175 4152 omne
1193 4076 1378 4153 damnum
1395 4075 1541 4152 inducit
1559 4074 1750 4163 iniuriam,
1769 4075 1835 4151 sed
1854 4101 1876 4150 e
1893 4098 1981 4150 con·

390 4200 511 4277 trario
531 4198 670 4275 iniuria
690 4199 885 4274 damnum.
909 4195 1059 4272 Iniuria
1077 4205 1207 4272 autem
1227 4194 1301 4271 dici
1320 4194 1464 4293 poterit
1484 4219 1596 4270 omne
1616 4194 1657 4268 id
1676 4192 1779 4292 quod
1800 4217 1879 4269 non
1899 4193 1982 4268 iure

392 4320 450 4406 fit,
468 4326 571 4394 etex
587 4315 727 4392 iniuria
743 4315 916 4414 sequitur
932 4313 1031 4390 actio
1050 4313 1099 4389 ad
1115 4312 1327 4390 tollendam
1343 4311 1523 4388 iniuriam
1539 4322 1578 4388 et
1595 4311 1635 4386 id
1653 4312 1757 4410 quod
1775 4337 1854 4387 non
1872 4309 1984 4386 iure⁸⁴

392 4438 450 4525 fit,
464 4437 530 4513 sed
541 4435 607 4512 ubi
620 4437 805 4511 danmum
818 4442 857 4509 et
871 4433 979 4509 nulla
992 4431 1141 4520 iniuria,
1154 4457 1233 4508 non
1247 4429 1447 4530 sequitur⁸⁸
1462 4431 1561 4507 actio
1576 4430 1625 4506 ad
1639 4430 1853 4507 tollendum
1866 4454 1981 4505 nocu-

391 4562 566 4630 mentum
581 4578 653 4652 per
668 4552 771 4651 quod
787 4553 833 4628 fit
850 4553 1045 4628 damnum.
1066 4549 1144 4627 Sed
1161 4557 1292 4649 posset
1309 4547 1444 4648 aliquis
1463 4547 1586 4625 dicere
1604 4550 1708 4647 quod
1725 4574 1773 4626 ex
1790 4549 1861 4624 hoc
1878 4547 1982 4646 quod

392 4671 616 4748 donatarius
630 4670 791 4746 ulterius
805 4672 873 4746 dat
886 4679 925 4746 et
939 4669 1128 4745 transfert
1141 4693 1224 4745 rem
1237 4666 1449 4744 donatam⁸⁶
1465 4669 1515 4743 ad
1529 4666 1634 4755 alios,
1650 4667 1754 4766 quod
1768 4665 1839 4741 hoc
1855 4667 1983 4743 facere

393 4888 419 4925 ¹⁹
431 4894 508 4964 stne,
520 4889 615 4950 MSS.
628 4908 693 4950 var.
729 4885 794 4921 ²²²²²
806 4888 887 4962 Om.,
900 4887 970 4962 OB,
984 4886 1059 4947 ΜΒ.
1095 4885 1121 4919 ²²
1132 4885 1308 4959 tradiderit,
1323 4887 1392 4961 OB,
1407 4886 1482 4946 MB.
1518 4883 1828 4961 ”illud,MG,CM.
1865 4881 1983 4944 ¹⁴'¹⁸ad

392 5010 427 5052 se
444 4998 476 5052 et
494 4989 621 5052 heredes
640 5010 711 5052 suos
731 5011 798 5051 cum
816 4989 866 5064 de,
885 4990 963 5064 MG,
982 4990 1055 5050 CM.
1095 4986 1122 5021 '⁸
1134 4991 1251 5062 assisis,
1269 4988 1342 5060 OC;
1362 4991 1461 5063 assis,
1481 4987 1575 5049 MSS.
1595 5007 1660 5047 var.
1702 4984 1728 5020 'i
1739 4985 1855 5047 eisdem
1873 4985 1984 5060 modis,

393 5091 476 5165 MG;
497 5091 611 5152 eisdem
629 5090 727 5153 modis
748 5095 912 5166 amittItur,
932 5090 969 5152 V.
1013 5088 1264 5168 ²⁸¹³⁰adquiritur
1284 5111 1347 5150 non
1367 5110 1497 5168 corpore
1517 5095 1648 5165 tantum,
1668 5089 1707 5149 V.
1752 5087 1816 5123 Μ
1829 5091 1930 5149 animo
1952 5095 1984 5148 et

392 5211 523 5270 corpore
541 5193 591 5252 vel
611 5195 712 5254 animo
733 5198 865 5266 tantum,
885 5192 964 5265 cM;
985 5210 1114 5268 corpore
1135 5200 1166 5253 et
1186 5196 1287 5252 animo
1308 5191 1358 5252 vel
1379 5195 1480 5251 animo
1500 5198 1632 5265 uotum,
1653 5192 1730 5253 MG.
1773 5189 1800 5224 ⁸²
1812 5192 1892 5266 Om,
1914 5189 1984 5265 OB,

393 5291 468 5353 ΜΒ.
508 5291 802 5370 ⁸²commirssa,OA,
820 5293 886 5369 LA,
904 5293 982 5366 MG,
1000 5293 1073 5354 CM.
1113 5291 1139 5326 ⁸⁸
1150 5292 1267 5368 datum,
1284 5293 1323 5367 V,
1341 5293 1411 5368 OB,
1429 5294 1505 5367 MB,
1523 5293 1589 5354 CB.
1630 5291 1801 5368 '‘deiure,
1819 5291 1887 5369 OC,
1906 5293 1983 5368 MG,

393 5393 467 5454 CM.
503 5391 530 5426 ⁸⁶
542 5400 699 5471 sequatur,
713 5392 781 5455 OA.
818 5393 845 5428 ⁸⁶
856 5393 971 5471 datam,
986 5394 1055 5469 OB,
1070 5396 1146 5470 MB,
1161 5395 1227 5456 ΟΕ.
