4394 6342
859 456 1191 518 xmaunaaruu
1796 459 1820 534 7

230 612 278 687 F.
319 618 367 688 84
397 610 440 685 Si
458 609 634 685 dominus
653 609 800 685 medius
820 633 907 684 cum
926 607 1124 684 servitium
1141 605 1327 705 receperit
1348 631 1372 680 a
1391 613 1546 681 tenente
1566 630 1634 681 suo
1654 628 1733 680 non
1754 605 1819 682 ad·

494 727 722 825 quietaverit
737 752 825 802 eum
839 752 970 802 versus
986 726 1222 824 superiorem
1237 723 1446 800 dominum.

392 846 458 923 De
472 847 545 922 illis
561 847 626 944 qui
640 853 823 921 tenentur
836 847 886 921 ad
901 853 1183 920 sacramentum
1198 842 1405 920 fidelitatis.

392 966 458 1042 De
471 964 619 1042 releviis
632 964 780 1040 dandis.

394 1084 501 1173 Quid
517 1083 566 1159 sit
581 1082 806 1159 rationabile
821 1082 1015 1158 relevium.

394 1202 492 1291 Quis
506 1211 686 1278 teneatur
699 1202 750 1278 ad
765 1201 957 1278 relevium.

393 1320 545 1409 Quibus
560 1329 750 1397 teneatur.

394 1440 498 1515 Item
513 1438 699 1538 quotiens.

395 1558 498 1634 Item
512 1558 678 1656 quando.

231 1680 278 1755 F.
319 1687 367 1755 85
397 1678 440 1753 si
453 1679 500 1754 de
514 1677 666 1773 socagio
680 1675 763 1751 dari
777 1673 914 1750 debeat
929 1673 1112 1749 relevium
1126 1673 1282 1771 etquid.

230 1798 278 1873 F.
319 1804 367 1872 86
396 1796 438 1871 Si
451 1797 498 1872 de
512 1795 615 1870 feodi
629 1795 743 1870 firma
755 1802 793 1870 et
806 1794 909 1891 quid.

391 1913 456 1990 De
469 1914 644 1990 custodia
656 1912 851 1988 heredum.

229 2034 278 2110 F.
318 2039 366 2114 87
392 2033 457 2109 De
472 2033 610 2108 herede
628 2031 860 2117 sokemanni‚
879 2028 949 2106 sub
966 2029 1073 2104 cuius
1090 2028 1263 2104 custodia
1280 2054 1360 2104 esse
1378 2028 1525 2104 debeat.

229 2154 277 2229 F.
318 2161 366 2229 88
392 2151 457 2228 De
471 2150 684 2248 maritagiis
701 2150 884 2225 heredum
899 2159 939 2224 et
957 2150 1006 2224 ad
1023 2173 1136 2246 quem
1153 2147 1346 2245 pertinere
1363 2147 1499 2222 debeat
1517 2146 1776 2243 maritagium.

230 2274 278 2350 F.
318 2281 366 2349 89
396 2273 438 2348 si
464 2272 593 2369 plures
619 2279 658 2345 et
685 2269 841 2344 diversae
866 2267 1096 2342 hereditates
1122 2266 1199 2342 sint
1226 2265 1338 2341 alicui
1364 2266 1635 2342 descendentes
1661 2275 1743 2342 tam
1769 2291 1818 2340 ex

492 2397 605 2488 parte
621 2389 744 2488 patris
761 2411 877 2485 quam
893 2412 941 2463 ex
959 2393 1070 2484 parte
1086 2385 1231 2460 matris.

392 2508 562 2597 Quando
585 2506 744 2583 feodum
767 2506 925 2581 alicuius
948 2502 1180 2580 deliberetur
1203 2503 1306 2602 quod
1330 2504 1380 2579 ad
1404 2502 1602 2578 dominum
1626 2502 1818 2602 pertineat

491 2625 739 2723 maritagium
753 2624 912 2699 heredis.

393 2748 495 2824 Cum
508 2744 638 2844 plures
651 2744 727 2820 sint
740 2742 884 2819 domini
897 2740 1080 2840 capitales
1093 2748 1175 2816 tam
1188 2766 1236 2816 ex
1250 2749 1362 2839 parte
1376 2740 1498 2838 patris
1513 2765 1629 2838 quam
1644 2766 1692 2816 ex
1705 2748 1818 2838 parte

491 2862 637 2939 matris.

229 2988 277 3064 F.
317 2996 366 3063 90
394 2988 496 3064 Cum
520 2992 649 3060 autem
673 2981 921 3079 marilegium
946 2989 1114 3080 petatur,
1140 2980 1261 3056 refert
1287 2980 1370 3078 quis
1397 2979 1516 3055 fuerit
1542 2979 1583 3054 in
1608 2978 1746 3055 seisina
1769 2979 1818 3054 de

492 3103 640 3192 herede,
656 3127 756 3178 unus
771 3127 820 3177 ex
837 3099 999 3176 dominis
1015 3100 1076 3175 vel
1091 3108 1309 3175 extraneus.

228 3227 277 3304 F.
316 3235 364 3302 91
391 3226 460 3302 Ad
476 3250 590 3323 quem
606 3223 798 3322 pertineat
815 3220 1063 3318 maritagium
1079 3221 1126 3296 de
1144 3219 1306 3316 socagio.

391 3343 568 3419 Provisio
585 3343 616 3418 si
633 3342 717 3440 quis
734 3341 912 3416 heredem
929 3337 1174 3414 subtraxerit.

230 3468 277 3542 F.
317 3474 365 3542 92
391 3465 457 3542 De
478 3463 747 3540 donationibus
770 3468 932 3561 propter
953 3459 1110 3559 nuptias
1132 3459 1181 3533 ob
1203 3483 1357 3533 eausam
1380 3458 1480 3533 dotis
1502 3467 1541 3534 et
1562 3457 1611 3534 de
1634 3456 1816 3532 constitu-

491 3582 595 3658 tione
612 3580 723 3657 dotis.

392 3701 499 3790 Quid
518 3700 568 3776 sit
585 3699 666 3774 dos

392 3819 499 3909 Quid
515 3820 564 3895 sit
580 3817 815 3894 rationabilis
832 3817 912 3892 dos.

392 3927 491 4027 Quis
506 3937 627 4036 possit
643 3937 773 4012 dotem
787 3934 1030 4010 constituere.

393 4055 496 4132 Item
512 4056 667 4153 quando
681 4063 721 4129 et
736 4053 811 4128 ubi.

390 4175 455 4251 De
473 4173 622 4249 duabus
641 4171 835 4271 speciebus
854 4168 963 4246 dotis.

391 4292 455 4369 De
472 4318 548 4390 qua
565 4317 617 4366 re.

228 4416 277 4493 F.
316 4422 365 4490 96
392 4413 510 4502 Quod
532 4437 631 4487 uxor
653 4411 769 4486 vidua
790 4434 987 4484 remanere
1009 4407 1122 4483 debet
1144 4406 1184 4484 in
1206 4405 1363 4504 capitali
1383 4406 1580 4504 mesuagio
1603 4432 1674 4506 per
1695 4406 1816 4504 quad-

491 4528 646 4626 raginta
661 4528 740 4604 dies
755 4536 843 4626 post
857 4535 1021 4603 mortem
1034 4525 1106 4601 viri
1121 4527 1241 4601 donec
1255 4526 1324 4602 dos
1340 4551 1411 4601 sua
1423 4525 1543 4601 fuerit
1558 4524 1592 4601 ei
1608 4525 1815 4623 assignata.

391 4649 570 4739 Qualiter
586 4650 654 4724 dos
668 4646 788 4723 fuerit
803 4647 838 4721 ei
852 4645 1095 4742 assignanda.

228 4773 276 4848 F.
316 4779 365 4847 98
392 4769 510 4858 Quod
526 4771 594 4844 dos
609 4768 729 4843 libera
743 4791 823 4842 esse
838 4767 986 4842 debeat.

390 4889 455 4964 De
472 4885 683 4963 actionibus
700 4895 738 4962 et
755 4885 846 4984 quid
864 4885 913 4962 sit
930 4885 1039 4961 actio.

228 5013 276 5088 F.
316 5019 364 5086 99
392 5010 510 5086 Unde
526 5008 625 5084 aetio
641 5006 798 5082 oriatur.

391 5127 497 5217 Quid
514 5128 563 5202 sit
578 5124 761 5222 obligatio
776 5135 814 5201 et
830 5122 994 5221 qualiter
1009 5121 1270 5199 contrahatur.

393 5246 437 5321 Si
451 5247 521 5321 fiat
539 5242 737 5342 stipulatio
754 5242 824 5318 sub
841 5241 1071 5317 condicione.

391 5365 516 5440 Facta
530 5363 571 5438 in
586 5361 873 5460 stipulationem
887 5360 1142 5436 deducuntur.
