4432 6340
399 501 474 570 223
932 495 1154 558 sanctos:
1177 496 1237 558 nn
1261 497 1454 560 atomus

501 645 608 738 Quia
623 645 673 722 rit
690 645 911 746 homnpiam
927 657 966 726 et
983 647 1148 746 qualiter
1164 646 1425 725 contrahatur.

399 763 514 852 Qum
536 763 586 842 sit
605 763 848 862 homagium?
872 765 1107 842 Sciendum⁸⁸
1129 765 1233 865 quod
1255 765 1477 864 homagium
1498 775 1558 844 est
1579 765 1672 844 iuris
1694 767 1890 844 vinculum
1912 793 1990 867 quo

399 880 483 980 quis
498 891 654 960 tenetur
668 892 708 960 et
722 883 952 983 astringitur
968 885 1018 962 ad
1033 884 1374 975 warantizandum,
1392 885 1691 974 defendendum,
1708 897 1748 964 et
1765 888 1988 987 adquietan·

399 1002 492 1079 dum
510 1011 706 1082 tenentem
726 1003 899 1080 suumin
920 1003 1057 1080 saisina
1077 1028 1147 1080 sua
1166 1029 1298 1081 versus
1319 1029 1450 1080 omnes
1472 1030 1542 1103 per
1562 1014 1711 1082 certum
1731 1005 1928 1082 servitium
1948 1007 1989 1082 in

398 1123 604 1201 donatione
621 1123 861 1199 nominatum
878 1131 917 1199 et
935 1148 1171 1222 expressum,
1189 1133 1228 1201 et
1245 1122 1361 1200 etiam
1380 1123 1460 1200 vice
1478 1149 1589 1200 versa
1606 1149 1683 1222 quo
1700 1133 1835 1201 tenens
1852 1124 1987 1201 reobli·

397 1255 516 1345 gatur
530 1256 569 1324 et
583 1244 812 1342 astringitur
827 1245 877 1321 ad
891 1244 1009 1320 fidem
1023 1242 1179 1320 domino
1194 1269 1263 1320 suo
1278 1242 1534 1320 servandam”
1548 1253 1588 1320 et
1604 1244 1802 1321 servitium
1816 1245 1988 1322 debitum

398 1366 629 1444 faciendum.
664 1367 768 1442 Item
799 1364 1040 1442 contrahitur
1072 1363 1294 1462 homagium
1329 1365 1377 1440 dc
1410 1364 1611 1463 utriusque
1644 1363 1872 1442 voluntate⁸⁸
1906 1375 1988 1443 tam

397 1488 542 1565 domini
561 1513 678 1587 quam
697 1487 864 1564 tenentis
883 1512 954 1587 per
972 1485 1205 1564 contrariam
1225 1487 1425 1586 utriusque
1445 1486 1686 1564 voluntatem
1707 1486 1989 1565 dissolvendam

397 1609 429 1686 si
449 1617 612 1708 uterque
632 1607 807 1685 voluerit.
829 1609 924 1684 Non
945 1606 1074 1684 enim⁸⁸
1096 1607 1235 1684 sufficit
1256 1607 1287 1684 si
1307 1632 1408 1684 unus
1430 1615 1584 1684 tantum
1606 1608 1677 1682 hoc
1697 1607 1874 1697 voluerit,
1898 1608 1988 1710 quia

396 1728 490 1806 nihil
511 1737 594 1806 tam
615 1729 842 1806 conveniens
865 1729 951 1806 est⁴⁰
972 1729 1142 1805 naturali
1164 1728 1335 1827 equitati
1357 1738 1535 1805 etcetera.
1560 1729 1638 1805 Est
1661 1728 1790 1828 itaque
1814 1738 1927 1807 tanta
1947 1738 1988 1806 et

396 1849 485 1928 talis
502 1849 689 1926 connexio
705 1875 776 1949 per
793 1849 1015 1947 homagium
1031 1849 1133 1926 inter
1150 1847 1349 1925 dominum
1365 1858 1404 1926 et
1421 1859 1617 1926 tenentem
1635 1875 1759 1938 suum,
1780 1849 1883 1949 quod
1902 1861 1987 1928 tan·

395 1981 481 2050 tum
497 1971 610 2048 debet
627 1971 804 2048 dominus
820 1971 967 2048 tenenti
984 1979 1173 2070 quantum
1189 1979 1325 2047 tenens
1341 1969 1497 2047 domino
1514 1979 1656 2071 praeter
1674 1971 1795 2048 solam
1811 1996 1987 2048 reveren·

394 2090 502 2167 tiam.

497 2209 596 2304 Quo
610 2217 789 2286 terreatur
801 2207 1022 2306 homagium
1034 2231 1182 2308 capere.

398 2331 509 2406 Imm
526 2327 610 2426 quis
624 2335 803 2412 teneatur
817 2326 1039 2425 homagium
1053 2325 1211 2425 capere?
1227 2325 1285 2403 Et
1301 2325 1497 2403 sciendum
1512 2327 1616 2425 quod
1633 2326 1809 2404 dominus
1827 2327 1930 2404 feodi
1948 2336 1987 2403 et

396 2448 595 2538 feoffator,
611 2449 690 2526 sive
703 2448 753 2525 sit
766 2447 958 2526 masculus
975 2446 1053 2524 sive
1066 2447 1224 2536 femina,
1240 2447 1362 2524 maior
1376 2446 1438 2523 vel
1453 2447 1588 2524 minor.
1606 2447 1692 2524 Nec
1707 2448 1738 2524 si
1754 2448 1847 2526 dum
1862 2447 1987 2525 minor

395 2569 516 2647 fuerit
538 2569 761 2668 homagium
783 2569 939 2667 ceperit,
962 2568 1084 2645 maior
1107 2568 1235 2645 factus
1260 2568 1428 2666 allegare
1452 2567 1607 2667 potuit¹¹
1631 2576 1796 2657 atatem,
1820 2579 1859 2646 et
1883 2569 1986 2667 quod

395 2692 580 2789 deceptus
593 2690 672 2767 init
686 2689 842 2788 quando
854 2689 961 2766 infra
973 2697 1126 2766 aetatem
1139 2688 1362 2786 homagium
1375 2689 1489 2788 cepit,
1504 2689 1595 2788 quia
1609 2689 1650 2765 in
1664 2689 1843 2790 captione
1856 2690 1986 2766 homa·

395 2811 450 2909 gii
464 2837 616 2910 semper
629 2810 1003 2908 subintellegendum
1018 2810 1090 2887 erit
1106 2810 1210 2909 quod
1224 2809 1295 2886 hoc
1310 2811 1356 2887 flt
1373 2810 1479 2887 salvo
1495 2810 1578 2886 iure
1594 2809 1811 2887 cuiuslibet:
1828 2820 1867 2888 et
1884 2810 1987 2887 unde

396 2932 427 3008 si
447 2931 549 3008 falsa
565 2939 674 3008 carta
691 2930 951 3019 intervenerit,
970 2954 1058 3007 cum
1074 2930 1201 3007 minor
1220 2930 1270 3006 ad
1288 2939 1442 3008 aetatem
1461 2931 1691 3030 pervenerit,
1710 2933 1822 3030 argui
1842 2932 1987 3031 poterit

395 3050 606 3130 falsitatis‘²
625 3075 705 3126 non
723 3051 901 3128 obstante
919 3050 1109 3148 homagio.
1133 3048 1239 3128 Sed⁴⁸
1259 3051 1290 3128 si
1310 3059 1445 3128 contra
1465 3051 1653 3129 actionem
1674 3050 1917 3150 excipiatur⁴⁴
1938 3053 1987 3128 de

395 3171 585 3271 homagio,
604 3170 767 3248 contra⁴⁸
785 3170 1008 3270 homagium
1027 3171 1235 3270 replicetur
1255 3173 1302 3250 de
1321 3171 1488 3248 minori⁴⁶
1507 3181 1631 3261 aetate,
1653 3171 1783 3272 quod⁴¹
1803 3172 1987 3272 quidem⁴⁸

396 3317 477 3371 csse
496 3292 602 3369 non⁴⁹
621 3293 765 3393 poterit
783 3293 824 3368 in
841 3293 997 3382 maiore,
1017 3292 1110 3392 qui⁶⁰
1129 3293 1310 3391 ignorare
1327 3318 1408 3370 non
1427 3293 1540 3370 debet
1559 3294 1666 3370 cuius
1686 3292 1916 3371 condicionis
1937 3295 1987 3370 ait

396 3413 460 3490 ille
477 3412 585 3491 cuius
602 3412 825 3512 homagium
841 3413 997 3514 ceperit.

496 3533 596 3628 Qua
614 3543 792 3612 teneatur
809 3533 1030 3634 hoompiam
1046 3535 1187 3630 facere.

397 3656 510 3731 Iram
533 3654 767 3733 videndum⁸²
792 3655 875 3754 quis
899 3665 1029 3755 potest
1050 3657 1273 3755 homagium
1297 3657 1436 3733 iacere.
1461 3657 1519 3734 Et
1543 3657 1739 3733 sciendum
1764 3659 1867 3755 quod
1890 3655 1987 3732 liber

394 3775 508 3852 homo
523 3786 606 3853 tam
621 3777 813 3853 masculus
830 3803 945 3876 quam
962 3777 1147 3865 femina,⁸²
1164 3778 1322 3854 clericus
1339 3788 1378 3855 et
1394 3779 1525 3866 laicus,
1542 3779 1665 3854 maior
1682 3787 1721 3855 et
1737 3778 1874 3866 minor,
1893 3779 1988 3855 dum

396 3905 528 3974 tamen
552 3896 661 3974 electi
688 3898 728 3974 in
753 3897 952 3998 episcopos
979 3909 1069 3997 post
1094 3899 1418 3976 consecrationem
1444 3899 1666 3997 homagium
1693 3923 1773 3974 non
1800 3895 1986 3986 iaciant,⁸⁸

396 4015 582 4115 quidquid
599 4015 790 4093 fecerint‘⁴
807 4026 909 4107 ante,
926 4019 993 4094 sed
1010 4026 1165 4096 tantum
1182 4018 1420 4094 fidelitatem.
1438 4019 1663 4094 Conventus
1681 4016 1838 4094 autem⁸⁸
1856 4017 1986 4093 homa-

395 4136 504 4233 gium
520 4162 599 4213 non
617 4137 739 4214 iacit⁵⁰
757 4139 805 4214 de
823 4139 916 4228 iure,
935 4139 1032 4216 sicut
1050 4163 1119 4214 nec
1138 4139 1256 4215 abbas
1273 4164 1342 4215 nec
1360 4139 1478 4238 prior,
1496 4165 1542 4215 eo
1560 4139 1664 4236 quod
1680 4148 1815 4215 tenent
1833 4138 1988 4214 nomine

396 4258 532 4347 alieno,
553 4258 694 4334 scilicet
713 4257 867 4335 nomine
887 4257 1142 4345 ecclesiarum,
1164 4257 1262 4335 sicut
1281 4257 1402 4334 videri
1423 4255 1593 4357 poterit⁶²
1615 4256 1655 4333 in
1675 4256 1761 4357 ipsa
1781 4257 1988 4334 donatione

396 4377 438 4453 in
457 4376 648 4476 principio
667 4376 896 4465 donationis,
916 4385 961 4453 ut
981 4377 1013 4453 si
1034 4377 1196 4466 dicatur,
1217 4376 1354 4453 Sciant
1375 4384 1553 4464 etcetero,
1575 4376 1680 4474 qaod
1699 4374 1789 4453 dedi
1809 4384 1989 4462 etcetera,

397 4493 467 4572 toli
485 4493 649 4570 eccleaioe
667 4504 706 4570 et
725 4494 795 4573 tati
812 4496 963 4584 rectori,
981 4494 1042 4571 vel
1061 4495 1130 4573 toli
1147 4495 1281 4594 priori,
1300 4495 1360 4571 vel
1381 4493 1477 4572 tatt‘
1497 4493 1628 4571 abbati
1646 4504 1685 4571 ct
1705 4493 1899 4571 mosacha
1917 4492 1986 4571 ibi·

397 4709 424 4744 ³⁸
435 4711 591 4772 sciendum
605 4718 662 4785 eat,
676 4711 834 4788 CE‚MG,
848 4712 921 4772 CM.
957 4709 983 4744 ⁸⁷
995 4709 1228 4788 observandam,
1242 4713 1320 4788 MG,
1336 4712 1410 4787 CM,
1425 4711 1463 4770 Y.
1501 4708 1697 4770 ⁸⁸voluntate
1711 4709 1839 4784 scilicet,
1854 4708 1933 4784 MG,
1948 4709 1988 4786 Y,

399 4812 472 4873 CM.
516 4809 635 4872 ⁸⁹enim
655 4811 724 4887 hoc,
746 4811 821 4886 MC,
843 4813 907 4873 LA.
951 4811 1071 4887 ⁴⁰0m.,
1092 4812 1161 4888 OB,
1184 4813 1263 4887 MG,
1286 4815 1361 4889 CM,
1383 4814 1423 4886 Y,
1448 4813 1513 4874 CB.
1559 4811 1584 4845 ⁴¹
1597 4815 1723 4891 poterit,
1747 4813 1825 4887 MG,
1849 4812 1924 4889 CM,
1948 4811 1986 4872 Y.

397 4909 571 4988 “falsitaa
589 4911 658 4988 OB,
677 4913 753 4986 MA,
771 4913 854 4986 MG;
873 4910 1054 4988 falsitatem,
1074 4915 1146 4975 CM.
1187 4913 1306 4991 ⁴⁸Om.,
1325 4914 1394 4990 OA,
1413 4914 1481 4990 LA,
1499 4914 1567 4991 OC,
1587 4914 1660 4975 MC.
1702 4912 1835 4974 ⁶⁸·“sed
1854 4917 1989 4991 accipiat

398 5017 559 5089 actionem,
577 5014 653 5088 MB,
671 5014 738 5075 MA
759 5014 830 5093 (sed
848 5016 912 5093 ai);
931 5016 986 5076 sed
1003 5019 1031 5076 ai
1048 5020 1221 5095 excipiatur
1239 5019 1364 5092 actioni,
1383 5017 1413 5076 Y
1419 5038 1428 5089 ;
1448 5024 1480 5077 et
1498 5020 1525 5076 ai
1544 5020 1728 5096 excipiatur,
1746 5017 1814 5078 OB.
1855 5014 1921 5050 ‘⁸⁴⁸
1932 5015 1989 5077 sed

397 5117 512 5175 actioni
523 5118 705 5193 excipiatur.
718 5121 836 5188 contra,
849 5114 915 5177 CB.
938 5113 966 5149 ⁴⁰
977 5121 1102 5190 maiore,
1116 5117 1194 5193 MG,
1209 5117 1281 5178 CM.
1317 5115 1567 5192 ‘¹-⁴⁸0m.,MG,
1586 5117 1641 5195 (4-
1653 5117 1716 5198 Y),
1731 5119 1805 5180 MB.
1829 5116 1897 5151 ²²²²²
1908 5118 1990 5193 Om.,

397 5212 472 5273 MA.
498 5211 618 5288 ⁴⁸om,
633 5216 701 5277 OB.
737 5214 851 5294 ⁸⁰quae,
867 5218 934 5292 LA,
950 5218 1022 5280 MC.
1049 5217 1251 5279 ⁸²ridendum
1267 5226 1325 5293 est,
1341 5220 1419 5295 MG,
1435 5221 1510 5293 CM,
1526 5220 1566 5293 Y,
1583 5221 1648 5282 ΟΕ.
1677 5218 1832 5281 ”femina
1849 5227 1892 5295 et,
1910 5220 1987 5295 MG,

397 5313 471 5388 CM,
488 5314 527 5375 Y.
565 5313 732 5392 ⁵⁸lacient,
749 5317 823 5393 CM,
840 5319 880 5391 Y,
896 5319 973 5379 MG.
1012 5317 1202 5392 ³⁴iecerant,
1218 5319 1285 5393 LA,
1303 5321 1376 5382 MC.
1416 5319 1557 5398 ³⁵etiam,
1575 5322 1653 5397 MG,
1672 5323 1746 5398 CM,
1764 5321 1803 5382 Y.
1842 5319 1987 5395 ⁸⁶faciet,

397 5413 476 5489 MG,
489 5412 534 5487 V;
549 5415 657 5490 iaciat,
671 5416 746 5477 MB.
782 5416 808 5451 ⁵²
820 5425 934 5494 potest,
949 5419 1027 5492 MG,
1042 5419 1114 5479 CM.
1152 5417 1180 5452 ⁸⁸
1190 5419 1270 5495 Om.,
1285 5421 1355 5495 OA,
1371 5423 1438 5499 LA,
1453 5424 1519 5485 OC.
