4432 6340
655 476 715 536 DE
739 475 1041 549 ADQUIBENDO
1064 476 1222 538 RERUM
1245 476 1448 538 DOMINiO
1777 486 1849 555 189

259 636 350 703 sunt
369 627 417 703 de
435 652 513 702 uno
531 626 675 726 stipite,
694 627 867 726 quamvis
887 627 1028 726 pares¹⁸
1047 627 1152 705 sint¹⁶
1171 628 1298 727 quoad
1318 628 1377 704 ius
1396 628 1672 726 possessorium
1692 637 1849 706 antena-

258 756 323 825 tus
338 757 377 825 et
391 756 608 847 postnatus,
624 746 825 846 quamvis¹⁷
841 748 1028 847 possessio
1043 749 1216 847 postnati
1232 747 1339 824 nulla
1354 745 1445 836 sit,²⁸
1460 774 1548 824 cum
1565 748 1614 825 sit
1629 749 1851 849 interrupta

258 893 330 967 per
347 867 572 966 diligentem
589 869 899 968 impetrationem
916 879 956 946 et
974 869 1199 967 diligentem
1217 869 1523 967 prosecutionem
1543 869 1726 946 antenati.
1748 871 1850 947 Cum

259 991 309 1068 sit
332 991 453 1089 igitur
475 990 583 1066 heres
607 989 848 1089 propinquus
872 988 1016 1089 poterit
1039 1015 1121 1066 esse
1144 989 1252 1066 heres
1276 999 1457 1066 remotus.
1484 991 1561 1067 Est
1586 999 1716 1067 autem
1740 990 1849 1067 heres

258 1121 440 1202 remotus,
460 1120 507 1186 ut
528 1111 558 1188 si
579 1111 664 1210 quis
685 1109 869 1188 haberet²⁰
892 1109 1023 1209 plures
1044 1110 1143 1186 iiiios
1165 1120 1203 1187 et
1225 1110 1378 1187 unicam
1399 1110 1531 1200 filiam,
1552 1111 1712 1188 masculi
1734 1121 1849 1189 erunt

257 1232 415 1309 heredes
433 1232 643 1332 propinqui
663 1240 702 1308 et
721 1229 801 1307 iilia
819 1229 928 1307 heres
947 1230 1135 1307 remota²⁰
1158 1231 1200 1307 Si
1221 1241 1350 1308 autem
1370 1231 1501 1330 plures
1522 1231 1621 1308 iiiios
1642 1243 1680 1310 et
1701 1231 1849 1309 nullam

257 1353 389 1441 filiam,
406 1354 473 1429 sed
487 1360 647 1451 nepotes
663 1378 712 1427 ex
728 1351 828 1440 filiis,
844 1351 913 1427 filii
928 1361 1043 1429 erunt
1059 1351 1216 1428 heredes
1234 1351 1442 1451 propinqui
1458 1361 1498 1428 et
1514 1362 1674 1451 nepotes
1690 1352 1848 1430 heredes

257 1471 405 1549 remoti.
427 1471 531 1548 Item
550 1469 623 1546 dici
643 1479 829 1570 poterunt
848 1469 1070 1547 remotiores
1091 1480 1269 1569 respectu
1288 1470 1473 1548 heredum
1493 1480 1728 1548 remotorum
1750 1471 1848 1548 sicut

257 1614 463 1689 pronepos,
481 1589 663 1688 abnepos,
682 1598 854 1686 atnepos,
873 1589 1057 1686 trinepos,
1076 1589 1185 1666 etsie
1203 1589 1362 1666 ulterius
1380 1589 1645 1667 descendendo
1662 1589 1704 1665 in
1722 1589 1847 1665 infini-

256 1718 342 1786 tum
358 1708 461 1784 linea
475 1717 591 1784 recta.
612 1707 655 1784 Si
672 1716 802 1784 autem
819 1706 888 1782 filii
906 1715 946 1782 et
963 1706 1043 1782 iiiia
1059 1716 1100 1783 et
1116 1715 1276 1805 nepotes
1295 1706 1517 1796 defecerint,
1536 1717 1630 1783 tunc
1648 1708 1721 1783 erit
1738 1707 1847 1784 heres

256 1826 498 1926 propinquus
513 1827 637 1902 frater
651 1835 689 1902 et
704 1850 813 1902 soror
825 1825 859 1901 ei
873 1825 939 1924 qui
954 1826 1073 1902 fuerit
1087 1825 1128 1900 in
1142 1825 1279 1901 seisina
1292 1825 1526 1902 hereditatis.
1544 1825 1586 1902 Si
1603 1836 1732 1903 autem
1747 1827 1847 1903 filios

255 1944 432 2022 habuerit
445 1944 644 2020 deficiente
657 1944 737 2020 filia
750 1951 789 2020 et
803 1943 1019 2042 nepotibus,
1034 1944 1106 2020 erit
1121 1943 1332 2021 avrmculus
1345 1943 1407 2020 vel
1421 1944 1540 2021 amita
1554 1944 1594 2020 in
1606 1944 1708 2021 linea
1720 1953 1846 2021 trans·

255 2063 394 2140 versali
408 2063 516 2140 heres
531 2071 713 2150 remotus,
729 2070 769 2138 et
784 2087 915 2138 omnes
932 2087 980 2137 ex
995 2060 1069 2138 illis
1086 2061 1381 2161 provenientes²¹
1397 2063 1439 2138 in
1453 2063 1588 2140 eadem
1604 2062 1706 2139 linea
1720 2072 1845 2141 trans·

255 2181 393 2257 versali
412 2188 527 2258 erunt
543 2180 700 2258 heredes
719 2180 953 2257 remotiores.
974 2179 1085 2255 Filiis
1104 2190 1234 2258 autem
1253 2191 1292 2258 et
1312 2180 1505 2269 filiabus,²²
1524 2191 1563 2258 et
1582 2181 1787 2281 nepotibus
1807 2191 1846 2260 et

255 2299 447 2399 neptibus,
463 2297 680 2375 avrmculo²⁸
697 2308 735 2377 et
751 2297 869 2374 amita
884 2297 1159 2387 deficientibus,
1175 2308 1269 2375 tunc
1283 2299 1357 2376 erit
1373 2299 1658 2399 proavunculus
1675 2310 1715 2378 et
1732 2325 1845 2400 proa-

254 2420 351 2496 mita
369 2420 477 2496 heres
498 2420 751 2519 propinquus,
771 2429 811 2497 et
832 2419 897 2495 alii
918 2421 1133 2518 superiores
1153 2421 1290 2497 remoti
1311 2430 1351 2497 et
1371 2421 1604 2499 remotiores.
1629 2423 1732 2498 Item
1755 2429 1846 2498 sunt

255 2540 464 2640 propinqui
485 2549 525 2618 et
545 2540 850 2640 propinquiores.
873 2540 1137 2640 Propinquior
1158 2549 1288 2617 autem
1309 2541 1384 2618 dici
1405 2541 1551 2640 poterit
1571 2540 1637 2617 ille
1658 2542 1709 2617 ad
1731 2566 1845 2640 quem

252 2663 312 2738 ius
328 2661 577 2761 proprietatis
593 2661 812 2738 immediate
827 2671 916 2760 post
932 2669 1097 2738 mortem
1114 2663 1361 2739 antecessoris
1379 2662 1586 2751 descendit,
1603 2663 1663 2738 vel
1682 2672 1844 2761 propter

253 2787 417 2856 aetatem.
437 2779 499 2858 Ut
518 2779 652 2878 siquis
672 2779 802 2878 plures
821 2778 979 2857 haberet
997 2779 1108 2869 iiiios,
1127 2779 1187 2856 ius
1206 2780 1456 2878 proprietatis
1477 2805 1628 2879 semper
1648 2780 1844 2858 descendit

254 2899 304 2974 ad
320 2898 633 2997 primogenitum,
650 2923 695 2975 eo
712 2899 816 2997 quod
833 2899 915 2997 ipse
932 2899 1110 2974 inventus
1126 2908 1186 2976 est
1202 2897 1329 2997 primo
1346 2899 1388 2975 in
1404 2923 1533 2975 rerum
1550 2908 1703 2988 natura,
1720 2906 1761 2976 et
1778 2899 1844 2975 alii

252 3015 506 3093 remanebunt
521 3017 556 3092 ei
573 3015 782 3116 propinqui
799 3016 859 3092 vel
876 3015 1181 3115 propinquiores,
1200 3016 1409 3094 secundum
1426 3018 1530 3115 quod
1546 3016 1685 3094 liberos
1702 3017 1842 3093 habue-

252 3135 304 3212 rit
317 3135 378 3211 vel
391 3160 470 3211 non
482 3134 670 3211 habuerit.
687 3135 730 3211 Si
744 3143 873 3212 autem
887 3136 927 3211 in
940 3134 1021 3212 vita
1035 3136 1158 3234 patris
1172 3134 1375 3212 decesserit
1389 3145 1594 3212 antenatus
1610 3135 1691 3213 sine
1704 3135 1843 3213 herede

252 3255 300 3330 de
321 3280 372 3343 se,
395 3255 520 3331 frater
540 3263 746 3352 postnatus
766 3252 893 3331 locum
915 3279 1028 3331 suum
1049 3253 1248 3343 obtinebit,
1272 3263 1311 3331 et
1333 3253 1489 3352 incipiet
1510 3278 1592 3330 esse
1614 3254 1719 3352 patri
1740 3279 1842 3331 com·

252 3374 360 3450 muni
381 3373 490 3450 heres
513 3371 778 3472 propinquior,
801 3381 841 3449 et
865 3371 929 3448 alii
951 3373 1125 3471 postnati
1148 3372 1368 3472 propinqui,
1393 3383 1431 3450 et
1454 3373 1508 3449 sic
1531 3372 1599 3450 fiet
1621 3373 1671 3449 de
1695 3372 1779 3448 aliis
1802 3373 1842 3448 in

250 3493 456 3570 infinitum.
482 3491 525 3568 Si
546 3500 676 3568 autem
698 3491 822 3567 frater
842 3499 1048 3568 antenatus
1070 3491 1110 3565 in
1131 3491 1212 3568 vita
1235 3491 1357 3590 patris
1379 3491 1590 3569 communis
1612 3490 1760 3579 obierit,
1783 3516 1840 3567 re·

250 3611 341 3687 licto
361 3610 499 3687 herede
519 3609 566 3687 de
587 3636 638 3698 se,
658 3634 778 3708 nepos
798 3607 860 3685 vel
879 3609 1007 3708 neptis
1026 3635 1076 3686 ex
1095 3634 1140 3686 eo
1161 3607 1323 3708 incipit²‘
1343 3635 1424 3687 esse
1444 3608 1485 3685 in
1505 3619 1698 3708 potestate
1720 3610 1781 3685 ari
1802 3618 1842 3687 et

250 3729 358 3807 heres
375 3727 630 3828 propinquior
646 3754 730 3816 avo,
748 3736 912 3827 propter
927 3727 986 3804 ius
1003 3727 1253 3826 proprietatis
1270 3729 1375 3826 quod
1390 3726 1426 3805 ei
1443 3729 1650 3816 descendit,
1667 3727 1841 3826 quamvis

250 3849 377 3947 gradu
398 3847 591 3936 remotior,
613 3856 652 3923 et
673 3846 884 3923 avunculus
905 3845 967 3923 vel
986 3847 1106 3923 amita
1125 3846 1234 3923 heres
1256 3846 1499 3945 propinquus
1520 3854 1560 3922 et
1580 3871 1659 3922 non
1681 3845 1840 3945 propin·

250 3967 372 4065 quior,
393 3965 566 4064 quamvis
586 3966 712 4064 gradu
732 3964 997 4064 propinquior.
1018 3964 1077 4041 Et
1097 3965 1200 4041 unde
1222 3964 1253 4040 si
1274 3964 1485 4041 avimcrdus
1505 3964 1567 4040 vel
1588 3965 1707 4041 amita
1728 3973 1841 4041 extra

250 4085 427 4162 seisinam
440 4092 550 4184 petat
562 4110 694 4161 versus
706 4091 888 4182 nepotem
899 4081 962 4159 vel
974 4091 1132 4181 neptem
1145 4082 1211 4181 qui
1224 4081 1344 4158 fuerit
1357 4082 1399 4158 in
1413 4081 1561 4171 saisina,
1576 4083 1744 4160 obstabit
1758 4081 1839 4158 eis²⁸

249 4202 426 4301 exceptio
452 4201 713 4302 proprietatis,
740 4209 780 4278 et
806 4201 909 4300 quod
935 4200 1092 4277 heredes
1118 4200 1413 4299 propinquiores
1440 4225 1627 4276 essenon
1654 4209 1839 4299 poterunt

250 4323 461 4400 avrmcrdus
479 4321 541 4398 rel
560 4320 689 4397 amita.
709 4319 768 4396 Et
785 4319 920 4396 eodem
938 4319 1053 4395 modo
1073 4319 1104 4394 si
1123 4327 1261 4417 petant
1280 4343 1411 4395 versus
1431 4327 1634 4396 extraneas
1654 4343 1838 4417 personas

248 4441 416 4519 obstabit
436 4439 612 4539 exceptio
634 4437 895 4538 proprietatis,
918 4434 1035 4536 quia²'
1057 4461 1178 4536 nepos
1200 4436 1260 4512 vel
1282 4434 1409 4536 neptis
1432 4435 1493 4512 vel
1516 4437 1612 4513 alius
1633 4437 1757 4514 maius
1779 4435 1837 4514 ius

248 4557 421 4636 habuit.²²
449 4558 491 4634 Si
515 4566 646 4635 autem
670 4555 882 4633 eumculus
905 4554 967 4632 vel
992 4554 1111 4632 amita
1134 4554 1361 4654 priusquam
1384 4579 1505 4654 nepos
1531 4555 1591 4631 vel
1616 4556 1744 4655 neptis
1769 4554 1839 4632 se²⁸

248 4679 277 4756 f.
293 4679 362 4771 65]
417 4677 590 4775 posuerit
607 4676 648 4752 in
664 4675 852 4763 seisinam,
868 4684 961 4751 tunc
979 4674 1049 4750 fiat
1066 4698 1139 4772 per
1154 4673 1294 4762 omnia,
1312 4674 1522 4751 secundum
1540 4676 1643 4774 quod
1662 4674 1837 4774 superius

247 4895 314 4930 ²²²²²
326 4897 406 4973 Om.‚
421 4897 599 4975 LA3pares
614 4914 705 4969 nunc,
719 4894 794 4966 OA;
809 4913 901 4972 pares
916 4899 999 4969 aunt,
1013 4892 1054 4967 V,
1068 4892 1138 4965 OB,
1153 4891 1218 4952 00.
1256 4889 1408 4967 ¹²tamen,
1424 4891 1468 4965 V;
1484 4895 1567 4969 qnia,
1583 4891 1647 4952 LA.
1685 4891 1781 4970 ²⁸est,
1797 4893 1837 4968 V,

247 4997 317 5072 OB,
329 4998 405 5073 MA,
418 4997 494 5072 MB,
507 4996 573 5071 οΕ,
585 4994 653 5070 00,
665 4995 732 5070 LA,
744 4995 817 5056 MC.
852 4991 879 5028 ²⁹
891 4993 1043 5069 habuerit,
1056 4994 1126 5068 OA,
1139 4992 1206 5066 LA,
1219 4991 1287 5066 00,
1300 4994 1373 5054 Μο.
1409 4991 1435 5026 ²⁰
1447 4999 1593 5070 remotus,
1606 4992 1675 5069 OA,
1689 4995 1756 5071 LA,
1769 4995 1836 5072 00,

247 5099 325 5172 MG,
338 5097 405 5173 οΕ,
418 5097 493 5171 CM,
506 5097 581 5172 MC,
595 5097 661 5157 MA
678 5096 773 5173 (corr.
788 5095 881 5172 eta).
906 5094 932 5129 ²²
944 5098 1112 5168 venientes,
1122 5093 1200 5167 MG,
1209 5094 1250 5167 Y,
1259 5094 1332 5156 CM.
1358 5092 1423 5127 ²²²²²
1435 5093 1557 5156 filiabus
1567 5095 1731 5174 nepotibus
1741 5116 1836 5157 arun·

245 5198 325 5274 culo,
343 5197 383 5273 V,
401 5198 471 5272 OB,
490 5197 567 5274 MA,
586 5196 663 5273 ΜΒ,
682 5196 750 5272 οΕ,
769 5196 810 5273 Y,
829 5197 910 5269 CM;
930 5195 1094 5274 nepotibus
1114 5195 1278 5274 nepotibus
1298 5196 1458 5272 avunculo,
1479 5197 1556 5258 MG.
1598 5196 1624 5231 ²⁴
1636 5202 1775 5277 incipiet,
1795 5198 1836 5275 V,

245 5299 315 5374 OB,
335 5299 417 5372 MB;
438 5298 520 5376 quod
539 5301 661 5376 incipit,
681 5298 758 5360 Mo.
800 5296 878 5372 Vei,
898 5296 967 5372 OB,
987 5298 1055 5374 00,
1076 5297 1151 5372 CM,
1172 5297 1239 5373 CB,
1259 5298 1298 5358 Y.
1341 5295 1472 5375 ²⁸quod,
1492 5299 1561 5375 OA,
1583 5300 1649 5376 LA,
1671 5301 1738 5376 00,
1761 5303 1833 5364 Μο.

245 5399 271 5434 ²⁷
283 5399 436 5477 habuerit,
449 5401 518 5477 OA,
532 5399 602 5477 OB,
616 5400 684 5476 00,
697 5401 765 5475 LA,
780 5400 853 5461 MC.
890 5396 916 5432 '⁸
928 5401 1009 5476 Om.‚
1025 5399 1103 5474 MG,
1118 5400 1191 5461 οΜ.
