4394 6342
878 513 1208 578 KALENDARIUM
1790 520 1837 587 15

515 657 690 753 quaedam
718 661 899 758 speciales
928 675 967 741 et
995 666 1163 748 diversa.
1194 666 1402 742 secundum
1431 664 1692 741 diversitatem
1721 660 1838 760 placi·

513 782 643 851 torum
661 786 700 852 et
718 779 971 876 appellorum.

414 890 550 968 Prima
572 896 748 994 exceptio
771 907 810 974 et
832 903 1022 997 generalis
1046 903 1086 978 in
1108 905 1211 978 omni
1236 903 1390 1002 appello
1414 902 1462 978 de
1486 911 1600 988 secta,
1625 901 1655 976 si
1679 900 1776 976 bene
1798 909 1838 976 et

514 1016 724 1092 secundum
740 1016 865 1114 legem
879 1027 993 1096 terra
1009 1023 1114 1098 iacta
1131 1023 1190 1098 sit.

248 1128 298 1206 F.
314 1135 387 1204 140
416 1129 458 1205 Si
492 1130 539 1206 de
574 1133 732 1208 recordo
765 1135 866 1210 inter
900 1138 1122 1214 iustitiarios
1155 1139 1349 1216 contentio
1384 1139 1582 1226 habeatur,
1618 1147 1711 1214 tunc
1746 1137 1840 1237 quid

513 1250 707 1346 agendum
725 1253 786 1329 sit.

413 1367 508 1443 Non
535 1377 666 1467 potest
695 1372 779 1469 quis
810 1373 850 1448 in
880 1375 1035 1472 appello
1067 1401 1135 1452 suo
1166 1378 1314 1452 variare
1345 1402 1414 1450 nec
1446 1375 1645 1474 appellum
1675 1386 1838 1452 mutare.

512 1486 665 1566 Poterit
681 1490 828 1568 adicere
843 1501 882 1568 et
898 1518 1108 1570 accrescere
1124 1495 1322 1593 appellum
1338 1505 1376 1572 et
1392 1519 1470 1568 non
1486 1495 1667 1570 minuere.

413 1605 562 1683 Contra
583 1608 781 1801 aplpellum
802 1612 946 1709 poterit
967 1613 1143 1710 excipere
1165 1611 1396 1711 appellatus.
1420 1612 1681 1710 Exceptiones
1703 1620 1839 1686 contra

513 1750 615 1823 appe
644 1753 722 1803 um.

248 1844 297 1919 F.
314 1851 384 1920 141
412 1844 675 1943 Exceptiones
692 1847 796 1944 quod
813 1846 1012 1944 appellum
1029 1873 1107 1924 non
1124 1850 1232 1924 iacet.

414 1964 457 2040 si
471 1963 673 2063 appellans
688 1991 728 2040 se
743 1965 966 2040 retraxerit:
983 1966 1088 2042 aliud
1103 1977 1161 2042 est
1178 1967 1208 2042 si
1224 1967 1410 2042 defaltam
1429 1967 1573 2042 iecerit.

413 2082 514 2159 Cum
528 2083 637 2159 nulla
651 2084 700 2160 sit
715 2083 902 2181 exceptio,
917 2093 1012 2158 tunc
1027 2084 1158 2160 statim
1173 2085 1352 2162 vadiatur
1368 2085 1550 2162 duellum.

411 2202 558 2278 Forma
573 2203 800 2278 sacramenti
816 2203 904 2279 talis
919 2211 987 2278 est.

411 2321 536 2397 Facto
557 2331 796 2398 sacramento
816 2348 865 2397 ex
886 2331 1050 2419 utraque
1071 2331 1195 2420 parte,
1219 2323 1350 2398 statim
1372 2323 1637 2398 committatur
1659 2322 1840 2396 defensor

512 2439 661 2516 duobus
677 2438 872 2514 militibus.

248 2558 297 2634 F.
314 2565 385 2633 142
415 2559 708 2634 Sacramentum
724 2557 944 2634 faciendum
959 2559 1000 2634 in
1015 2583 1163 2657 campa.

412 2676 505 2753 Fiat
519 2678 669 2752 bannus
685 2677 797 2774 regis.

415 2797 457 2871 si
475 2794 695 2894 appellatus
713 2795 836 2871 victus
856 2795 986 2870 fuerit.

416 2914 459 2990 Si
473 2913 675 3013 appellans
690 2913 731 2989 in
745 2937 883 3012 campo
898 2938 938 2988 se
953 2912 1168 2988 retraxerit.

329 3125 333 3136 .
415 3032 516 3109 Cum
537 3057 668 3108 omnes
689 3033 737 3108 de
759 3033 865 3107 facto
885 3031 976 3107 victi
998 3030 1157 3121 fuerint,
1178 3041 1271 3108 tunc
1294 3032 1526 3129 procedatur
1547 3041 1683 3108 contra
1704 3057 1768 3108 eos
1791 3033 1839 3108 de

513 3151 646 3227 forcia.

417 3270 709 3346 Sacramentum
725 3268 946 3345 faciendum
961 3268 1010 3344 ab
1025 3268 1259 3367 appellante.

419 3388 460 3463 Si
482 3387 682 3486 appellans
704 3388 752 3464 de
773 3388 879 3463 facto
901 3388 1024 3464 victus
1046 3386 1166 3463 fuerit
1187 3387 1247 3463 vel
1269 3413 1308 3463 se
1330 3388 1548 3476 retraxerit,
1571 3387 1626 3462 illi
1647 3387 1695 3464 de
1719 3388 1841 3464 forcia

515 3531 586 3604 per
600 3507 671 3582 hoc
688 3505 912 3582 liberantur.

418 3626 460 3701 Si
475 3625 601 3723 primo
617 3624 818 3723 appellans
832 3624 881 3700 de
897 3625 1002 3700 facto
1017 3632 1194 3700 mortuus
1210 3624 1330 3700 fuerit
1345 3624 1406 3700 vel
1423 3624 1610 3700 defaltam
1627 3625 1772 3700 fecerit.

415 3744 504 3821 Rex
519 3751 648 3842 potest
663 3742 869 3841 procedere
885 3769 933 3818 ex
950 3741 1072 3819 officio
1088 3768 1168 3819 suo.

417 3864 520 3939 Item
537 3862 760 3939 defenditur
776 3862 860 3960 quis
878 3863 927 3937 ab
944 3862 1099 3960 appello
1117 3870 1280 3960 propter
1295 3859 1538 3938 mahemium.

253 3982 302 4057 F.
319 3989 391 4057 143
420 3982 462 4056 si
477 3980 614 4056 mulier
630 3981 794 4078 pervim
811 4004 1007 4077 oppressa.

416 4100 480 4175 De
494 4098 687 4175 indictatis
702 4125 773 4197 per
788 4098 934 4174 famam
950 4095 1085 4195 patriae
1100 4121 1148 4173 ex
1164 4097 1389 4194 suspicione.

415 4217 637 4315 Diligenter
660 4217 930 4316 inquirendum
955 4242 979 4289 a
1003 4215 1140 4313 quibus
1164 4214 1365 4291 didicerint
1390 4216 1430 4291 id
1455 4216 1558 4313 quod
1583 4215 1727 4303 dicunt,
1753 4217 1842 4315 quia

516 4335 672 4434 quidam
693 4334 935 4411 mentiuntur
956 4360 1028 4432 per
1049 4335 1190 4422 odium,
1214 4333 1370 4433 quidam
1392 4343 1555 4432 propter
1577 4335 1840 4433 cupiditatem.

416 4454 547 4530 Debet
572 4480 596 4529 a
620 4453 831 4530 iustitiariis
857 4453 930 4529 dici
956 4455 990 4529 ei
1015 4453 1080 4552 qui
1106 4463 1305 4551 suspectus
1331 4453 1506 4542 habetur,
1532 4454 1635 4552 quod
1662 4479 1792 4530 omnes
1820 4479 1843 4529 a

516 4571 644 4648 iurata
687 4580 862 4647 amoveat
903 4595 999 4670 quos
1042 4572 1170 4670 aliqua
1212 4570 1412 4648 sufficienti
1454 4573 1603 4648 ratione
1646 4582 1842 4671 suspectos

517 4690 703 4766 habuerit.

417 4808 535 4898 Quod
551 4809 691 4884 villatae
707 4809 889 4885 iurabunt
904 4835 975 4907 per
990 4835 1030 4884 se
1044 4808 1105 4883 vel
1121 4833 1251 4884 omnes
1268 4808 1382 4884 simul
1396 4808 1530 4885 erectis
1546 4805 1734 4885 manibus.

417 4927 564 5002 Forma
580 4928 807 5003 sacramenti
823 4925 901 5001 haec
916 4936 985 5002 est.

417 5046 548 5121 Verba
585 5071 669 5143 quae
705 5071 729 5120 a
765 5044 976 5121 iustitiariis
1014 5045 1267 5143 proponenda
1305 5052 1396 5119 sunt
1433 5053 1523 5143 post
1561 5054 1843 5121 sacramentum

518 5165 677 5240 factum.

418 5281 620 5358 Generalis
658 5284 785 5358 forma
823 5281 1061 5358 observanda
1099 5281 1141 5355 in
1179 5280 1425 5357 sacramentis
1464 5305 1593 5356 coram
1630 5280 1843 5358 iustitiariis

518 5400 714 5477 faciendis.
