4432 6340
684 470 744 529 DE
768 468 1070 541 ADQUIRENDO
1093 470 1250 530 RERUM
1274 468 1476 530 DOMINIO
1805 472 1877 546 177

288 620 382 696 iuris
401 621 448 697 de
467 620 605 719 quibus
624 620 707 697 fieri
726 620 864 696 debeat
882 620 1122 696 confirmatio
1143 621 1203 697 vel
1222 619 1445 719 recognitio,
1466 629 1505 696 et
1525 620 1659 696 eodem
1679 619 1794 694 modo
1814 618 1878 694 ille

289 740 349 816 cui
366 742 424 830 fit,
443 741 534 839 quia
549 741 580 817 si
597 740 726 817 nullus
744 766 823 817 non
839 740 982 817 valebit
1001 742 1104 840 quod
1122 751 1251 818 actum
1269 739 1381 818 erit.¹⁸
1401 741 1505 816 Item
1524 741 1608 815 fieri
1626 739 1770 838 poterit
1789 764 1877 815 con·

289 860 457 936 firmatio
482 859 535 936 sic
559 860 662 958 quod
687 859 928 935 confirmatio
954 860 1169 959 dependeat
1193 885 1243 936 ex
1268 859 1395 958 prima
1420 858 1637 947 donatione,
1664 867 1709 934 ut
1736 858 1767 934 si
1793 857 1878 956 quis

290 976 404 1066 dicat,
426 978 610 1077 confirmo
633 977 702 1054 tali
724 977 840 1054 talem
862 1002 955 1067 rem,
977 979 1038 1054 vel
1060 977 1177 1055 talam
1199 978 1458 1066 donationem,
1479 978 1578 1054 aient
1601 975 1879 1055 rationabiliter

288 1095 396 1191 foeta
413 1105 489 1173 eat.-
505 1122 553 1173 ex
570 1097 640 1173 tali
657 1096 947 1173 confirmatione
965 1122 1044 1173 non
1061 1095 1203 1173 valebit
1222 1096 1349 1196 prima
1367 1095 1523 1171 donatio
1541 1095 1613 1172 nisi
1632 1095 1674 1171 in
1692 1121 1731 1172 se
1750 1095 1880 1171 valida

290 1215 410 1291 fuerit
425 1225 464 1292 et
480 1214 667 1314 perfecta,
683 1240 755 1314 per
769 1214 984 1291 huiusmodi
1001 1213 1102 1291 enim
1117 1214 1235 1290 verba
1250 1221 1448 1291 coartatur
1464 1223 1503 1291 et
1520 1212 1806 1311 restringitur,²⁰
1824 1211 1880 1290 ita

289 1333 392 1432 quod
405 1332 556 1410 nullum
570 1333 751 1432 supplere
764 1334 909 1432 poterit
923 1334 1130 1423 defectum,
1145 1334 1248 1432 quod
1263 1357 1341 1409 non
1356 1343 1414 1410 est
1429 1333 1469 1408 in
1483 1331 1646 1432 simplici
1661 1331 1878 1420 donatione,

288 1452 354 1527 ubi
379 1477 459 1527 non
482 1451 691 1550 requiritur
715 1460 848 1527 utrum
872 1452 1018 1527 donum
1043 1450 1092 1528 sit
1119 1451 1345 1528 rationabile
1370 1451 1431 1527 vel
1456 1476 1546 1539 non,
1574 1452 1792 1550 perfectum
1818 1449 1879 1526 vel

288 1571 571 1669 imperfectum,
589 1571 650 1646 vel
667 1568 823 1648 omnino
840 1569 1001 1646 nullum.
1022 1571 1125 1646 Item
1142 1570 1337 1646 sciendum
1354 1571 1459 1668 quod
1476 1569 1716 1645 confirmatio
1735 1567 1878 1667 specia-

288 1688 335 1765 lis
355 1687 468 1765 debet
486 1688 626 1765 referri
644 1689 695 1764 ad
713 1698 867 1786 tempus
887 1687 984 1764 illud
1003 1715 1078 1786 quo
1100 1689 1256 1765 donatio
1276 1687 1493 1787 conscripta
1514 1688 1574 1776 sit,
1595 1687 1693 1764 sicut
1715 1688 1764 1762 ad
1785 1686 1878 1764 alias

289 1806 576 1883 ratihabitiones
594 1805 849 1904 negotiorum.
869 1807 947 1883 Est
967 1814 1096 1883 autem
1114 1806 1354 1883 confirmatio
1375 1807 1484 1905 quasi
1504 1806 1679 1905 quaedam
1698 1803 1878 1882 ratihabi-

289 1925 356 2014 tio,
380 1923 517 2001 sufficit
538 1934 670 2001 tamen
692 1926 921 2023 quandoque
944 1950 1015 2024 per
1037 1949 1077 2001 se
1099 1925 1194 2001 siin
1216 1950 1256 2000 se
1279 1925 1473 2001 contineat
1496 1923 1754 2012 donationem,
1778 1930 1824 1999 ut
1847 1924 1879 2000 si

288 2041 391 2120 dicat
407 2043 504 2140 quis,
521 2044 610 2121 dedi
626 2053 664 2121 et
681 2043 917 2142 confirmavi,
933 2042 1022 2119 licet
1038 2042 1161 2118 iuvari
1179 2041 1327 2142 possit²1
1345 2068 1394 2118 ex
1412 2043 1541 2141 ahqua
1559 2042 1764 2119 donatione
1782 2066 1878 2141 prae·

289 2163 457 2240 cedente.
482 2162 663 2238 Effectus
687 2170 818 2237 autem
841 2161 1141 2238 confirmationis
1165 2170 1223 2238 est
1247 2160 1351 2259 quod
1374 2160 1438 2236 ille
1462 2161 1527 2260 qui
1551 2160 1709 2237 alicuius
1734 2160 1880 2236 donum

288 2281 503 2370 confirmat,
522 2281 601 2357 sive
619 2279 821 2379 proprium
840 2279 918 2356 sive
937 2278 1115 2368 alienum,
1136 2279 1383 2355 antecessoris
1403 2280 1463 2356 vel
1483 2288 1674 2356 extraneae
1695 2303 1878 2379 persona,

289 2397 503 2497 proprium,
518 2406 564 2474 ut
579 2398 610 2474 si
626 2396 710 2496 quis
724 2397 831 2474 infra
845 2405 1008 2486 aetatem,
1023 2398 1084 2473 vel
1101 2399 1194 2474 dum
1209 2422 1288 2474 non
1304 2397 1423 2485 fuerit
1441 2421 1541 2472 sanae
1555 2396 1707 2486 mentis,
1724 2398 1785 2473 vel
1800 2421 1879 2473 non

289 2516 348 2592 sui
370 2516 475 2604 iuris,
497 2515 559 2592 vel
581 2541 653 2614 per
674 2515 752 2592 vim
775 2514 1022 2592 donationem
1045 2515 1191 2605 fecerit,
1216 2540 1305 2592 cum
1328 2517 1451 2614 plenae
1474 2515 1597 2593 aetatis
1621 2514 1793 2592 extiterit
1817 2514 1879 2591 vel

289 2659 390 2710 sanae
409 2633 559 2723 mentis,
580 2635 641 2711 vel
661 2635 720 2711 sui
739 2634 844 2723 iuris,
864 2635 925 2710 vel
944 2643 1057 2711 extra
1076 2633 1297 2711 violentiam
1317 2634 1561 2724 constitutus,
1582 2634 1878 2723 confirmaverit,

287 2751 394 2828 illam
411 2777 623 2851 numquam
642 2753 838 2829 infirmare
857 2753 1012 2851 poterit.
1034 2753 1138 2828 Item
1158 2752 1189 2827 si
1208 2753 1353 2828 donum
1373 2753 1620 2830 antecessoris
1641 2754 1701 2828 vel
1722 2750 1879 2830 alterius

289 2870 573 2947 confirmaverit
593 2871 713 2960 heres,
735 2870 813 2947 sive
836 2872 981 2947 donum
1002 2870 1221 2970 perfectum
1243 2870 1363 2947 luerit
1385 2870 1463 2948 sive
1484 2896 1574 2959 non,
1598 2870 1769 2946 vahdum
1790 2868 1880 2946 vel²⁸

285 2989 510 3078 invalidum,
528 2989 625 3065 illud
640 2988 837 3065 infirmare
854 3013 934 3065 non
952 2989 1106 3087 poterit.
1126 2988 1245 3078 Quod
1263 2997 1392 3065 autem
1411 2988 1555 3065 dictum
1573 2997 1632 3066 est
1651 2991 1699 3065 de
1717 2990 1877 3066 advoca·

286 3105 455 3183 tionibus
468 3133 551 3206 quae
564 3115 655 3184 sunt
669 3108 716 3184 de
730 3105 970 3206 pertinentiis
984 3107 1025 3182 in
1037 3133 1079 3184 re
1094 3106 1264 3205 propria,
1279 3105 1560 3183 observandum
1575 3108 1648 3184 erit
1663 3108 1703 3183 in
1717 3108 1877 3185 servitu·

287 3225 390 3302 tibus
408 3251 492 3324 quae
509 3225 705 3325 pertinent
722 3226 774 3301 ad
790 3224 953 3300 liberum
969 3234 1234 3302 tenementum
1253 3225 1411 3302 alicuius
1430 3225 1471 3300 in
1489 3251 1531 3302 re
1549 3227 1684 3314 aliena,
1703 3235 1748 3303 ut
1767 3227 1878 3304 sicui

288 3345 520 3420 concedatur
534 3353 573 3421 et
588 3343 789 3420 heredibus
805 3343 881 3420 suis
897 3343 956 3420 ius
972 3343 1154 3442 pascendi
1170 3353 1208 3420 et
1224 3344 1340 3419 eundi
1356 3345 1396 3418 in
1412 3343 1536 3419 fundo
1554 3344 1678 3420 alieno
1695 3354 1733 3421 et
1748 3344 1878 3422 huius·

288 3461 404 3550 modi,
428 3461 602 3560 quamvis
626 3463 708 3561 ipse
733 3486 811 3536 non
834 3469 970 3537 utatur
993 3462 1034 3537 in
1057 3461 1138 3538 vita
1163 3488 1244 3550 sua,
1269 3461 1425 3538 heredes
1450 3471 1581 3539 tamen
1605 3462 1645 3538 in
1672 3464 1878 3540 donatione

286 3581 548 3680 comprehensi
565 3581 623 3657 uti
641 3588 837 3679 poterunt.
856 3581 915 3657 Et
932 3581 1065 3656 eodem
1082 3580 1197 3655 modo
1215 3579 1400 3677 assignati
1418 3586 1458 3656 et
1476 3580 1667 3658 donatarii
1686 3581 1717 3657 si
1736 3582 1783 3658 de
1803 3581 1876 3658 illis

286 3703 327 3778 in
344 3701 550 3777 donatione
567 3699 711 3776 mentio
729 3698 916 3774 habeatur
935 3706 1098 3797 propter
1115 3698 1274 3775 modum
1293 3698 1520 3775 donationis.
1544 3699 1586 3775 Si
1606 3708 1736 3776 autem
1756 3701 1875 3790 nulla,

286 3820 452 3895 donator
472 3843 586 3894 usum
607 3816 821 3893 transferre
843 3840 922 3891 non
944 3814 1073 3915 potuit
1096 3842 1209 3914 quem
1231 3841 1310 3892 non
1332 3816 1477 3892 habuit.
1505 3817 1584 3893 Sed
1607 3817 1638 3894 si
1661 3843 1732 3917 per
1755 3819 1875 3916 negli-

284 3938 457 4036 gentiam
472 3946 511 4014 et
524 3934 753 4035 patientiam
767 3934 882 4032 primi
897 3934 1092 4010 donatoris
1106 3935 1204 4011 tales
1218 3935 1285 4009 diu
1300 3935 1359 4010 usi
1375 3935 1533 4024 luerint,
1549 3936 1610 4011 vel
1627 3936 1658 4013 si
1673 3937 1874 4012 confirma-

285 4056 340 4133 tio
359 4055 479 4154 ipsius
498 4055 559 4130 vel
578 4053 762 4130 heredum
782 4077 939 4129 suorum
959 4051 1218 4142 intervenerit,
1239 4078 1330 4128 usus
1351 4053 1580 4130 convalescit
1600 4080 1671 4153 per
1692 4055 1876 4132 virtutem

285 4172 597 4250 confirmationis.

385 4410 451 4487 De
468 4407 738 4487 doootioriibaa
755 4408 857 4485 inter
875 4416 1047 4484 mortona
1065 4415 1104 4484 et
1122 4407 1257 4484 mortis
1274 4430 1399 4484 conso.

286 4528 315 4603 f.
331 4529 400 4621 60]
456 4526 552 4603 Εεί1
574 4526 677 4603 inter
697 4524 791 4602 alias
813 4524 1038 4602 donationes
1060 4523 1218 4601 donatio
1240 4525 1373 4602 mortis
1397 4550 1617 4625 causaque
1640 4536 1764 4604 morte
1786 4552 1874 4603 con·

285 4646 476 4736 firmatur,
497 4646 605 4721 cuius
625 4652 704 4722 tres
726 4653 816 4720 sunt
839 4642 993 4742 species.
1018 4643 1123 4732 Una,
1146 4668 1234 4719 cum
1256 4643 1340 4742 quis
1363 4643 1470 4720 nullo
1494 4647 1691 4744 praesentis
1715 4645 1875 4745 periculi

284 4773 392 4841 metu
415 4763 638 4852 conteritur,
663 4762 731 4840 sed
754 4761 836 4839 sola
858 4760 1091 4859 cogitatione
1114 4761 1361 4838 mortalitatis
1388 4763 1517 4839 donat.
1544 4764 1650 4853 Alia,
1676 4789 1765 4840 cum
1790 4764 1875 4863 quis

285 4883 507 4960 imminente
528 4881 698 4982 periculo
719 4880 854 4957 mortis
874 4888 1087 4956 commotus
1109 4879 1164 4955 ita
1187 4880 1306 4956 donat
1328 4889 1372 4956 ut
1396 4879 1527 4958 statim
1549 4882 1620 4959 fiat
1641 4882 1872 4982 accipientis.

285 5001 432 5090 Tertia,
448 5001 479 5078 si
497 5001 581 5100 quis
596 5008 809 5077 commotus
825 4996 995 5098 periculo
1011 5023 1091 5074 non
1106 4996 1175 5074 dat
1191 4997 1304 5075 sicut
1321 4998 1453 5076 statim
1470 4999 1539 5077 fiat
1557 4999 1788 5099 accipientis,
1807 5001 1874 5078 sed

284 5185 312 5220 ²⁸
323 5193 382 5261 eat,
396 5185 465 5260 ΟΒ,
478 5186 555 5260 MA,
567 5184 644 5258 ΜΒ,
658 5183 725 5256 CE,
738 5183 812 5258 CM,
827 5182 866 5242 Y.
901 5180 929 5216 ¹⁰
940 5185 1158 5260 restringatur,
1172 5179 1240 5258 OC,
1252 5183 1317 5243 cM
1325 5204 1334 5255 ;
1349 5181 1558 5262 distringitur,
1573 5184 1611 5245 V.
1648 5183 1748 5246 1ηιιοιι
1763 5189 1873 5265 possit,

286 5286 326 5362 Y,
341 5287 414 5347 CM.
452 5283 532 5359 ”et
547 5284 617 5358 OB,
633 5283 709 5358 Mn,
726 5282 802 5358 ΜΒ,
819 5283 892 5344 CM.

368 5385 440 5446 ²eat
454 5392 567 5461 autem,
581 5384 621 5458 V,
637 5384 782 5457 MG3eat
796 5387 899 5461 etiam,
914 5383 979 5446 OC.
