4432 6336
649 478 710 538 DE
733 478 1036 551 ADQUIRENDO
1058 480 1217 544 RERUM
1240 482 1443 545 DOMINIO
1793 491 1841 568 75

251 626 329 705 sive
346 627 514 705 creditor
529 654 696 727 praesens
714 629 764 708 sit
782 630 860 708 sive
877 656 967 708 non.
988 632 1067 710 Sed
1084 658 1213 732 quaero
1231 659 1283 712 an
1300 633 1466 712 creditor
1484 635 1648 734 pecunia
1665 635 1762 714 suo⁸⁸
1780 636 1843 714 die

250 773 329 824 non
348 749 476 826 soluta
495 749 627 826 statim
645 749 785 828 habeat
803 750 966 828 liberum
986 761 1260 830 tenementum.
1282 753 1420 831 Habet
1441 755 1472 831 si
1493 755 1673 832 fueritin
1693 780 1841 855 posses-

250 868 372 945 sione:
392 867 423 946 si
441 878 571 947 autem
589 877 713 959 extra,
730 870 846 947 habet
864 871 1053 948 actionem
1070 899 1119 948 ex
1136 872 1400 951 conventione.

351 990 398 1066 Si
412 997 518 1067 terra
530 989 624 1066 dota
635 989 757 1084 faerit
772 989 953 1067 bostar-do
966 1016 1039 1091 per
1052 1017 1093 1069 oe
1107 992 1168 1069 vel
1180 993 1223 1070 io
1237 993 1496 1092 maritupium.

251 1109 463 1199 Quonmm
485 1119 591 1186 terra
611 1110 705 1186 data
723 1110 907 1186 bastardo
927 1112 968 1186 in
989 1110 1238 1210 maritagium
1260 1113 1359 1190 sicut
1379 1113 1463 1190 aliis
1484 1114 1546 1190 vel
1567 1114 1750 1191 bastardo
1771 1139 1843 1214 per

251 1252 303 1318 se,
330 1229 372 1305 in
399 1254 440 1307 se
466 1228 625 1306 tacitam
652 1229 767 1306 habet
795 1229 1055 1307 condicionem
1083 1231 1144 1307 vel
1173 1257 1395 1330 expressam
1423 1233 1473 1308 de
1500 1233 1726 1322 reversione,
1756 1234 1842 1311 ideo

249 1347 485 1426 videndum⁸'
500 1349 531 1426 si
545 1359 650 1426 terra
665 1350 758 1426 data
772 1349 892 1427 fuerit
906 1351 948 1425 in
961 1350 1211 1449 maritagium
1225 1351 1408 1428 bastardo
1423 1377 1511 1428 cum
1526 1353 1656 1452 aliqua
1671 1353 1841 1443 muliere,

250 1479 318 1546 aut
332 1470 449 1546 datur
461 1469 553 1569 ipsis
567 1479 606 1546 et
620 1495 753 1546 eorum
767 1469 968 1547 heredibus
983 1470 1259 1560 communibus,
1276 1481 1344 1548 aut
1357 1471 1559 1549 heredibus
1574 1472 1695 1571 ipsius
1709 1474 1842 1550 uxoris
1864 1471 1866 1476 ’

249 1598 416 1678 tantum,
437 1590 479 1666 in
500 1616 577 1688 quo
597 1614 687 1666 casu
710 1589 917 1666 revertitur
940 1590 989 1666 ad
1011 1592 1249 1679 donatorem,
1273 1592 1303 1668 si
1327 1591 1540 1667 defecerint
1561 1592 1718 1669 heredes
1741 1617 1841 1669 com·

249 1733 385 1787 munes
411 1734 483 1808 per
507 1710 666 1786 modum
690 1709 852 1786 tacitum
878 1710 1106 1786 donationis.
1137 1711 1180 1786 Si
1208 1719 1338 1786 autem
1365 1710 1442 1787 sit⁸⁸
1468 1712 1670 1788 heredibus
1696 1712 1840 1801 uxoris,

249 1839 343 1906 ωηο
366 1829 397 1906 si
419 1830 576 1907 heredes
598 1828 803 1906 habuerit⁸⁹
827 1830 875 1906 de
898 1829 1092 1920 bastardo,
1117 1829 1329 1906 remanebit
1353 1841 1460 1908 terra
1482 1856 1615 1907 eorum
1639 1832 1840 1910 heredibus

250 1949 525 2038 communibus,
541 1949 632 2048 quia
645 1950 743 2027 tales
758 1959 872 2028 erunt
889 1949 1045 2026 heredes
1060 1949 1192 2026 uxoris
1209 1951 1382 2048 quamvis
1399 1976 1629 2027 communes.
1651 1952 1694 2027 Si
1712 1961 1841 2028 autem

249 2067 497 2146 communes⁴⁰
513 2067 735 2158 defecerint,
750 2078 844 2145 ωηο
860 2067 1089 2145 descendet‘¹
1105 2078 1212 2145 terra
1226 2069 1278 2145 sic
1294 2071 1388 2146 data
1404 2069 1486 2147 aliis
1503 2070 1704 2146 heredibus
1720 2071 1841 2168 ipsius

249 2188 409 2264 uxoris⁴²
427 2189 476 2265 de
493 2188 615 2265 altero
633 2189 717 2264 viro
733 2189 794 2264 vel
812 2215 835 2265 a
853 2189 973 2266 latere
991 2188 1242 2265 venientibus.
1263 2189 1367 2265 Item
1385 2199 1467 2265 esto
1486 2190 1589 2288 quod
1609 2190 1702 2266 data
1721 2189 1841 2267 fuerit

249 2319 356 2386 terra
370 2308 438 2385 illa
453 2307 566 2384 ahcui
582 2307 764 2385 bastardo
780 2332 851 2405 per
867 2334 906 2384 se
923 2307 1004 2384 sine
1019 2333 1151 2396 uxore,
1168 2317 1207 2385 et
1222 2318 1317 2385 ωηο
1334 2308 1513 2397 addatur,
1532 2308 1565 2385 ei
1583 2319 1622 2386 et
1639 2308 1841 2386 heredibus

250 2428 327 2506 suis
346 2437 513 2517 tantum,
533 2428 594 2505 vel
614 2427 648 2505 ei
668 2438 707 2505 et
727 2427 930 2526 assignatis
951 2427 1039 2504 suis.
1063 2427 1105 2504 Si
1126 2428 1159 2504 ei
1179 2437 1218 2504 et
1237 2427 1440 2504 heredibus
1461 2426 1538 2504 suis
1558 2435 1725 2515 tantum,
1746 2438 1841 2504 tunc

249 2546 513 2625 deficientibus
530 2547 731 2624 heredibus
750 2548 828 2625 sive
845 2545 1068 2645 homagium
1084 2546 1334 2623 intervenerit
1352 2547 1431 2623 sive
1449 2571 1539 2635 non,
1559 2547 1632 2623 erit
1651 2555 1757 2622 terra
1775 2547 1841 2623 illa

250 2667 414 2744 eschaeta
432 2666 674 2743 dominorum
695 2691 768 2766 pro
790 2666 946 2742 defectu
967 2666 1163 2755 heredum,
1186 2676 1225 2743 et
1248 2691 1337 2741 cum
1356 2665 1428 2741 tali
1451 2665 1606 2742 domino
1629 2665 1841 2742 remanebit

250 2813 328 2863 non
354 2787 532 2864 obstante
555 2785 747 2884 homagio,
772 2785 863 2884 quia
887 2785 1109 2883 homagium
1134 2784 1324 2862 evanescit
1349 2784 1551 2861 heredibus
1578 2784 1840 2861 deficientibus

249 2906 402 3005 ubique.
423 2907 466 2984 Si
483 2915 613 2983 autem
631 2907 738 2982 facta
755 2905 875 2982 fuerit
893 2904 1075 2981 bastardo
1092 2915 1130 2982 et
1148 2904 1349 2981 heredibus
1369 2904 1446 2981 suis
1465 2904 1526 2980 vel
1544 2904 1760 3003 assignatis,
1779 2905 1841 2982 vel

250 3027 311 3101 cui
330 3025 527 3125 assignare
544 3025 720 3114 voluerit,
738 3035 833 3102 tunc
852 3025 941 3101 siin
959 3023 1040 3099 vita
1058 3023 1155 3100 sua⁴⁸
1173 3022 1347 3099 terram“
1367 3024 1619 3121 assignaverit
1638 3023 1733 3099 hora
1752 3048 1840 3099 con-

249 3169 351 3242 grua
364 3155 402 3222 et
416 3155 591 3242 tempore
605 3142 850 3243 competenti,
866 3142 955 3219 acsi
970 3143 1116 3219 faceret
1131 3143 1377 3219 donationem
1393 3151 1432 3218 et
1448 3143 1581 3218 eodem
1596 3142 1722 3231 modo,
1738 3143 1839 3219 vale-

250 3263 307 3342 bit
326 3263 535 3362 assignatio
553 3273 592 3340 et
611 3263 768 3341 donatio
787 3262 961 3362 quamvis
978 3261 1136 3338 heredes
1155 3261 1204 3338 de
1222 3287 1384 3360 corpore
1404 3286 1473 3337 suo
1492 3261 1715 3350 defecerint,
1737 3262 1841 3360 quod

250 3384 405 3483 quidem
419 3384 546 3460 facere
559 3409 640 3459 non
654 3392 784 3481 posset
798 3381 1066 3458 deficientibus
1077 3382 1125 3458 de
1139 3405 1300 3479 corpore
1315 3404 1385 3456 suo
1400 3379 1601 3457 heredibus
1617 3380 1840 3480 procreatis,

250 3503 323 3580 nisi
346 3504 417 3579 hoc
438 3503 474 3579 ei
497 3503 728 3603 permissum
751 3512 945 3600 essetper
969 3497 1228 3576 condicionem
1251 3498 1319 3575 et⁴⁸
1343 3500 1503 3575 modum
1527 3499 1754 3576 donationis.
1781 3499 1840 3575 Et

250 3624 466 3700 notandum
490 3623 593 3721 quod
618 3621 660 3697 in
684 3622 858 3698 favorem
883 3621 1154 3698 bastardorum
1179 3619 1305 3718 primo
1332 3618 1489 3696 inventa
1514 3619 1592 3697 fuit
1619 3619 1839 3718 assignatio,

249 3743 353 3820 unde
366 3739 548 3840 quidem‘⁰
561 3739 638 3817 sive
652 3738 786 3816 facts*
800 3738 921 3816 fuerit
932 3738 1091 3814 donatio
1106 3737 1289 3814 bastardo
1303 3747 1341 3814 et
1355 3737 1568 3828 heredibus,
1583 3739 1644 3815 vel
1658 3739 1841 3816 bastardo

250 3871 289 3938 et
302 3858 504 3937 heredibus
518 3857 585 3938 et⁴⁸
601 3858 816 3957 assignatis
832 3859 864 3935 si
878 3858 1036 3935 heredes
1050 3882 1128 3933 ηοη
1143 3857 1319 3934 habuerit
1334 3857 1395 3934 vel
1411 3857 1625 3956 assignatos
1640 3857 1736 3933 hora
1750 3881 1839 3934 con·

249 4006 350 4079 grus
374 4005 454 4056 non
479 3979 625 4068 fecerit,
651 3989 757 4056 terra
780 3978 835 4055 sic
861 3977 965 4067 data,
991 3981 1071 4053 non
1097 3976 1274 4054 obstante
1300 3975 1492 4074 homagio,
1518 3974 1761 4054 revertetur‘.⁹
1788 3977 1840 4053 ad

249 4102 378 4199 ipsum
399 4101 636 4189 donatorem,
659 4109 807 4176 etcum
827 4123 873 4174 eo
895 4095 1107 4173 remanebit
1128 4121 1202 4194 pro
1224 4095 1380 4172 defectu
1402 4095 1585 4171 heredum
1607 4105 1646 4172 et
1668 4096 1838 4194 assigna

247 4227 389 4295 torum.

348 4338 415 4416 De
428 4338 519 4414 dote
533 4335 665 4414 morse
680 4336 862 4413 bastardi.

251 4457 331 4534 San
348 4458 395 4534 de
411 4458 501 4533 dote
515 4454 685 4533 mulieris
700 4455 793 4555 quid
809 4455 878 4532 fiet
894 4453 933 4530 in
948 4454 1020 4530 hoc
1036 4478 1127 4529 casu
1143 4479 1191 4529 ex
1207 4451 1547 4551 quo⁸⁰warantum
1563 4477 1642 4530 non
1658 4453 1774 4532 habet
1791 4455 1840 4530 de

249 4577 341 4653 dote
357 4601 439 4666 sua,
458 4602 546 4652 cum
563 4575 660 4650 nec⁸¹
680 4583 869 4674 appareat
887 4573 995 4650 heres
1014 4598 1084 4649 nec
1102 4572 1320 4671 assignatus
1338 4597 1409 4647 nec
1429 4571 1546 4648 etiam
1564 4572 1787 4671 legatarius,
1808 4573 1840 4650 si

249 4697 353 4773 forte
371 4697 545 4795 legatum
564 4694 695 4784 fuerit,
717 4695 814 4771 sicut
833 4693 874 4768 in
894 4692 1113 4791 burgagiis?
1134 4691 1281 4769 Mulier
1300 4689 1369 4766 in⁵²
1389 4691 1566 4768 omnibus
1586 4691 1669 4769 istis
1690 4691 1838 4769 casibus

248 4816 380 4894 dotem
396 4815 583 4893 obtinebit
600 4813 773 4914 quamvis
791 4813 954 4890 waranti
971 4836 1050 4888 ηοη
1067 4810 1248 4900 existant,
1267 4811 1358 4908 quia
1374 4810 1433 4887 vir
1451 4837 1542 4888 suus
1563 4811 1736 4910 quamvis
1753 4811 1837 4888 bas·

248 5003 354 5081 ”aaa
374 5006 468 5068 MSS.
489 5026 555 5067 var.
596 5003 623 5039 ⁸⁷
634 5005 765 5081 videtur,
786 5003 864 5078 MG,
884 5004 958 5065 CM.
999 5001 1027 5036 ⁸⁸
1037 5002 1084 5076 fit,
1105 5002 1145 5076 V,
1165 5002 1234 5076 OB,
1255 5001 1337 5073 MA;
1359 5003 1433 5075 sint,
1455 5000 1533 5076 MG,
1555 5000 1628 5060 CM.
1671 4997 1839 5074 ⁸⁹iuerint,

248 5106 327 5184 MG,
345 5108 418 5169 CM.
458 5106 612 5182 ⁴⁰omnes,
629 5106 707 5182 MG,
726 5106 799 5167 CM.
839 5103 1047 5180 “descendit
1065 5104 1105 5179 V,
1123 5105 1192 5176 OB,
1211 5103 1293 5175 MB;
1311 5101 1489 5178 descendat,
1508 5101 1586 5177 MG,
1606 5102 1680 5162 CM.
1720 5099 1839 5176 ⁴²Om,

248 5206 318 5281 OB,
336 5207 411 5268 ΜΒ.
449 5205 476 5240 ⁴³
488 5208 569 5281 Om,
586 5207 654 5283 OB,
672 5207 747 5268 ΜΒ,
785 5205 938 5267 “terram
955 5205 1051 5282 illam,
1068 5205 1109 5279 V,
1126 5206 1196 5280 OB,
1214 5204 1289 5264 ΜΒ.
1328 5201 1399 5264 ⁴⁸et
1415 5223 1484 5282 per,
1501 5203 1540 5278 V,
1559 5204 1626 5265 OB.
1667 5201 1839 5282 ⁴‘quiderm

248 5307 568 5384 Me,0A‚LA‚00.
606 5307 631 5342 ⁴⁷
644 5307 724 5384 Om,
740 5307 808 5383 OB,
825 5307 900 5368 ΜΒ.
936 5304 1035 5380 48ναΙ,
1049 5306 1119 5382 ΟΒ,
1134 5307 1211 5381 MA,
1227 5306 1304 5382 MB,
1320 5304 1388 5380 ΟΕ,
1403 5305 1443 5366 Υ.
1481 5303 1508 5338 ⁴⁰
1519 5308 1696 5382 revertitur,
1713 5305 1752 5381 V,
1768 5305 1838 5380 OB,

249 5407 327 5483 MA,
342 5407 419 5485 ΜΒ,
435 5408 473 5468 Υ.
511 5406 787 5485 ⁸⁰qua,0A,LA.
825 5406 1121 5484 ωηοη,Μ(ὶ,(>Μ.
1160 5405 1187 5440 ⁸²
1199 5407 1279 5482 Om,
1296 5405 1365 5482 OB,
1381 5407 1457 5470 ΜΒ.
