4392 6352
780 449 842 511 DE
865 449 1070 513 PLACITIS
1093 448 1281 513 CORONAE
1754 457 1830 526 858

238 596 300 673 vel
312 596 465 674 vincula
476 597 538 674 vel
550 598 669 698 quid²⁸
680 598 759 674 tale
770 600 812 675 in
823 601 908 699 ipsa
918 599 1186 677 interiectione
1198 601 1401 699 recepisset
1415 610 1454 677 et
1467 601 1518 677 ad
1529 601 1600 677 hoc
1613 600 1832 678 admittitur

240 724 322 792 tam
343 715 406 793 ille
427 717 493 816 qui
513 727 571 794 est
591 718 698 793 infra
718 726 870 795 atatem
891 745 1008 819 quam
1029 719 1092 795 ille
1114 719 1180 818 qui
1202 729 1260 796 est
1282 720 1405 818 plenae
1426 718 1561 808 atatis,
1584 720 1677 796 dum
1698 728 1830 795 tamen

240 843 333 912 aetas
349 835 506 913 minoris
524 845 760 936 expectetur.
779 837 942 914 Etcum
961 839 1010 913 ad
1028 845 1181 915 aetatem
1199 837 1417 936 pervenerit
1435 862 1515 913 non
1532 836 1685 942 habebit
1704 838 1830 914 locum

239 963 376 1029 contra
390 955 518 1053 ipsum
534 956 710 1054 exceptio
726 956 774 1032 de
791 965 894 1032 secta
909 955 1063 1032 minus²⁴
1080 957 1154 1032 rite
1171 956 1288 1044 iacta,
1306 957 1400 1055 quin
1417 955 1601 1055 procedat
1620 955 1829 1055 appellum.

240 1073 299 1150 Et
317 1073 369 1151 sic
387 1071 567 1149 videtur²⁸
586 1073 634 1150 de
653 1073 735 1150 aliis
755 1075 820 1172 qui
840 1073 1038 1173 appellum
1057 1099 1136 1151 non
1154 1074 1350 1163 haberent,
1371 1074 1402 1151 si
1423 1074 1642 1174 appellatus
1663 1099 1829 1173 praesens

240 1199 339 1268 esset
360 1201 400 1267 et
420 1191 613 1291 exciperet
634 1201 770 1268 contra
790 1218 995 1291 personam
1017 1192 1261 1292 appellantis,
1284 1194 1372 1269 licet
1395 1193 1506 1270 aliter
1527 1194 1706 1270 videatur
1727 1195 1831 1293 quod

240 1309 336 1387 bene
355 1311 459 1387 valet
478 1321 581 1388 secta
603 1337 627 1386 a
647 1335 886 1410 quocumque
907 1321 947 1388 et
967 1312 1272 1400 indeterminate,
1294 1336 1382 1388 cum
1404 1337 1483 1388 non
1504 1312 1553 1389 sit
1576 1313 1641 1411 qui
1663 1312 1831 1411 excipiat

240 1441 375 1508 contra
387 1430 497 1507 illum
508 1431 574 1529 qui
586 1431 769 1529 sequitur.
783 1431 877 1505 Non
889 1429 1032 1505 habet²⁶
1046 1438 1176 1506 autem
1189 1429 1387 1529 appellum
1402 1430 1547 1505 femina
1559 1431 1631 1507 nisi
1646 1431 1693 1507 de
1706 1439 1831 1507 morte

240 1548 311 1623 viri
328 1549 386 1626 sui
400 1547 528 1625 inter²'
544 1548 700 1625 brachia
714 1575 783 1624 sua
799 1547 1005 1638 interfecti,
1021 1547 1110 1624 vel²⁸
1127 1550 1174 1625 de
1190 1574 1350 1648 corpore
1367 1575 1436 1625 suo
1452 1549 1623 1648 proprio,
1640 1575 1711 1648 per
1727 1550 1831 1648 quod

240 1666 353 1743 alicui
372 1666 487 1742 iudici
504 1667 643 1743 debeat
660 1667 723 1743 lex
743 1666 976 1766 apparens.²⁹
996 1668 1054 1744 Et
1073 1668 1287 1743 notandum
1308 1668 1412 1766 quod
1431 1693 1510 1743 non
1529 1677 1587 1744 est
1608 1667 1744 1766 aliquis
1765 1669 1830 1766 qui

241 1786 347 1884 sequi
361 1785 483 1884 possit
495 1811 627 1862 versus
641 1784 785 1860 alium⁸⁰
800 1785 848 1861 de
863 1785 991 1884 aliqua
1005 1785 1148 1861 felonia
1162 1811 1233 1885 per
1248 1793 1500 1875 attornatum‚
1516 1787 1608 1862 dum
1622 1796 1752 1862 tamen
1767 1785 1830 1862 ille

241 1902 270 1978 f.
287 1902 405 1996 125b]
461 1901 554 2001 qui⁸²
572 1903 746 2001 queritur
761 1912 801 1979 et
818 1904 923 2002 sequi
941 1903 1096 1980 deberet
1113 1912 1251 2002 potens
1269 1905 1318 1981 sit
1336 1904 1406 1992 sui,
1424 1905 1479 1981 ita
1497 1905 1600 2003 quod
1618 1906 1723 2003 sequi
1742 1930 1829 2005 pos-

241 2022 307 2099 sit:
331 2031 369 2098 et
392 2023 423 2098 si
445 2047 516 2122 per
538 2022 693 2120 aliquod
715 2021 897 2121 tempus⁸²
919 2021 1123 2121 impotens,
1146 2023 1251 2121 quod
1273 2048 1413 2121 parens
1437 2024 1499 2099 vel
1521 2023 1664 2100 amicus
1688 2049 1761 2122 pro
1785 2049 1830 2099 eo

240 2151 424 2242 sequatur
443 2151 605 2241 propter
624 2141 903 2240 impotentiam,
923 2166 1010 2217 cum
1032 2151 1170 2240 potens
1191 2141 1353 2218 effectus
1375 2141 1506 2230 fuerit,
1526 2141 1687 2218 cessabit
1710 2150 1830 2217 attor·

239 2270 372 2337 natus:
389 2269 428 2337 et
441 2270 487 2337 ut
502 2261 655 2336 videtur
669 2283 749 2335 non
764 2259 929 2335 debeat³⁸
945 2260 1041 2336 alius
1059 2260 1165 2358 sequi
1182 2258 1258 2336 ad³⁴
1275 2258 1581 2357 utlagationem³³
1600 2285 1672 2359 pro
1690 2259 1829 2358 aliquo,

239 2381 313 2456 nisi
325 2387 424 2457 esset
436 2379 643 2456 interfecto
655 2379 711 2455 ita
724 2379 949 2455 coniunctus
963 2379 1164 2477 parentela
1177 2378 1238 2454 vel
1251 2378 1430 2476 homagio
1445 2379 1595 2477 quodsi
1610 2377 1829 2477 appellatus

240 2524 407 2599 praesens
429 2508 527 2575 esset
547 2499 688 2575 iaceret
707 2499 809 2574 inter
829 2522 893 2573 eos
915 2496 1124 2596 appellum.
1147 2498 1205 2573 Et
1227 2497 1258 2573 si
1279 2495 1512 2574 comitatus⁸⁸
1534 2497 1614 2573 siue
1637 2507 1740 2574 secta
1762 2496 1829 2572 ali·

239 2643 353 2717 quem
371 2617 667 2715 interrogaverit
685 2617 727 2692 in
744 2616 930 2692 comitatu
949 2616 999 2691 ad
1017 2615 1275 2713 utlagandum
1295 2615 1376 2691 sine
1395 2623 1589 2714 praecepto
1609 2615 1828 2691 iustitiario·

238 2763 326 2814 rum
340 2737 413 2814 erit
428 2738 468 2812 in
482 2735 751 2813 misericordia.
769 2735 872 2810 Item
888 2735 918 2811 si
934 2743 1046 2809 caute
1061 2743 1181 2832 agant
1196 2734 1237 2809 in
1252 2733 1438 2810 comitatu
1453 2734 1672 2810 examinare
1688 2733 1829 2810 debent

239 2855 388 2931 factum
406 2880 478 2953 pro
498 2879 574 2953 quo
593 2853 678 2953 quis
697 2852 994 2951 interrogandus
1014 2850 1126 2940 erit,⁸²
1146 2853 1236 2950 quia
1255 2849 1456 2951 quamvis³⁸
1477 2851 1622 2927 felonia
1641 2852 1830 2927 adiciatur

238 2976 279 3051 in
297 2975 464 3075 appello,
482 2984 613 3051 tamen
631 2973 827 3072 quodlibet
847 2973 998 3048 factum
1014 2996 1092 3047 non
1111 2971 1282 3047 continet
1301 2970 1371 3046 sub
1391 2996 1432 3046 se
1451 2970 1634 3046 feloniam
1655 2971 1829 3069 quamvis

239 3093 446 3192 aliquando
459 3093 653 3169 contineat
666 3091 846 3166 iniuriam
859 3099 898 3166 et
911 3089 1267 3188 transgressionem.

338 3219 443 3293 Item
460 3216 547 3315 qnia
562 3215 732 3314 utlagari
747 3215 872 3313 possit
887 3225 925 3291 et
942 3213 1091 3292 debeat.

240 3341 352 3416 Iram
374 3340 583 3416 videndum
604 3341 688 3438 quis
710 3341 880 3438 utlagari
902 3340 1023 3439 possit
1044 3349 1083 3416 et
1106 3340 1243 3416 debeat
1264 3338 1314 3415 ad
1337 3338 1495 3414 alicuius
1518 3349 1661 3416 sectam
1682 3347 1721 3414 et
1744 3336 1828 3436 quis

238 3486 327 3536 non.
346 3461 405 3536 Et
423 3460 618 3536 sciendum
636 3460 739 3558 quod
757 3458 917 3558 quilibet
934 3458 1138 3546 masculus,
1157 3459 1250 3534 dum
1269 3467 1402 3534 tamen
1420 3457 1469 3534 sit
1490 3457 1690 3532 duodecim
1710 3481 1827 3531 anno·

239 3606 326 3656 rum
340 3589 378 3656 et
393 3579 571 3678 amplius,
586 3579 677 3677 quia
689 3603 821 3654 omnes
835 3576 924 3654 talis
939 3577 1061 3652 aetatis
1077 3586 1145 3653 aut
1161 3585 1252 3652 sunt
1267 3585 1336 3652 aut
1352 3601 1432 3652 esse
1448 3575 1588 3652 debent
1603 3577 1644 3651 in
1659 3576 1825 3654 decenne

237 3700 299 3776 vel
311 3701 352 3775 in
363 3726 409 3776 eo
422 3700 525 3798 quod
538 3697 769 3775 tantundem
782 3695 897 3783 valet,
913 3694 1010 3771 sicut
1023 3696 1064 3770 in
1076 3702 1312 3792 manupastu
1326 3701 1365 3770 et
1378 3693 1622 3771 huiusmodi⁸⁰
1636 3704 1681 3770 ut
1698 3653 1827 3798 spp'la.

338 3822 474 3900 Minor
487 3847 576 3899 ooo.

238 3947 388 4023 Mluoa
405 3972 496 4022 vero
514 3953 553 4022 et
572 3946 637 4044 qui
656 3945 762 4021 infra
779 3945 980 4020 duodecim
999 3942 1148 4019 annos*⁰
1170 3944 1301 4031 fuerit,
1321 3942 1490 4039 utlagari
1510 3968 1589 4017 non
1609 3950 1738 4041 potest
1758 3965 1828 4018 nec

239 4077 351 4143 extra
370 4066 496 4165 legem
516 4066 620 4164 poni,
641 4065 732 4163 quia
752 4073 841 4159 ante
861 4063 979 4139 talem
999 4070 1152 4137 atatem
1172 4087 1250 4137 non
1271 4069 1329 4137 est
1350 4051 1421 4137 sub
1441 4060 1526 4158 lege
1549 4061 1767 4159 aliquanec
1788 4061 1829 4134 in

238 4188 419 4276 decemra,
435 4211 513 4261 non
526 4185 649 4282 magis
665 4208 780 4282 quam
795 4181 951 4269 femina,
967 4204 1050 4279 quae
1064 4179 1234 4277 utlagari
1249 4204 1328 4255 non
1343 4179 1499 4278 potest⁴²
1516 4176 1633 4277 quia⁴²
1649 4179 1735 4276 ipsa
1750 4203 1829 4254 non

239 4316 297 4383 est
317 4307 388 4383 sub
408 4306 505 4404 lege,
524 4305 565 4380 id
585 4314 642 4381 est
662 4302 815 4401 inlaghe
835 4302 996 4399 anglice,
1017 4301 1158 4377 scilieet
1178 4301 1218 4376 in
1239 4301 1375 4376 franco
1396 4299 1525 4399 plegio
1547 4301 1624 4404 sive
1646 4301 1827 4388 decenno,

237 4428 335 4504 sicut
347 4425 539 4502 masculus
550 4424 750 4500 duodecim
763 4448 953 4498 annorum
965 4432 1004 4498 et
1015 4421 1187 4498 ulterius.
1202 4421 1261 4496 Et
1273 4421 1358 4497 ideo
1371 4446 1451 4496 non
1463 4418 1633 4520 poterit⁴⁸
1646 4419 1827 4518 utlagari.

238 4546 443 4646 Wayviari
457 4554 588 4621 tamen
602 4545 698 4620 bene
712 4551 841 4642 potest
856 4553 894 4619 et
909 4569 981 4642 pro
996 4542 1176 4618 derelicta
1191 4541 1333 4630 haberi,
1348 4567 1436 4617 cum
1452 4567 1530 4641 pro¹
1540 4541 1670 4641 aliqua
1685 4541 1829 4617 felonia

239 4761 265 4797 ¹³
277 4762 369 4842 quod,
383 4763 460 4837 MG,
473 4762 539 4826 OC.
564 4760 590 4795 ²⁴
601 4766 739 4836 minoris,
752 4762 830 4837 MG,
844 4762 910 4824 ΟΟ.
936 4758 961 4794 ²⁸
973 4759 1095 4821 ridetur
1109 4761 1200 4840 qnod,
1215 4760 1293 4837 MG,
1308 4760 1374 4824 OC.
1400 4759 1427 4794 ²⁸
1439 4759 1519 4834 0m.‚
1537 4759 1644 4838 (OB),
1660 4761 1735 4835 MA,
1752 4761 1828 4834 ΜΒ,

239 4862 305 4937 ΟΕ,
318 4865 391 4925 ΟΜ.
425 4862 451 4896 ²⁷
463 4867 505 4936 in,
519 4864 588 4935 OB,
601 4863 674 4922 MA.
710 4858 736 4895 ²⁸
747 4863 797 4922 rel
810 4865 872 4941 qui,
885 4863 954 4938 OB,
968 4861 1043 4936 MA,
1057 4862 1131 4922 ΜΒ.
1167 4859 1529 4938 ²⁰aperiena,MG,OC.
1565 4859 1592 4895 ⁸⁰
1604 4859 1746 4939 aliquem,
1761 4861 1828 4936 ΟΕ,

239 4965 312 5026 ΟΜ.
350 4962 468 5040 ⁸¹Om,
484 4961 554 5038 OB,
570 4962 646 5037 MA,
663 4964 738 5024 ΜΒ.
776 4961 802 4996 ⁸²
814 4969 935 5041 tempus
954 4961 1060 5038 fuerit,
1077 4962 1122 5035 V;
1139 4969 1261 5040 tempus
1277 4966 1328 5036 ait,
1346 4961 1412 5022 ΟΕ.
1452 4959 1592 5036 ⁸⁸debet,
1608 4961 1648 5036 V,
1665 4961 1734 5038 OB,
1752 4961 1829 5037 MA,

239 5066 315 5140 ΜΒ,
344 5067 416 5126 ΟΜ.
466 5063 602 5142 ⁸⁴¹⁸⁶pro
629 5064 833 5144 utlagatione,
860 5063 929 5138 OB,
958 5063 1034 5137 MA,
1062 5064 1137 5123 ΜΒ.
1188 5059 1215 5096 ³⁸
1226 5067 1391 5123 vicecomes
1420 5067 1593 5138 comitatus,
1620 5064 1659 5124 V.
1709 5061 1828 5137 ³¹om.‚

238 5165 315 5242 MA,
335 5165 417 5238 MB;
438 5172 497 5239 est,
516 5165 584 5227 OB.
626 5161 652 5198 ³³
664 5168 780 5243 gravis,
801 5164 878 5239 MG,
899 5164 972 5237 ΟΟ;
993 5163 1127 5242 quando,
1147 5164 1221 5225 ΟΜ.
1263 5162 1474 5225 ⁸'huiuamodi
1495 5171 1640 5239 etcetera,
1662 5164 1740 5238 MG,
1761 5163 1827 5226 ΟΟ.

238 5265 264 5301 ⁴⁰
276 5274 398 5328 etatem
410 5266 570 5328 duodecim
582 5285 742 5339 annorum,
754 5266 794 5341 V,
807 5266 873 5326 ΟΟ.
908 5263 975 5299 ⁴⁴⁴⁴⁴
986 5272 1090 5342 potest
1102 5269 1176 5326 item
1188 5285 1245 5327 nec
1259 5265 1374 5325 semina
1387 5273 1491 5343 potest
1505 5266 1641 5346 utlagari
1655 5266 1710 5328 sed
1724 5273 1829 5345 potest

238 5371 388 5446 wayvieri
403 5374 435 5428 et
449 5373 498 5428 est
513 5370 592 5426 ratio
608 5370 690 5445 qnia,
706 5364 773 5442 OC,
789 5366 857 5427 MG
876 5365 934 5443 (-
944 5372 1009 5442 pot.
1025 5364 1113 5444 un).
1151 5364 1177 5399 ⁴⁸
1189 5372 1302 5443 potest,
1318 5366 1358 5442 V,
1375 5366 1453 5443 MG,
1470 5368 1510 5441 Y,
1527 5367 1593 5429 OC.
