4392 6352
378 504 452 572 306
909 495 1133 557 BRACTON:
1156 495 1216 556 DE
1241 495 1434 559 LEGIBUS

380 646 521 724 scilicet
537 646 739 744 alligatum
756 673 795 723 se
811 646 1025 746 principem
1042 644 1257 747 profiteri.¹⁶
1275 647 1379 723 Item
1395 645 1489 722 nihil
1505 654 1587 723 tam
1605 646 1807 745 proprium
1825 656 1884 723 est
1901 646 1969 722 im·

380 764 477 863 perii
496 789 613 864 quam
630 765 781 862 legibus
798 765 937 854 vivere,
956 773 995 842 et
1015 765 1137 841 maius
1158 765 1319 863 imperio
1339 773 1397 840 est
1416 764 1565 863 legibus
1586 765 1810 842 submittere
1830 765 1969 863 princi·

380 891 529 983 patum,
551 892 590 960 et
609 882 747 959 merito
768 882 882 960 debet
902 881 1113 959 retribuere
1133 883 1210 981 legi
1232 884 1335 982 quod
1355 883 1420 959 lex
1440 883 1576 960 tribuit
1598 884 1643 972 ei,
1667 883 1761 960 iacit
1783 884 1884 960 enim
1906 883 1969 959 lex

381 1002 484 1101 quod
508 1002 591 1102 ipse
614 1002 664 1080 sit
687 1027 767 1078 rex.
795 1002 897 1079 Item
922 1027 1010 1078 cum
1034 1027 1112 1078 nou
1136 1027 1288 1100 semper
1311 1010 1490 1100 oporteat
1515 1026 1647 1099 regem
1671 1027 1752 1078 esse
1777 1011 1970 1078 armatum

380 1120 496 1197 armis
516 1121 583 1198 sed
603 1120 763 1219 legibus,
785 1120 957 1197 addiscat
978 1145 1048 1195 rex
1067 1119 1296 1221 sapientiam
1317 1129 1355 1197 et
1377 1129 1575 1197 conservet
1596 1119 1793 1208 iustitiam,
1814 1128 1855 1196 et
1876 1122 1969 1196 deus

379 1238 564 1338 praebebit
579 1238 685 1315 illam
700 1238 781 1327 sibi,
797 1248 938 1315 etcum
952 1238 1059 1315 illam
1074 1237 1262 1315 invenerit
1278 1237 1412 1316 beatus
1428 1239 1501 1315 erit
1518 1239 1549 1314 si
1563 1238 1733 1316 tenuerit
1748 1238 1866 1327 illam,
1882 1263 1970 1314 cum

379 1357 428 1433 sit
441 1357 615 1434 honoret
627 1357 753 1454 gloria
764 1358 804 1432 in
817 1382 991 1434 sermone
1004 1357 1157 1446 sensati,
1172 1367 1210 1434 et
1223 1357 1358 1454 lingua
1368 1356 1622 1455 imprudentis
1633 1355 1828 1434 subversio
1837 1355 1968 1455 ipsius,

379 1484 419 1552 et
439 1475 679 1575 principatus
700 1474 841 1552 sensati
862 1474 1020 1564 stabilis,
1041 1484 1080 1552 et
1099 1501 1168 1551 rex
1190 1475 1342 1574 sapiens
1364 1474 1546 1552 iudicabit
1567 1476 1757 1575 populum
1779 1501 1902 1552 suum.
1927 1475 1970 1551 Si

380 1603 510 1670 autem
530 1593 648 1670 fuerit
667 1593 849 1692 insipiens
869 1593 1007 1692 perdet
1027 1593 1147 1681 illum,
1168 1593 1258 1691 quia
1277 1619 1302 1667 a
1320 1593 1447 1693 capite
1466 1603 1651 1693 corrupto
1672 1594 1868 1670 deseendit
1888 1618 1969 1669 cor·

379 1712 511 1811 ruptio
523 1712 794 1800 membrorum,
807 1721 846 1788 et
860 1712 890 1788 si
903 1737 1036 1788 sensus
1048 1721 1088 1788 et
1100 1711 1199 1788 vires
1212 1736 1292 1788 non
1304 1712 1460 1810 vigeant
1474 1714 1515 1788 in
1527 1713 1665 1810 capite,
1681 1713 1854 1811 sequitur
1867 1713 1970 1810 quod

379 1838 506 1906 cetera
528 1830 700 1907 membra
723 1856 835 1907 suum
858 1855 937 1907 non
961 1839 1146 1929 poterunt
1170 1829 1335 1906 officium
1359 1855 1546 1906 exercere.
1572 1831 1666 1906 Non
1691 1830 1814 1907 solum
1840 1839 1971 1907 autem

380 1949 532 2049 sapiens
550 1975 630 2026 esse
646 1948 760 2026 debet
776 1950 843 2026 sed
858 1949 1082 2038 misericors,
1099 1957 1138 2025 et
1156 1973 1243 2025 cum
1261 1947 1451 2048 sapientia
1466 1948 1761 2025 misericorditer
1778 1950 1913 2036 iustus,
1932 1958 1971 2026 et

379 2067 467 2144 licet
484 2067 606 2144 tutius
624 2067 673 2144 sit
691 2067 851 2143 reddere
869 2067 1056 2144 rationem
1075 2092 1148 2165 pro
1166 2067 1424 2143 misericordia
1441 2092 1559 2166 quam
1577 2093 1650 2167 pro
1669 2067 1818 2143 iudici0.
1839 2067 1970 2144 Tutis-

380 2186 519 2262 simum
535 2194 666 2262 tamen
683 2194 742 2263 est
760 2195 804 2262 ut
822 2184 903 2262 ita²⁷
921 2185 1116 2286 palpebrae
1134 2185 1214 2262 eius
1233 2185 1452 2283 praecedant
1471 2211 1625 2284 gressus
1644 2211 1733 2263 suos
1752 2187 1855 2284 quod
1873 2185 1970 2261 iudi-

379 2307 482 2382 cium
500 2331 578 2381 non
596 2304 748 2381 vacillet
767 2329 838 2402 per
857 2302 1170 2402 imprudentiam,
1190 2327 1259 2379 nec
1278 2303 1537 2380 misericordia
1556 2302 1747 2403 desipiat²⁸
1767 2329 1839 2403 per
1859 2303 1970 2379 incir-

379 2420 742 2523 cumspectionem.¹⁰
766 2421 1032 2498 Misericordia
1055 2421 1242 2519 siquidem
1264 2421 1406 2498 iniusta
1428 2431 1486 2499 est
1509 2446 1598 2498 cum
1621 2420 1908 2520 incorrigibili,⁸⁰
1932 2429 1971 2498 et

380 2569 459 2620 non
477 2543 594 2621 estin
614 2568 676 2621 eos
695 2541 935 2619 liberalitatis
955 2550 1130 2640 auguste
1149 2542 1353 2618 referenda
1373 2542 1591 2619 humanitas
1613 2544 1679 2641 qui
1700 2543 1972 2641 impunitatem

379 2663 519 2740 veteris
545 2663 699 2738 admissi
726 2660 995 2738 consuetudini
1020 2660 1150 2759 potius
1176 2685 1293 2758 quam
1319 2661 1577 2736 emendationi
1605 2660 1885 2760 deputarunt.⁸²
1913 2661 1971 2737 Et

380 2806 468 2858 cum
487 2780 688 2878 indulgeat
709 2781 826 2855 iudex
846 2779 1018 2878 indigno,
1040 2804 1168 2855 nonne
1190 2779 1241 2854 ad
1262 2778 1518 2878 prolapsionis
1540 2780 1765 2878 contagium
1787 2788 1972 2878 provocat

380 2900 599 2977 universos?
620 2898 684 2975 Sic
702 2923 796 2996 ergo
812 2898 1040 2974 misereatur
1057 2897 1217 2995 indigno
1236 2906 1282 2973 ut
1300 2922 1451 2995 semper
1470 2897 1613 2974 homini
1633 2896 1845 2974 condoleat.
1869 2900 1973 2975 Item

380 3019 564 3119 pauperis
577 3043 656 3094 non
668 3017 895 3093 misereatur
908 3015 992 3115 quis
1006 3015 1048 3091 in
1060 3015 1210 3104 iudicio,
1225 3015 1483 3092 misericordia
1497 3015 1640 3092 scilicet
1654 3015 1895 3105 remissionis,
1911 3015 1972 3092 cui

380 3147 513 3215 tamen
540 3134 799 3213 misericordia
826 3133 1099 3233 compassionis
1128 3141 1185 3210 est
1215 3133 1313 3210 sicut
1341 3143 1380 3210 et
1409 3133 1585 3211 omnibus
1613 3133 1882 3211 miserendum.
1913 3136 1972 3209 Et

382 3255 519 3356 quibus
539 3263 579 3331 et
599 3252 764 3353 qualiter
784 3253 833 3329 sit
852 3251 1121 3339 miserendum,
1143 3277 1232 3328 eum
1253 3253 1415 3328 doceant
1436 3253 1575 3330 merita
1595 3253 1656 3329 vel
1678 3253 1864 3330 demerita
1885 3278 1972 3352 per·

382 3398 575 3450 sonarum.

482 3626 509 3701 1
509 3633 588 3701 tem
603 3625 654 3701 od
669 3623 762 3723 qaid
774 3622 982 3711 iastitiovii,
997 3632 1036 3699 et
1050 3622 1309 3699 iurisdictione
1326 3621 1515 3721 delegata.

383 3745 413 3821 f.
430 3745 522 3838 108]
577 3742 759 3818 Drcrum
775 3750 833 3818 est
847 3741 888 3816 in
901 3740 1079 3839 proximo
1093 3741 1141 3817 de
1156 3739 1350 3816 ordinaria
1365 3741 1624 3819 iurisdictione
1640 3768 1724 3841 quae
1739 3741 1908 3842 pertinet
1924 3744 1974 3819 ad

383 3888 526 3961 regem,
545 3869 822 3959 consequenter
839 3859 1042 3936 dicendum
1060 3868 1118 3936 est
1136 3859 1184 3935 de
1202 3859 1461 3936 iurisdictione
1480 3860 1659 3958 delegata
1677 3861 1743 3937 ubi
1763 3861 1847 3959 quis
1867 3887 1917 3938 ex
1935 3887 1975 3938 se

383 3985 468 4084 ipso
489 3983 637 4059 nullam
655 3981 770 4056 habet
792 3979 1072 4067 auctoritatem,
1094 3977 1161 4054 sed
1183 3977 1231 4053 ab
1253 3977 1328 4053 alio
1350 3977 1420 4054 sibi
1440 3979 1692 4067 commissam,
1714 4004 1802 4056 cum
1824 3980 1886 4057 ille
1909 3980 1975 4079 qui

384 4103 538 4199 delegat
554 4125 633 4177 non
649 4098 811 4175 sufficiat
828 4121 899 4196 per
916 4122 955 4172 se
972 4121 1102 4172 omnes
1119 4119 1253 4172 causas
1271 4095 1348 4171 sive
1366 4096 1643 4174 iurisdictiones
1662 4098 1880 4174 terminare.
1900 4097 1974 4175 Ut¹

384 4221 415 4298 si
433 4221 515 4320 ipse
533 4217 711 4295 dominus
727 4242 796 4292 rex
815 4215 865 4291 ad
882 4214 1053 4313 singulas
1071 4238 1205 4290 causas
1222 4214 1484 4291 terminandas
1503 4240 1581 4291 non
1599 4213 1773 4305 sufficiat,
1793 4227 1837 4294 ut
1856 4216 1976 4293 levior

385 4340 434 4416 sit
455 4339 490 4414 ei
509 4338 620 4414 labor
639 4337 680 4412 in
701 4335 831 4434 plures
854 4357 1037 4432 personas
1061 4332 1220 4429 partitio
1242 4357 1368 4420 onere,
1391 4332 1531 4430 eligere
1554 4334 1667 4410 debet
1690 4334 1738 4410 de
1761 4361 1882 4433 regno
1906 4359 1975 4412 suo

385 4457 486 4533 viros
509 4455 700 4554 sapientes
723 4461 761 4529 et
783 4453 962 4528 timentes
986 4450 1101 4526 deum
1123 4450 1163 4525 in
1187 4449 1323 4548 quibus
1348 4450 1398 4526 sit
1419 4452 1561 4527 veritas
1585 4452 1823 4550 eloquiorum
1847 4465 1885 4530 et
1910 4454 1976 4553 qui

384 4572 549 4651 oderint'
567 4571 779 4658 avaritiam,
798 4594 882 4668 quae
899 4568 1045 4645 inducit
1064 4567 1326 4666 cupiditatem,
1345 4578 1384 4644 et
1403 4594 1452 4645 ex
1470 4569 1543 4646 illis
1562 4571 1793 4648 constituere
1813 4573 1975 4650 iustitia·

383 4692 472 4781 rios,
489 4688 753 4777 vicecomites:
770 4698 809 4765 et
827 4687 920 4763 alios
936 4687 1130 4763 ministros
1148 4693 1187 4762 et
1205 4686 1364 4762 ballivos
1382 4712 1482 4777 suos,
1501 4688 1638 4786 quibus
1656 4690 1878 4767 referantur
1894 4701 1976 4768 tam

384 4912 411 4947 ²⁸
423 4911 619 4991 proficiscere
638 4909 671 4969 id
689 4915 737 4969 est
756 4905 909 4985 profiteri,
927 4907 972 4979 V;
992 4905 1153 4985 proficere,
1173 4907 1255 4979 MA;
1275 4905 1455 4985 profecerit,
1478 4909 1558 4982 MB;
1579 4909 1709 4987 proiec,
1729 4911 1803 4983 OB;
1824 4912 1974 4987 confiteri,

385 5014 451 5076 GE.
489 5011 607 5085 ιτοη,
623 5010 693 5084 ΟΒ,
708 5010 784 5084 MA,
801 5009 878 5084 MB,
893 5007 933 5068 Y.
972 5005 1157 5084 ²⁸deeipiat,
1174 5008 1213 5083 V,
1229 5006 1296 5080 OC,
1315 5009 1392 5082 MG,
1411 5009 1485 5086 CM,
1503 5010 1583 5082 MC;
1601 5010 1732 5090 desipio,
1749 5012 1823 5086 OB;
1842 5014 1975 5092 desipia-

384 5124 446 5192 tur,
467 5116 541 5176 MA.
583 5113 610 5148 ²⁹
621 5117 770 5173 incertum
790 5113 990 5189 spectionem,
1010 5107 1079 5182 OB,
1099 5109 1166 5184 OC,
1188 5109 1262 5184 CM,
1283 5109 1328 5181 Y;
1349 5113 1500 5170 incertam
1521 5115 1752 5189 inspectionem,
1774 5114 1857 5187 MG;
1880 5119 1975 5175 inter·

384 5217 500 5279 dictum
521 5219 719 5294 spectionem,
740 5212 822 5286 MA;
843 5213 1189 5288 lnctreumapectionem,
1209 5210 1249 5284 V,
1270 5208 1340 5285 OA,
1361 5212 1437 5287 MB,
1459 5213 1526 5288 CB,
1549 5213 1622 5274 MC.
1666 5211 1885 5294 ”corrigib'dt
1907 5215 1975 5291 OB,

385 5318 462 5394 MA,
482 5318 520 5379 Y.
563 5315 589 5350 ⁸¹
601 5315 830 5395 deputaverint,
850 5313 919 5388 OB,
939 5313 1021 5384 MA;
1042 5311 1278 5390 deputaverunt,
1300 5313 1375 5373 ΜΒ.

468 5419 534 5493 ¹et,
553 5418 592 5491 V,
611 5417 677 5478 OC.
718 5414 884 5489 'oderunt
904 5413 943 5487 V,
962 5413 1030 5488 OC,
1050 5413 1125 5473 MA.
1167 5409 1272 5487 ⁸Om.,
1293 5413 1362 5488 OB,
1382 5414 1459 5490 MA,
1480 5415 1556 5489 MB,
1576 5416 1616 5477 Y.
