4432 6340
401 493 473 562 186
932 484 1154 548 BRACTON:
1177 486 1238 546 DE
1261 485 1454 548 LEGIBUS

399 645 491 714 onte
515 634 636 713 latam
660 637 903 725 sententiam,
929 661 1008 712 non
1034 637 1160 714 mnas
1186 635 1401 720 habeantur
1427 634 1601 734 legitimi,
1627 645 1667 712 et
1693 634 1798 734 quod
1823 634 1865 711 io
1891 634 1993 712 bono

398 763 565 855 paterno
577 755 806 833 hereditario
819 755 903 833 iare
916 755 1135 844 awcedant,
1150 765 1188 832 et
1203 754 1252 832 dc
1264 762 1473 854 parentam
1487 751 1741 848 focsdtatr'baa
1755 751 1990 831 nutriantur.

500 872 681 966 Qualiter
699 871 890 972 illegitimi
911 872 1188 971 legitimantar.

401 992 618 1074 Saoumua
631 991 761 1068 videre
775 991 941 1089 qualiter
955 990 1144 1089 illegitimi
1159 989 1436 1088 legitimantur.
1454 989 1512 1066 Et
1528 989 1724 1066 sciendum
1739 991 1843 1088 quod
1859 991 1890 1066 si
1906 990 1991 1089 quis

398 1111 595 1189 cannales
617 1110 793 1187 habuerit
815 1110 914 1187 filios
937 1111 985 1187 de
1008 1109 1138 1208 aliqua
1159 1118 1199 1186 et
1223 1117 1359 1208 postea
1380 1133 1469 1184 cum
1492 1109 1626 1185 eadem
1649 1107 1897 1198 contraxerit,
1922 1107 1991 1184 filii

398 1230 477 1307 iam
501 1230 583 1306 nati
609 1255 680 1329 per
703 1228 992 1305 matrimonium
1017 1226 1250 1327 subsequens
1275 1226 1553 1325 legitimantur,
1581 1236 1621 1303 et
1647 1227 1697 1302 ad
1723 1251 1855 1304 omnes
1882 1235 1991 1303 actus

398 1347 590 1445 legitimos
607 1347 733 1424 idonei
750 1356 995 1446 reputantur.
1015 1346 1096 1422 Sed
1111 1371 1190 1421 non
1206 1345 1280 1422 nisi
1298 1346 1349 1422 ad
1366 1371 1411 1421 ea
1430 1369 1514 1443 qua
1532 1343 1729 1443 pertinent
1748 1344 1798 1421 ad
1817 1344 1990 1421 sacerdo·

398 1467 508 1543 tium.
527 1467 596 1542 Ad
613 1493 659 1543 ea
675 1491 766 1543 vero
783 1491 866 1565 quae
885 1465 1081 1564 pertinent
1098 1465 1148 1541 ad
1167 1489 1332 1562 regnum
1349 1489 1428 1539 non
1446 1473 1537 1540 sunt
1554 1463 1727 1561 legitimi,
1746 1488 1816 1540 nec
1833 1462 1990 1540 heredes

398 1585 618 1661 iudicantur
647 1586 749 1684 quod
779 1582 1003 1684 parentibus
1034 1581 1234 1659 succedere
1263 1580 1452 1682 possint,¹¹
1484 1589 1646 1680 propter
1675 1582 1991 1658 consuetudinem

399 1704 510 1802 regni
527 1704 631 1801 quod
649 1729 688 1781 se
705 1703 821 1780 habet
837 1704 879 1778 in
896 1701 1143 1778 contrarium.
1165 1701 1297 1800 Spurii
1315 1725 1407 1776 vero
1425 1701 1557 1799 quiex
1577 1700 1760 1778 damnato
1778 1700 1882 1776 coitu
1901 1724 1990 1800 pro·

398 1833 580 1900 creantur
600 1849 625 1897 a
642 1821 784 1898 talibus
804 1821 905 1899 inter
927 1845 1021 1919 quos
1042 1818 1330 1896 matrimonium
1352 1843 1432 1896 esse
1454 1843 1532 1894 non
1554 1827 1684 1918 posset
1706 1818 1810 1894 omni
1832 1843 1990 1917 prorsus

397 1940 428 2016 f.
444 1938 538 2034 68b]
594 1939 776 2016 beneficio
796 1940 1067 2015 excluduntur.
1089 1936 1380 2035 Legitimantur
1399 1936 1516 2014 etiam
1538 1936 1768 2036 quandoque
1790 1936 1899 2036 quasi
1920 1960 1991 2035 per

399 2060 647 2158 adoptionem
664 2059 711 2134 de
727 2082 913 2135 consensu
930 2066 970 2134 et
985 2057 1185 2134 voluntate
1203 2065 1427 2156 parentum:
1444 2063 1490 2131 ut
1508 2054 1539 2132 si
1556 2080 1657 2131 uxor
1673 2054 1832 2131 alicuius
1850 2054 1898 2131 de
1915 2054 1990 2130 alio

398 2177 617 2276 conceperit
638 2201 755 2276 quam
776 2177 823 2252 de
845 2177 927 2252 viro
949 2200 1029 2264 suo,
1053 2185 1092 2251 et
1112 2175 1201 2252 licet
1223 2175 1270 2251 de
1290 2174 1362 2250 hoc
1383 2173 1597 2250 constiterit
1617 2173 1659 2248 in
1680 2173 1854 2261 veritate,
1877 2171 1909 2249 si
1931 2173 1991 2247 vir

398 2297 528 2394 ipsum
548 2295 589 2370 in
611 2297 726 2371 domo
748 2321 817 2372 sua
839 2293 1048 2392 susceperit
1071 2303 1110 2370 et
1132 2291 1376 2369 advocaverit
1398 2301 1437 2369 et
1461 2291 1666 2367 nutriverit
1688 2301 1734 2368 ut
1757 2291 1892 2380 filium,
1916 2291 1990 2366 erit

398 2415 507 2493 heres
522 2413 590 2490 et²²
607 2413 819 2510 legitimus:
835 2411 895 2488 vel
912 2411 945 2488 si
960 2436 1139 2510 expresse
1157 2436 1236 2486 non
1253 2409 1507 2498 advocaverit,
1526 2410 1619 2486 dum
1636 2417 1767 2484 tamen
1784 2407 1893 2485 illum
1910 2433 1991 2484 non

400 2533 597 2622 amoverit,
614 2533 692 2609 sive
706 2531 766 2607 vir
782 2531 936 2607 omnino
952 2530 1188 2628 ignoraverit
1205 2528 1265 2605 vel
1284 2528 1434 2606 sciverit
1450 2526 1511 2604 vel
1529 2527 1773 2616 dubitaverit,
1790 2525 1879 2603 talis
1896 2526 1989 2624 legi·

398 2651 517 2730 timus
536 2659 575 2728 et
593 2650 703 2726 heres
721 2647 952 2726 iudicabitur
970 2674 1016 2725 eo
1036 2648 1139 2747 quod
1158 2645 1357 2724 nascitur²⁸
1377 2645 1454 2722 ex¹⁴
1473 2671 1606 2734 uxore,
1628 2646 1722 2722 dum
1740 2655 1873 2721 tamen
1894 2669 1989 2743 prae·

399 2771 498 2847 sumi
513 2769 635 2869 possit
649 2769 752 2868 quod
766 2767 895 2867 potuit
910 2768 1038 2865 ipsum
1052 2765 1240 2864 genuisse.
1257 2766 1315 2841 Et
1330 2765 1426 2841 illud
1442 2765 1542 2842 idem
1558 2765 1632 2841 dici
1648 2764 1792 2864 poterit
1808 2765 1856 2840 de
1872 2773 1990 2863 partu

399 2889 613 2988 supposito,
630 2895 669 2965 et
686 2887 739 2963 sic
756 2887 985 2986 quandoque
1002 2885 1214 2962 communis
1232 2884 1363 2982 opinio
1380 2884 1588 2983 praefertur
1606 2883 1778 2959 veritate.

498 3007 564 3083 De
577 3003 945 3105 praesumptionibus
959 3004 1064 3104 qaod
1077 3011 1216 3102 partera
1230 3001 1367 3079 debeat
1384 3025 1464 3079 casa
1479 3001 1674 3100 legitimas
1689 3026 1734 3079 eo
1750 3001 1855 3101 qaod
1869 2999 1989 3077 noct-

500 3133 565 3202 tar
578 3148 626 3201 aa
638 3146 770 3200 acore.

401 3244 594 3320 S1autem
608 3242 777 3318 violenta
792 3239 1044 3340 presumptio
1061 3265 1100 3316 se
1118 3239 1237 3316 faciat
1253 3239 1294 3315 in
1311 3236 1546 3315 contrarium
1563 3238 1604 3313 in
1621 3237 1811 3338 predictis
1828 3235 1990 3325 casibus,

398 3371 444 3438 ut
460 3386 547 3438 ecce
562 3360 724 3438 maritus
742 3359 930 3458 probatur
947 3367 1110 3458 propter
1128 3357 1296 3456 aliquam
1314 3357 1500 3455 gravem¹⁸
1518 3356 1782 3434 infirmitatem
1799 3354 1860 3431 vel
1879 3355 1988 3452 frigi-

399 3481 561 3556 ditatem
579 3479 639 3554 vel
658 3477 853 3576 aliquam¹⁸
873 3477 1141 3575 impotentiam
1160 3474 1332 3563 coeundi,
1352 3501 1423 3574 per
1442 3474 1609 3551 multum
1627 3481 1782 3572 tempus
1803 3497 1882 3549 non
1901 3497 1988 3548 con·

399 3597 572 3675 cubuisse
587 3622 675 3673 cum
690 3621 823 3685 uxore,
838 3596 899 3671 vel
914 3594 945 3671 si
961 3595 1147 3693 probetur
1163 3595 1267 3693 quod
1282 3603 1393 3671 extra
1410 3619 1574 3692 regnum
1590 3593 1651 3670 vel
1668 3592 1904 3691 provinciam
1920 3617 1991 3692 per

399 3715 594 3792 biennium
607 3725 646 3792 et
659 3714 764 3792 ultra
776 3713 892 3813 longe
906 3712 1089 3802 extiterit,
1103 3712 1169 3789 et¹⁷
1184 3714 1287 3811 quod
1300 3712 1543 3789 vehementer
1558 3712 1736 3810 presumi
1752 3710 1873 3811 possit
1887 3710 1991 3809 quod

400 3839 451 3914 ad
471 3860 634 3913 uxorem
657 3858 850 3911 accessum
871 3831 1011 3909 habere
1033 3857 1113 3908 non
1136 3831 1276 3931 potuit,
1300 3841 1340 3909 et
1363 3856 1451 3907 cum
1474 3829 1629 3907 redierit
1653 3828 1842 3905 uxorem²⁸
1866 3853 1990 3928 prag·

399 3963 558 4031 nantem
582 3953 770 4030 invenerit
795 3950 883 4028 vel¹⁹
908 3950 1115 4051 parvulum
1140 3949 1344 4026 habentem
1369 3949 1601 4037 anniculum,
1628 3948 1706 4025 sive
1730 3948 1849 4026 talem
1875 3948 1989 4024 advo·

399 4073 543 4150 caverit
560 4083 599 4149 et
616 4071 820 4148 nutriverit
836 4071 897 4146 vel
914 4094 1003 4158 non,
1022 4068 1095 4146 erit
1111 4068 1199 4145 talis
1216 4068 1318 4145 filius
1334 4093 1414 4144 non
1431 4067 1621 4144 immerito
1640 4093 1664 4143 a
1681 4066 1915 4144 successione
1932 4091 1990 4142 re·

400 4193 613 4292 pellendus,
637 4191 728 4290 quia
750 4190 838 4266 talis
862 4189 964 4264 filius
988 4212 1058 4263 nec
1081 4187 1188 4264 heres
1213 4213 1294 4263 esse
1317 4186 1472 4285 poterit.
1500 4186 1577 4263 Sed
1601 4187 1683 4262 vice
1707 4211 1818 4262 versa
1839 4181 1908 4261 'ubi
1931 4183 1991 4259 vir

400 4337 516 4390 sanus
541 4311 662 4387 fuerit
686 4319 725 4386 et
749 4307 961 4396 incolumia,
986 4315 1026 4384 et
1052 4331 1203 4404 semper
1228 4304 1378 4381 steterit
1402 4330 1490 4381 cum
1515 4330 1637 4380 uxore
1662 4304 1703 4380 in
1728 4302 1925 4403 provincia
1950 4301 1991 4377 in

399 4458 478 4509 una
495 4432 610 4507 domo
625 4437 665 4506 et
680 4428 780 4504 lecto
796 4451 886 4516 una,
903 4425 981 4502 sive
998 4434 1135 4524 partus
1152 4433 1360 4522 conceptus
1378 4423 1497 4499 fuerit
1516 4422 1564 4497 ab
1581 4423 1657 4499 alio
1674 4422 1735 4497 vel
1754 4421 1990 4520 suppositus,

399 4559 439 4626 et
456 4551 539 4648 ipse
556 4572 644 4624 eum
662 4546 866 4622 nutriverit
884 4554 923 4621 et
941 4543 1117 4620 habuerit
1136 4568 1208 4641 pro
1227 4542 1318 4630 filio,
1337 4542 1397 4619 vel
1416 4543 1532 4618 etiam
1550 4542 1679 4639 ipsum
1698 4539 1991 4616 deadvocaverit

400 4665 467 4742 et²⁰
486 4664 683 4752 amoverit,
703 4663 734 4740 si
753 4669 889 4762 postea
906 4662 1035 4761 ipsum
1054 4661 1318 4759 recognoverit
1338 4662 1388 4736 ad
1408 4659 1530 4738 filium
1550 4683 1680 4734 coram
1697 4657 1789 4734 viris
1809 4658 1886 4733 fide
1907 4658 1990 4754 dig·

401 4785 460 4862 nis
482 4785 547 4884 qui
569 4785 640 4859 hoc
662 4781 911 4882 probaverint
933 4781 965 4856 si
985 4805 1084 4878 opus
1108 4779 1239 4868 fuerit,
1261 4778 1423 4855 ulterius
1446 4778 1681 4854 deadvocare
1705 4802 1784 4853 non
1808 4774 1990 4875 poterit,²¹

401 4902 496 4979 sed²²
518 4903 592 4980 erit
613 4901 715 4977 filius
737 4900 931 4999 legitimus
953 4908 993 4977 et
1015 4899 1135 4975 heres.
1160 4898 1219 4973 Et
1242 4899 1289 4974 de
1312 4897 1382 4972 hac
1405 4895 1565 4973 materia
1589 4897 1751 4972 inveniri
1776 4895 1920 4996 poterit
1944 4894 1992 4970 de

400 5103 427 5138 ²²
438 5111 579 5182 possunt,
596 5102 636 5178 V,
654 5101 724 5178 ΟΛ,
741 5102 782 5176 Υ,
800 5103 867 5179 OC,
886 5101 960 5162 MC.
999 5099 1119 5174 12Οιιι,
1138 5100 1205 5175 LA,
1225 5100 1292 5175 OC,
1311 5098 1388 5175 MA,
1407 5098 1480 5160 MC.
1522 5095 1739 5172 ¹⁸nascuntur,
1759 5097 1837 5173 MG,
1855 5097 1896 5171 Y,
1916 5094 1990 5156 CM.

401 5202 429 5237 ¹⁴
440 5202 489 5279 de,
502 5204 542 5280 V,
556 5203 625 5277 OB,
640 5202 717 5278 MA,
730 5203 805 5266 ΜΒ.
841 5201 1015 5278 1¹⁵0m.,V,
1030 5203 1100 5276 OB,
1115 5201 1191 5275 MA,
1206 5201 1281 5261 ΜΒ.
1318 5198 1459 5277 1⁶aliam,
1473 5200 1513 5277 V,
1528 5197 1598 5274 ΟΛ,
1612 5201 1680 5276 LA,
1696 5201 1763 5263 OB.
1800 5196 1992 5275 ²'per,0A,

402 5305 468 5378 LA,
484 5303 558 5380 MC,
571 5303 627 5365 OC
646 5303 694 5383 (p.
709 5303 766 5366 hoc
780 5303 840 5384 v.).
855 5302 884 5337 ²⁸
895 5304 975 5377 Om,
990 5304 1030 5378 V,
1045 5303 1115 5380 OB,
1130 5301 1206 5377 MA,
1222 5302 1297 5364 ΜΒ.
1334 5300 1453 5378 1Ὀιιι,
1469 5302 1538 5378 OB,
1555 5302 1631 5379 MA,
1647 5301 1723 5377 ΜΒ,
1739 5300 1806 5377 CE,
1822 5301 1897 5376 CM,
1914 5298 1992 5374 MG,

402 5403 441 5464 Y.
477 5402 504 5438 ²⁰
514 5403 575 5479 vel,
589 5405 655 5480 LA,
670 5403 743 5465 MC.
779 5403 805 5438 ¹²
817 5407 930 5483 potuit,
944 5404 1014 5479 OB,
1029 5405 1106 5478 MA,
1122 5405 1196 5467 ΜΒ.
1234 5402 1260 5436 ²²
1272 5410 1313 5481 et,
1329 5403 1398 5479 ΟΛ,
1412 5403 1480 5480 LA,
1495 5405 1561 5466 OC.
