4392 6352
391 496 465 566 aot
923 488 1147 551 canoros:
1170 489 1231 550 ns
1254 489 1447 552 seorsus

392 640 497 738 quod
509 639 639 716 dotem
651 638 790 717 habere
805 664 884 717 non
896 649 1037 739 posset,
1051 666 1096 718 eo
1110 643 1214 740 quod
1228 641 1311 717 viro
1324 640 1432 718 cuius
1447 640 1599 718 nomine
1614 641 1744 718 dotem
1758 640 1858 740 petit
1872 666 1983 718 num·

392 784 509 858 quam
526 758 603 836 fuit
620 758 793 857 legitimo
809 759 1054 836 matrimonio
1071 759 1265 859 copulata,
1283 760 1412 836 nullus
1431 759 1527 837 alius
1545 767 1686 858 prater
1704 785 1836 857 regem
1854 769 1984 858 posset

391 877 573 976 episcopo
599 876 845 953 demandare¹
872 876 1155 976 inquisitionem
1173 877 1410 955 faciendam.
1439 879 1542 954 Item
1568 878 1787 955 immediate
1813 879 1983 978 pertinet

393 997 443 1072 ad
461 1022 593 1094 regem
612 995 781 1095 querela²
800 995 888 1073 finis
908 997 1022 1072 factoe
1040 997 1081 1072 in
1100 995 1207 1073 curia
1226 995 1370 1073 domini
1389 995 1492 1094 regis
1512 1006 1551 1074 et
1571 1021 1649 1073 non
1669 994 1904 1072 observatae.⁸
1925 997 1983 1074 Et

392 1125 450 1192 est
470 1115 582 1203 ratio,
603 1115 693 1214 quis
712 1141 825 1192 nemo
845 1123 974 1213 potest
994 1115 1111 1192 finem
1131 1115 1378 1214 interpretari
1399 1115 1471 1191 nisi
1492 1116 1574 1213 ipse
1596 1141 1665 1192 rex
1686 1116 1727 1191 in
1749 1115 1855 1192 cuius
1877 1116 1984 1193 curia

392 1233 488 1310 fines
510 1234 621 1310 fiunt.
644 1233 721 1310 Est
742 1233 845 1310 enim
865 1233 946 1310 eius
968 1233 1216 1332 interpretari
1238 1233 1346 1310 cuius
1368 1243 1426 1310 est
1448 1231 1638 1309 condere.⁴
1687 1234 1791 1310 Item
1814 1234 1854 1309 in
1876 1233 1984 1310 curia

392 1350 536 1428 domini
562 1350 664 1450 regis
689 1351 908 1429 immediate
934 1351 1171 1451 placitantur
1198 1351 1326 1452 plura'
1353 1351 1497 1450 placita
1524 1361 1688 1452 propter
1714 1353 1982 1450 impotentiam

392 1471 554 1548 aliorum
577 1496 626 1548 ex
649 1470 885 1559 necessitate,
909 1495 997 1547 cum
1020 1494 1099 1547 non
1122 1469 1243 1570 possit
1268 1469 1404 1569 aliquis
1427 1470 1533 1560 baro,
1556 1471 1775 1558 vicecomes,
1799 1471 1860 1547 vel
1885 1470 1981 1548 alius

391 1589 440 1666 de
459 1587 586 1666 liberis
607 1589 835 1666 tenementis
855 1613 1095 1687 cognoscere,
1117 1613 1187 1665 nec
1206 1597 1341 1665 tenens
1362 1598 1517 1666 tenetur
1537 1591 1780 1688 respondere,
1804 1589 1884 1667 sine
1906 1614 1981 1666 wa·

391 1715 505 1783 ranto
521 1707 582 1782 vel
600 1715 794 1806 praecepto
812 1707 956 1784 domini
973 1707 1087 1805 regis,
1106 1732 1176 1784 nec
1195 1707 1311 1784 etiam
1330 1716 1493 1806 possunt
1513 1707 1679 1806 aliquem
1698 1707 1746 1784 de
1764 1707 1983 1785 huiusmodi

390 1829 441 1904 ad
459 1836 741 1904 sacramentum
760 1826 839 1903 sine
858 1835 1032 1902 waranto
1050 1825 1289 1924 compellere.
1309 1825 1368 1902 Et
1386 1825 1603 1902 huiusmodi
1622 1825 1766 1927 placita
1785 1835 1877 1903 sunt
1896 1826 1981 1902 infi-

390 1945 483 2021 nita.
504 1944 684 2034 Qualiter
701 1953 832 2021 autem
850 1943 993 2043 placita
1012 1944 1060 2021 de
1077 1943 1183 2020 curia
1200 1943 1241 2020 in
1258 1944 1404 2020 curiam
1422 1944 1715 2021 transferuntur
1734 1953 1897 2044 propter
1915 1971 1981 2021 ne·

389 2063 605 2140 cessitatem
629 2062 905 2160 multipliciter,
930 2061 1005 2138 rel⁶
1031 2071 1193 2162 propter
1217 2060 1499 2160 indulgentiam
1525 2062 1857 2161 privilegiatorum
1883 2063 1981 2141 sicut

390 2183 703 2285 Templariorum
724 2190 764 2258 et
784 2181 1012 2270 huiusmodi,
1033 2181 1139 2257 infra
1159 2181 1309 2258 dicetur
1329 2181 1480 2280 plenius
1504 2207 1574 2281 per
1596 2181 1888 2259 translationem
1910 2207 1982 2280 per

390 2326 502 2401 pone.

494 2539 574 2620 Ubi
589 2551 772 2619 eteorum
788 2542 927 2642 quibua
941 2542 1116 2641 personia
1131 2541 1395 2641 proponendo
1410 2551 1502 2618 caat
1519 2541 1688 2618 octiorwa
1703 2552 1742 2620 et
1758 2541 1980 2641 probando.

390 2659 638 2736 annuum²
655 2659 772 2737 etiam
787 2660 853 2736 ubi
870 2669 909 2737 et
925 2685 1054 2736 coram
1069 2659 1207 2759 quibus
1223 2659 1395 2760 personis
1412 2660 1673 2760 proponendae
1691 2658 1795 2738 sunt⁸
1813 2662 1981 2738 actiones

390 2787 429 2855 et
443 2776 663 2879 probanda.
678 2778 737 2854 Et
751 2778 947 2856 sciendum
962 2778 1285 2877 quodiniudicio.
1842 2857 1843 2862 ,

492 2897 600 2990 Quid
622 2897 673 2975 ait
697 2897 892 2986 iodicium,
917 2907 956 2974 et
979 2897 1022 2974 ia
1046 2897 1184 2998 quibua
1209 2896 1382 2974 consistit
1407 2896 1575 2993 officium
1599 2897 1747 2986 iudicis,
1773 2897 1915 2975 seilicet
1939 2896 1982 2974 io

491 3014 624 3091 tribua.

390 3134 625 3211 Vmanum
642 3142 700 3210 est
715 3133 836 3232 igitur
852 3133 945 3233 quid
962 3133 1011 3210 sit
1028 3133 1221 3210 iudicium.
1240 3134 1299 3210 Et
1315 3132 1525 3211 sciendum⁸
1544 3135 1647 3232 quod
1665 3134 1846 3210 iudicium
1865 3143 1923 3212 est
1940 3135 1981 3209 in

391 3251 561 3352 qualibet
576 3252 724 3328 actione
738 3253 863 3328 trinus
879 3261 986 3329 actus
1000 3251 1120 3328 trium
1135 3277 1404 3352 personarum:
1422 3252 1566 3341 iudicis,
1583 3252 1769 3341 videlicet,
1786 3253 1925 3330 actoris
1941 3260 1982 3330 et

390 3370 457 3459 rei,
477 3372 687 3448 secundum
706 3372 809 3469 quod
827 3371 936 3468 large
955 3369 1075 3471 accipi
1093 3380 1256 3470 possunt
1274 3371 1492 3447 huiusmodi
1511 3395 1695 3469 personae,
1716 3371 1856 3449 scilicet
1877 3371 1981 3470 quod

391 3487 476 3564 duae
496 3487 573 3566 sint
594 3512 766 3587 persona
786 3489 837 3564 ad
856 3489 983 3566 minus
1004 3489 1106 3565 inter
1126 3514 1221 3588 quas
1242 3488 1446 3566 vertatur¹⁰
1468 3489 1673 3578 contentio,
1696 3498 1737 3566 et
1755 3489 1873 3566 tertia
1893 3515 1980 3588 per·

391 3633 485 3685 sona
509 3608 559 3684 ad
580 3606 707 3685 minus
731 3607 842 3706 quoe²²
867 3605 1019 3683 iudicet.
1044 3606 1232 3705 Alioquin
1256 3633 1335 3684 non
1359 3607 1431 3684 erit
1456 3607 1649 3697 iudicium,
1674 3633 1762 3684 cum
1786 3609 1868 3684 istae
1894 3633 1979 3708 per·

391 3752 492 3804 sonae
510 3726 587 3803 sint
606 3735 737 3825 partes
755 3725 987 3826 principales
1005 3726 1045 3801 in
1062 3725 1202 3802 iudicio
1221 3726 1301 3802 sine
1320 3726 1457 3824 quibus
1478 3725 1659 3803 iudicium
1678 3726 1883 3804 consistere
1902 3752 1981 3803 non

390 3852 530 3944 potest.
554 3845 681 3922 Iudex
702 3869 793 3920 vero
814 3844 892 3921 sive
912 3843 1138 3921 iustitiarius
1159 3844 1217 3920 uti
1239 3843 1352 3921 debet
1371 3844 1546 3933 veritate,
1568 3855 1607 3922 et
1628 3845 1768 3922 veritas
1791 3845 1918 3922 iudicii
1939 3845 1981 3920 in

389 3963 513 4040 tribus
534 3961 718 4052 consistit,
740 3962 881 4040 scilicet
902 3961 970 4038 in¹²
990 3961 1228 4038 indifferenti
1250 3971 1289 4039 et
1310 3961 1446 4061 oequali
1468 3962 1640 4061 partium
1661 3963 1913 4061 susceptione,
1935 3972 1981 4040 ut

389 4081 533 4180 legitur
550 4082 590 4156 in
607 4080 912 4158 Deuteronomio
932 4079 1097 4180 prim0,¹⁸
1115 4081 1266 4159 Audite
1283 4080 1369 4158 illoc
1387 4090 1426 4156 et
1445 4081 1549 4179 qaod
1566 4081 1711 4157 iustam
1730 4080 1864 4176 fuerit,
1882 4081 1980 4159 iudi·

390 4209 486 4290 cote,
501 4201 581 4278 siue
597 4199 689 4276 civia
703 4202 754 4278 sit
769 4201 842 4277 istc
857 4198 936 4277 sive
951 4198 1191 4299 peremtoria.
1210 4199 1255 4274 N
1254 4198 1335 4276 ulla
1351 4199 1424 4276 etit
1440 4199 1626 4277 distantia
1641 4223 1907 4299 personarum,
1925 4201 1981 4277 ita

390 4340 555 4419 pomam
574 4317 736 4395 audietis
753 4327 798 4394 at
816 4343 1014 4416 magnam,
1032 4341 1101 4393 aec
1119 4316 1313 4416 accipietia
1332 4317 1556 4416 cuiusquam
1573 4341 1791 4417 personam,
1810 4318 1901 4417 quia
1918 4319 1981 4396 dei

388 4433 558 4512 iudicum
575 4445 644 4513 est.
665 4436 769 4511 Item
785 4436 826 4510 in
842 4436 975 4512 eodem
991 4435 1090 4511 libro
1107 4436 1277 4534 capitulo
1296 4444 1405 4513 sexto
1424 4435 1582 4525 decimo,
1599 4436 1644 4511 N
1644 4461 1695 4512 oo
1713 4436 1874 4534 accipiet
1892 4460 1979 4536 per·

389 4576 571 4630 tuomum
589 4576 659 4628 aec
677 4577 849 4641 manera,
867 4553 958 4652 quio
975 4577 1136 4630 munera
1155 4564 1347 4630 eoecoecoot
1366 4563 1543 4643 etcetera‚
1563 4562 1608 4630 ut
1626 4555 1731 4631 infra
1751 4556 1799 4630 de
1818 4555 1980 4632 iustitia·

389 4671 465 4748 riis
490 4672 593 4747 Item
613 4671 786 4748 consistit
806 4672 848 4747 in
868 4671 1043 4770 diligenti
1064 4673 1346 4748 examinatione
1368 4673 1460 4770 quia
1480 4680 1635 4771 oportet
1657 4673 1819 4749 iudicem
1841 4682 1981 4750 cuncta

390 4789 419 4865 f.
436 4787 554 4882 106b]
611 4788 751 4865 rimari.
776 4789 870 4864 Hoc
893 4789 1119 4888 intellegens
1143 4791 1217 4867 Iob
1240 4791 1306 4880 ait,
1330 4790 1507 4867 vicesimo
1531 4816 1644 4879 nono,
1670 4793 1839 4868 Causam
1863 4816 1979 4891 quum

471 5009 483 5043 ²
495 5009 652 5085 mandare,
664 5009 732 5084 OB,
744 5008 811 5085 OC,
824 5010 900 5071 MG.
935 5007 1118 5086 ²pertinent
1130 5009 1271 5089 querela,
1284 5011 1360 5083 MA,
1373 5011 1449 5086 ΜΒ,
1463 5011 1538 5085 ΜΟ,
1552 5011 1591 5085 Y,
1604 5008 1672 5070 OB.
1708 5007 1720 5042 ⁸
1732 5008 1896 5085 observati,
1910 5010 1979 5084 ΟΛ,

389 5095 555 5184 MG,Mc'.
591 5108 791 5187 ‘concedere
805 5111 845 5186 V,
859 5111 935 5171 ΜΒ.
971 5109 1076 5185 ⁵0m.,
1091 5110 1160 5185 OB,
1176 5111 1251 5171 ΜΒ.
1288 5110 1393 5185 ⁰Om,
1408 5109 1477 5187 ΟΒ,
1493 5111 1569 5187 ΜΛ,
1585 5110 1660 5172 ΜΒ.
1697 5108 1894 5186 'dicendum
1910 5109 1979 5184 OB,

389 5209 434 5282 Y;
452 5209 617 5271 videndum
635 5218 693 5286 est,
712 5211 779 5286 CB,
798 5211 865 5285 OC,
884 5212 946 5271 CM
970 5210 1035 5289 (est
1054 5210 1177 5288 etiam).
1219 5209 1317 5286 ⁸sint,
1337 5211 1405 5287 on,
1425 5212 1501 5271 ΜΒ.
1543 5210 1723 5273 ⁹sciendum
1742 5219 1802 5286 est,
1821 5212 1891 5286 OB,
1911 5211 1977 5273 ΟΕ.

387 5306 414 5345 ²⁰
425 5313 567 5384 vertitur,
579 5309 647 5385 OC,
660 5309 737 5386 MG,
751 5311 824 5371 cM.
858 5310 885 5344 ¹²
897 5314 960 5389 qui,
972 5311 1070 5388 v,Y;
1088 5311 1157 5391 (qui
1169 5309 1297 5386 iudicat,
1310 5312 1407 5391 MG).
1443 5311 1470 5347 ¹⁸
1481 5312 1561 5389 Om,
1575 5313 1644 5389 OB,
1658 5314 1734 5389 MA,
1749 5315 1824 5375 ΜΒ.
1859 5312 1978 5389 ¹⁸0m.,

388 5411 433 5485 V;
448 5411 591 5487 secundo,
606 5412 673 5486 OC,
688 5414 761 5474 cM.
