4374 6366
395 499 469 566 406
927 488 1150 550 BRACTON:
1172 488 1234 550 DE
1257 488 1451 551 LEGIBUS

396 649 487 718 sunt
509 638 668 716 tamen⁵²
691 638 884 715 iustitiarii
907 639 938 715 ei
960 637 1126 715 viderint
1149 638 1330 737 expedire
1354 665 1403 714 ex
1427 663 1542 716 causa
1566 639 1788 728 necessaria,
1813 640 1845 716 si
1867 666 1989 738 grave

396 759 539 834 crimen
554 758 678 834 latens
694 758 743 834 sit
758 766 798 832 et
812 757 1000 833 iuratores
1017 757 1120 832 forte
1135 781 1276 845 amore,
1293 757 1381 832 odio
1397 757 1456 833 vel
1474 757 1612 833 timore
1628 756 1780 832 celare⁶²
1796 756 1987 834 voluerint

396 875 637 962 veritatem,⁵³
654 900 834 975 separare
849 875 1036 951 iuratores
1052 875 1101 950 ab
1115 875 1287 963 invicem,
1304 885 1342 952 et
1358 874 1565 973 quemlibet
1580 901 1707 975 perse
1723 885 1761 952 et
1778 875 1988 974 separatim

397 994 617 1070 examinare
634 993 683 1070 cd
699 992 902 1070 veritatem
918 992 1147 1070 sufficienter
1165 991 1477 1070 declarandam.⁵⁴

495 1248 562 1325 Dc
574 1271 669 1346 pace
682 1256 721 1324 et
734 1245 862 1346 plopic
874 1246 990 1341 factis
1003 1256 1137 1323 contra
1152 1270 1298 1345 pacem.

396 1372 426 1447 f.
443 1372 535 1465 144]
591 1371 771 1446 Drcrum
787 1378 846 1445 est
860 1394 980 1467 supra
996 1371 1043 1446 de
1059 1369 1235 1469 appellis¹
1253 1371 1301 1446 de
1316 1378 1440 1446 morte
1455 1369 1617 1447 hominis
1634 1371 1811 1469 nequiter
1825 1371 1932 1447 facte
1947 1382 1987 1447 et

395 1500 531 1567 eontra
557 1513 703 1588 pacem.
756 1490 874 1564 Nune
902 1497 1032 1563 autem
1059 1487 1262 1564 dicendum
1289 1489 1338 1564 de
1365 1512 1460 1587 pace
1488 1498 1526 1565 et
1554 1489 1681 1586 plagis
1711 1489 1824 1566 iactis
1851 1500 1987 1567 contra

397 1632 543 1706 pacem.
562 1607 631 1682 Fit
650 1615 779 1683 autem
797 1605 995 1704 appellum
1012 1630 1084 1704 per
1100 1606 1178 1682 haec
1196 1606 1323 1682 verba.

499 1732 536 1807 V
536 1730 629 1807 erbo
643 1729 798 1830 appelli.

396 1855 450 1930 A.
468 1876 673 1930 arnamar
692 1855 740 1930 Β.
761 1854 863 1952 quod
882 1854 1050 1952 quadam
1068 1854 1129 1930 die
1147 1855 1216 1930 tali
1235 1854 1332 1931 sicut
1353 1853 1429 1932 luit
1448 1854 1489 1930 in
1506 1879 1601 1953 pace
1621 1855 1778 1932 domini²
1797 1855 1898 1954 regis
1917 1856 1988 1932 tali

396 1975 492 2062 loco,
507 1973 569 2050 vel
584 1974 682 2050 sicut
698 1973 768 2051 ivit
783 1973 824 2049 in
839 1998 934 2071 pace
951 1973 1095 2048 domini
1112 1973 1271 2071 regiain
1288 1972 1451 2048 chimino
1469 1973 1613 2049 domini
1631 1973 1733 2072 regis
1751 1974 1854 2051 inter
1868 1973 1989 2050 talem

396 2091 528 2167 villam
546 2101 585 2168 et
603 2091 733 2179 talem,
751 2092 821 2168 tali
841 2091 903 2167 die
921 2100 1010 2167 ante
1028 2091 1107 2168 tale
1126 2091 1272 2167 festum
1289 2091 1351 2166 vel
1370 2100 1459 2190 post
1478 2090 1571 2166 tale⁸
1592 2091 1763 2179 festum*
1784 2117 1885 2168 anno
1904 2091 1987 2180 tali,

396 2210 466 2286 tali
483 2209 603 2298 hora,⁶
622 2209 727 2286 venit
745 2209 846 2286 idem
865 2210 913 2284 B.
933 2234 1021 2285 cum
1039 2209 1076 2285 vi
1095 2233 1165 2285 sua
1184 2219 1223 2286 et.
1241 2219 1376 2286 contra
1394 2233 1529 2307 pacem
1547 2208 1691 2284 domini
1710 2209 1812 2308 regis
1831 2210 1872 2285 in
1891 2210 1986 2285 felo-

396 2328 461 2404 nia
475 2326 526 2404 et·
542 2328 690 2404 assultu
703 2328 970 2426 praemeditato
985 2328 1076 2404 lecit
1091 2329 1123 2403 ei
1138 2327 1336 2416 insultum,
1352 2337 1391 2404 et
1406 2328 1602 2425 quandam
1616 2328 1775 2425 plagam
1790 2329 1823 2405 ei
1838 2327 1932 2404 fecit
1946 2329 1988 2403 in

396 2447 467 2523 tali
490 2444 585 2535 loco,
610 2444 679 2523 tali
704 2471 845 2544 genere
870 2470 1076 2534 armorum,
1103 2455 1142 2522 et
1167 2447 1271 2543 quod
1295 2445 1366 2521 hoc
1392 2446 1485 2521 iecit
1510 2446 1685 2544 nequiter
1711 2455 1750 2522 et
1775 2445 1817 2521 in
1843 2447 1987 2522 felonia

396 2564 528 2641 offert'
544 2563 710 2663 probare
725 2589 856 2640 versus
873 2589 961 2640 eum
977 2588 1203 2662 percorpus
1221 2589 1334 2639 snum
1350 2564 1448 2640 sicut
1464 2563 1570 2640 curia
1586 2560 1908 2640 consideraverit.⁸

495 2689 545 2766 B.
559 2687 664 2765 venit
676 2697 715 2765 et
728 2686 914 2781 defendit.

396 2813 462 2887 Er
478 2813 527 2887 Β.
544 2813 651 2888 venit
667 2819 706 2887 et
724 2811 898 2888 defendit
916 2835 1051 2910 pacem
1068 2811 1211 2887 domini
1229 2811 1330 2909 regis
1349 2811 1568 2898 infractam,
1587 2821 1626 2887 et
1645 2810 1828 2886 feloniam
1846 2819 1885 2886 et
1903 2810 1986 2908 pla·

396 2956 488 3029 gam
504 2940 543 3007 et
558 2929 745 3028 quidquid
761 2939 819 3006 est
835 2939 970 3006 contra
986 2954 1121 3027 pacem
1139 2929 1282 3005 domini
1299 2929 1412 3026 regis,
1431 2939 1469 3006 et
1487 2937 1614 3006 totum
1632 2929 1679 3004 de
1697 2929 1813 3004 verbo
1831 2927 1885 3003 in⁰
1903 2954 1986 3003 ver-

395 3050 488 3125 bum
513 3047 699 3146 quidquid
723 3048 756 3123 ei
780 3047 993 3146 imponitur
1016 3056 1055 3124 et
1080 3047 1290 3124 secundum
1315 3048 1418 3145 quod
1442 3047 1477 3122 ei
1501 3047 1725 3145 imponitur,
1750 3072 1822 3144 per
1847 3071 1986 3145 corpus

396 3193 509 3243 suum
523 3167 733 3244 secundum
747 3166 850 3265 quod
865 3167 971 3242 curia
986 3165 1129 3241 domini
1145 3165 1246 3262 regis
1261 3164 1598 3242 consideraverit.²⁰
1614 3164 1672 3240 Et
1687 3163 1740 3239 A.
1759 3163 1939 3262 quaesitus
1956 3162 1987 3238 si

395 3284 536 3361 levavit
552 3286 758 3361 clamorem
775 3295 813 3362 et
829 3284 1046 3361 huthesium
1064 3292 1103 3360 et
1120 3284 1276 3381 quando
1292 3283 1396 3360 venit
1415 3283 1465 3359 ad
1482 3283 1706 3359 comitatum
1725 3307 1813 3358 cum
1832 3282 1987 3380 appello

396 3428 478 3491 suo,
497 3403 590 3479 dicit
608 3403 711 3501 quod
730 3403 862 3480 statim
879 3403 1020 3478 levavit
1040 3402 1079 3477 in
1100 3402 1206 3477 facto
1225 3401 1291 3476 illo
1311 3411 1349 3478 et
1369 3409 1458 3500 post
1478 3402 1638 3488 factum,
1659 3399 1725 3477 et¹¹
1748 3400 1880 3498 statim
1899 3424 1986 3474 cum

395 3522 570 3598 huthesio
587 3521 653 3597 illo
671 3521 741 3598 ivit
759 3522 808 3597 ad
826 3520 1120 3620 propinquiores
1139 3519 1291 3597 villatas
1310 3529 1349 3596 et
1369 3519 1418 3596 od
1437 3520 1642 3596 servientes
1662 3518 1807 3594 domini
1826 3517 1927 3616 regis
1948 3526 1986 3594 et

395 3648 650 3734 coronatores,
665 3649 703 3716 et
716 3641 766 3716 ad
779 3640 1000 3738 proximum
1012 3638 1238 3715 comitatum
1251 3638 1343 3715 feeit
1358 3638 1556 3736 appellum
1571 3662 1693 3713 suum.
1709 3637 1766 3713 Et
1781 3636 1986 3712 vicecomes

396 3771 434 3838 et
451 3770 695 3836 coronatores
711 3769 906 3837 testantur
922 3760 1026 3858 quod
1043 3757 1172 3836 secta¹²
1191 3757 1421 3836 sufficienter
1439 3767 1479 3833 et
1495 3756 1774 3833 rationabiliter
1792 3756 1898 3833 facta
1916 3763 1985 3842 est,

395 3891 435 3958 et
452 3881 556 3979 quod
573 3882 694 3980 plaga
710 3889 864 3957 ostensa
882 3881 959 3957 fuit
979 3881 1029 3956 ad
1047 3879 1271 3956 comitatum
1291 3903 1421 3954 recens
1441 3887 1480 3954 et
1500 3887 1645 3976 aperta.
1668 3878 1726 3953 Et
1746 3876 1863 3975 quia²⁸
1883 3885 1986 3953 secta

395 4001 674 4079 rationabiliter
695 4001 802 4078 facta
822 4009 891 4089 est,
913 4010 952 4077 et
974 4001 1022 4075 B.
1045 3999 1137 4074 nihil
1160 3999 1327 4075 ostendit
1349 4024 1421 4097 per
1442 3998 1545 4096 quod
1566 3997 1705 4072 habere
1729 3995 1893 4074 debeat²⁴
1916 4021 1984 4095 pa·

394 4122 522 4210 triam,
540 4121 824 4198 consideratum
840 4131 898 4196 est
917 4121 1019 4217 quod
1038 4119 1209 4196 duellum
1227 4120 1276 4196 sit
1293 4120 1394 4195 inter
1412 4145 1486 4195 eos.

495 4242 701 4321 Daellom:
714 4253 753 4320 et
765 4245 814 4320 Β.
829 4244 896 4321 det
910 4243 1065 4320 vadium
1079 4242 1313 4337 defendendi
1327 4252 1366 4320 et
1380 4243 1434 4318 Α.
1450 4243 1738 4319 disrationaverit.

394 4370 460 4446 ΕΤ
479 4369 527 4444 Β.
547 4370 615 4445 det
632 4369 788 4444 vadium
807 4367 1040 4444 defendendi
1061 4376 1099 4444 et
1119 4367 1171 4442 A.
1192 4368 1258 4443 det
1278 4367 1433 4442 vadium
1454 4365 1743 4453 disrationandi‚
1764 4375 1803 4441 et
1823 4374 1986 4463 uterque

394 4489 542 4589 plegios
557 4487 768 4565 inveniat¹⁵
784 4488 842 4565 Et
858 4487 1013 4564 dabitur
1028 4487 1081 4563 eis
1098 4487 1178 4563 dies
1195 4488 1245 4564 ad
1262 4512 1376 4585 quem
1391 4495 1553 4584 uterque
1571 4485 1727 4562 veniat²⁰
1745 4493 1928 4572 armatus,
1945 4491 1986 4561 et

395 4707 546 4783 llautem,
561 4706 635 4780 MC,
651 4707 716 4767 LA.
754 4704 918 4780 ⁵²seelare‚
934 4706 1002 4781 OA,
1018 4707 1087 4781 OB,
1103 4707 1178 4766 ΜΒ.
1215 4704 1242 4739 ⁶⁸
1252 4708 1414 4765 veritatem
1430 4711 1472 4778 et,
1487 4703 1556 4778 OB,
1574 4704 1649 4779 MA,
1666 4703 1740 4764 ΜΒ.
1780 4702 1984 4763 “terminen-

394 4809 476 4885 dam,
492 4810 549 4870 OB
558 4831 566 4882 ;
582 4806 856 4882 determinandam,
871 4807 939 4881 ΟΕ,
955 4807 1030 4881 MA,
1046 4807 1120 4866 ΜΒ.

478 4907 639 4987 ²eppello,
656 4907 696 4983 V,
714 4906 791 4981 MG,
810 4908 885 4983 ΟΜ,
904 4905 969 4967 OC.
1009 4905 1113 4982 ²0m.,
1132 4908 1201 4982 OB,
1220 4906 1295 4981 MA,
1315 4907 1390 4966 ΜΒ.
1430 4906 1534 4979 ⁸0m.,
1554 4908 1623 4982 OB,
1643 4908 1717 4968 MA.
1759 4905 1889 4981 ⁸'⁴Om.,
1909 4907 1984 4967 ΜΒ.

395 5008 496 5070 lhora
521 5009 580 5069 tali
605 5008 684 5082 loco,
710 5008 788 5084 MG,
815 5009 889 5083 ΟΜ,
915 5008 981 5069 OC.
1029 5005 1084 5069 ‘et
1110 5012 1154 5082 in,
1181 5009 1249 5082 OB,
1276 5009 1352 5068 MA.
1400 5006 1520 5068 loffert
1547 5029 1590 5083 se,
1619 5009 1686 5083 LA,
1713 5007 1781 5084 ΟΕ,
1808 5010 1882 5084 ΟΜ,
1909 5008 1983 5069 ΜΟ.

395 5108 604 5184 ⁸eoneiderat,
632 5109 671 5182 V,
699 5110 765 5184 LA,
793 5109 873 5182 MC;
900 5106 1116 5181 consideravit,
1144 5108 1216 5181 OC;
1244 5107 1495 5183 consideraverit,
1525 5111 1605 5182 MA;
1634 5108 1761 5186 consid,
1791 5110 1884 5171 MSS.
1914 5130 1983 5188 gen.

394 5207 469 5285 ⁰ad,
486 5209 553 5284 LA,
570 5209 643 5270 MC.
682 5205 709 5243 ¹⁰
720 5206 906 5283 considerat,
924 5209 996 5282 LA;
1014 5207 1263 5285 consideraverit,
1282 5210 1363 5283 MA;
1380 5209 1597 5285 consideravit,
1615 5212 1655 5286 V,
1673 5211 1740 5287 OC,
1759 5213 1839 5286 MC;
1858 5211 1985 5288 consid,

395 5311 488 5372 MSS.
511 5331 580 5391 gen.
625 5310 743 5386 ²¹Om.,
766 5311 859 5372 MSS.
880 5331 945 5370 var.
989 5310 1111 5370 ²²seeta
1133 5309 1198 5387 illa,
1220 5312 1259 5385 V,
1280 5311 1350 5388 OB,
1372 5312 1448 5386 MA,
1471 5314 1547 5389 ΜΒ,
1571 5313 1638 5388 ΟΕ,
1660 5315 1732 5374 ΜΟ.
1778 5313 1892 5392 ¹⁸quoe,
1915 5315 1984 5390 OB,

394 5410 470 5488 MA,
486 5412 561 5472 ΜΒ.
598 5410 624 5445 ²⁴
636 5409 737 5488 debet,
752 5411 792 5486 V,
806 5410 876 5485 OA,
892 5411 965 5473 CM.
1001 5407 1029 5444 ¹⁶
1041 5413 1186 5486 inveniet,
1201 5409 1240 5486 V,
1257 5412 1329 5474 CM.
1368 5409 1519 5488 ¹‘veniet
1535 5413 1575 5490 V,
1593 5414 1657 5476 ΟΕ.
