4432 6340
382 465 456 535 258
915 462 1137 524 BRACTON:
1160 463 1220 523 DE
1244 463 1436 526 LEGIBUS

383 617 543 707 epatre
566 611 628 686 vel
652 611 702 687 a²⁰
726 619 850 688 matre
874 622 1040 702 tantum,
1066 625 1104 692 et
1129 614 1256 691 unus²¹
1282 616 1460 692 dominus
1485 614 1671 715 capitalis.
1698 615 1817 692 Nunc
1842 625 1971 694 autem

382 726 614 804 dicendum¹²
639 729 670 804 si
695 729 852 806 diversa
877 731 953 809 sint
977 733 1208 810 hereditates
1233 734 1506 812 descendentes
1530 744 1612 811 tam
1637 760 1686 811 ex
1711 745 1824 833 parte
1848 736 1971 835 patris

381 872 500 947 quam
518 873 566 924 ex
584 857 697 947 parte
715 850 861 939 matris,
882 876 966 950 quae
984 851 1165 952 coniungi
1185 852 1354 930 debent²⁸
1375 853 1416 929 in
1434 879 1599 952 persona
1619 854 1732 930 unius
1752 854 1911 943 heredis,
1932 864 1972 931 et

381 965 582 1064 utriusque
594 967 815 1046 hereditatis
830 967 959 1046 unus¹⁴
973 970 1149 1047 dominus
1163 971 1351 1071 capitalis,
1367 973 1506 1070 dequo
1520 981 1675 1050 tenetur
1689 999 1760 1071 per
1776 973 1972 1049 servitium

381 1085 564 1162 militare:
586 1112 662 1185 quo
681 1112 773 1164 casu
791 1098 981 1186 quantum
1002 1090 1052 1164 ad
1070 1089 1319 1188 maritagium
1339 1089 1598 1179 habendum,¹“
1620 1092 1743 1168 refert
1763 1092 1869 1169 cuius
1891 1092 1971 1168 feo-

384 1204 478 1279 dum
504 1205 613 1302 prius
641 1204 760 1282 luerit
787 1206 1052 1295 deliberatum,
1080 1207 1136 1284 ita
1164 1211 1266 1307 quod
1295 1209 1403 1286 heres
1431 1219 1611 1286 teneatur
1640 1210 1795 1287 domino
1823 1236 1896 1287 suo
1922 1209 1972 1286 ad

382 1323 616 1423 homagium,
641 1325 731 1423 quia
754 1351 832 1401 non
856 1327 1001 1425 poterit
1026 1327 1202 1403 dominus
1226 1328 1402 1427 capitalis
1427 1354 1496 1405 nec
1520 1328 1634 1406 debet
1659 1329 1880 1427 homagium
1905 1330 1973 1405 ali·

383 1442 491 1519 cuius
517 1441 693 1519 heredis¹⁸
720 1468 857 1542 capere
885 1454 1092 1544 antequam
1118 1445 1308 1523 hereditas
1336 1445 1415 1522 sic²'
1444 1445 1655 1523 deliberata
1681 1447 1841 1535 fuerit,²⁸
1870 1447 1973 1546 quod

383 1563 491 1640 heres
505 1572 685 1640 teneatur
700 1565 750 1640 ad
764 1563 986 1662 homagium
1000 1574 1039 1642 et
1055 1565 1184 1642 nullus
1201 1565 1308 1641 alius.
1326 1567 1432 1642 Item
1447 1590 1517 1642 neo
1532 1575 1661 1665 potest
1678 1566 1855 1643 dominus
1870 1567 1973 1666 capi·

383 1683 472 1760 talis
488 1683 537 1759 ab
552 1684 690 1760 herede
706 1683 772 1782 qui
787 1683 911 1782 plenae
926 1685 1049 1760 aetatis
1065 1684 1237 1761 extiterit
1253 1684 1437 1761 relevium
1454 1694 1597 1784 petere,
1615 1685 1676 1762 vel
1693 1685 1889 1762 servitium
1906 1685 1973 1762 ali·

383 1804 499 1902 quod,
520 1814 728 1902 antequam
747 1804 970 1901 homagium
991 1803 1140 1880 heredis
1162 1803 1348 1903 receperit
1370 1829 1459 1879 cum
1481 1804 1601 1880 fuerit
1621 1803 1813 1881 hereditas
1834 1803 1973 1881 delibe-

383 1931 480 1998 rata.
503 1923 607 1999 Item
625 1947 695 1999 nec
714 1921 873 1999 alieuius
892 1922 1041 1998 heredis
1062 1921 1128 2020 qui
1148 1923 1268 1998 fuerit
1289 1924 1394 1999 infra
1413 1931 1566 1998 aetatem
1586 1923 1755 2022 pertinet
1777 1922 1975 2021 adipsum

382 2041 558 2118 custodia
573 2051 684 2120 terrae
700 2051 738 2119 et
754 2040 904 2119 heredis
920 2051 959 2118 et
974 2041 1235 2139 maritagium,
1253 2050 1461 2140 antequam
1477 2042 1636 2118 feodum
1654 2066 1767 2118 suum
1784 2041 1837 2117 sic
1854 2041 1975 2118 fuerit

383 2161 648 2250 deliberatum,
668 2162 772 2261 quod
792 2187 871 2237 non
889 2161 1088 2237 duraverit
1106 2160 1328 2259 homagium
1349 2170 1643 2237 antecessorum.
1665 2160 1824 2236 Durare
1845 2169 1975 2237 autem

384 2281 465 2361 aio¹⁹
479 2280 624 2381 poterit
639 2280 861 2379 homagium
876 2290 1160 2356 antecessorum
1174 2289 1259 2357 tota
1274 2280 1355 2355 vita
1369 2305 1503 2356 eorum
1520 2279 1551 2356 si
1567 2279 1616 2355 ab
1632 2304 1678 2355 eo
1695 2304 1774 2356 non
1789 2279 1840 2356 sit
1855 2303 1974 2356 reces-

385 2428 483 2492 sum,
503 2411 549 2478 ut
568 2400 689 2478 videri
709 2399 865 2500 poterit.
887 2401 989 2476 Esto
1010 2399 1114 2498 quod
1135 2398 1219 2497 quis
1240 2407 1371 2474 teneat
1392 2398 1440 2474 de
1461 2397 1536 2474 alio
1558 2395 1658 2498 pro²⁰
1680 2396 1885 2495 homagio²²
1908 2395 1975 2473 et²²

385 2548 457 2622 per
477 2519 702 2600 servitium²⁸
722 2519 898 2607 militare,
920 2528 959 2595 et
979 2519 1163 2595 concedat
1184 2517 1264 2593 filio
1284 2543 1354 2594 suo
1376 2517 1480 2616 quod
1499 2524 1631 2594 teneat
1651 2516 1903 2594 hereditatem
1925 2517 1975 2592 ad

385 2645 415 2720 f.
431 2642 525 2736 89b]
581 2640 701 2716 vitam
720 2639 789 2714 filii
810 2638 868 2714 sui
886 2634 1063 2713 heredis²⁴
1083 2639 1131 2713 de
1151 2661 1201 2725 se,
1221 2637 1282 2713 vel
1303 2636 1351 2713 de
1370 2635 1561 2713 dominis²⁸
1583 2634 1823 2734 capitalibus
1845 2645 1883 2712 et
1903 2634 1975 2712 sub

385 2764 454 2842 tali
470 2762 690 2840 condicione
706 2761 809 2860 quod
825 2759 856 2836 si
871 2759 973 2835 filius
989 2759 1177 2834 moriatur
1192 2757 1233 2832 in
1249 2757 1329 2833 vita
1345 2757 1479 2855 patris,
1497 2757 1600 2855 quod
1617 2756 1808 2832 hereditas
1825 2757 1976 2852 integre

383 2892 603 2960 revertatur
619 2882 669 2958 ad
685 2890 838 2981 patrem
854 2878 1050 2957 tenenda¹⁸
1065 2889 1111 2956 ut
1128 2877 1235 2978 prius
1254 2877 1334 2954 sine
1352 2877 1572 2954 condicione
1589 2878 1654 2955 vel·
1667 2878 1738 2954 sub
1756 2876 1975 2954 condicione

385 3005 436 3081 ad
450 3004 570 3081 vitam
584 3028 704 3091 suam,
720 3028 790 3102 per
803 3001 922 3077 talem
936 3000 1215 3076 concessionem
1230 2999 1354 3075 adliuc
1368 3024 1448 3076 non
1461 3007 1638 3074 mutatur
1652 2997 1891 3095 homagium:
1909 2998 1977 3073 sed

384 3134 491 3202 tenet
507 3125 609 3201 inter
625 3131 778 3223 patrem
795 3131 834 3199 et
851 3121 1050 3199 dominum
1067 3146 1180 3196 suum
1197 3119 1414 3219 capitalem,
1430 3118 1521 3219 quia
1538 3144 1750 3218 numquam
1768 3118 1847 3195 luit
1864 3118 1913 3194 ab
1930 3143 1975 3194 eo

385 3271 587 3332 recessum,
602 3269 673 3320 nec
689 3243 790 3320 filius
807 3243 981 3342 quamvis
997 3242 1117 3331 heres,
1134 3243 1199 3341 qui
1216 3267 1294 3318 non
1310 3240 1435 3318 tenuit
1452 3241 1525 3317 nisi
1541 3238 1757 3339 quantum²²
1777 3239 1826 3314 ad
1843 3241 1975 3327 vitam,

386 3369 437 3445 ad
457 3366 679 3465 homagium
699 3364 914 3443 tenebatur.
937 3363 1055 3451 Quod
1076 3363 1231 3461 quidem
1252 3362 1364 3439 ahter
1385 3371 1484 3439 esset
1506 3362 1537 3438 si
1560 3370 1673 3460 pater
1695 3360 1743 3437 ab
1764 3359 1976 3437 hereditate

386 3514 427 3567 se
441 3487 651 3564 dimitteret
666 3494 705 3563 et
719 3485 843 3562 filium
856 3485 1034 3561 heredem
1048 3483 1277 3560 institueret.

487 3611 657 3704 Quando
686 3609 847 3704 feodum
879 3607 1038 3685 clieaaiua
1070 3605 1303 3684 deliberetur
1334 3608 1439 3706 quod
1471 3606 1522 3683 ud
1554 3603 1752 3684 domim
1783 3605 1977 3703 pertineat

486 3728 735 3826 monteplano
751 3725 910 3804 heredis.
1263 3825 1265 3830 Ι

386 3853 621 3929 anrvnuu
649 3853 769 3950 igitur
798 3850 963 3950 qualiter
990 3861 1030 3928 et
1058 3847 1213 3948 quando
1242 3850 1402 3926 feodum
1430 3847 1589 3924 alicuius
1619 3847 1861 3924 deliberetur.
1892 3845 1977 3921 Et’·

385 3975 582 4051 sciendum
600 3975 704 4073 quod
722 3983 815 4051 tunc
834 3973 988 4050 demum
1008 3970 1269 4049 deliberatur¹⁰
1287 3994 1376 4047 oum
1393 3971 1502 4046 heres
1522 3969 1603 4047 sine
1622 3968 1897 4068 impedimento
1917 3965 1977 4042 vel

386 4097 514 4196 aliquo
531 4095 685 4172 medio⁸⁰
703 4097 752 4171 ad
768 4093 990 4192 homagium
1007 4102 1197 4181 teneatur,
1215 4103 1254 4170 et
1273 4116 1485 4189 numquam
1502 4089 1774 4167 deliberabitur
1793 4088 1977 4189 quamdiu

386 4217 583 4294 duraverit
602 4215 825 4315 homagium
846 4212 1134 4291 antecessoris.⁸²
1157 4214 1218 4290 Ut
1240 4237 1335 4301 ecee,
1358 4213 1411 4288 A.
1432 4212 1576 4288 habens
1597 4210 1850 4287 hereditatem
1871 4209 1977 4287 ducit

386 4338 428 4414 in
450 4363 612 4413 uxorem
635 4338 684 4412 B.
710 4337 914 4413 habentem
937 4335 1200 4423 hereditatem,
1227 4343 1265 4411 et
1290 4332 1448 4433 quilibet
1474 4331 1655 4409 illorum⁸²
1681 4332 1796 4408 habet
1821 4332 1978 4407 unicum

387 4459 585 4535 dominum
599 4457 821 4557 capitalem:
838 4466 1065 4556 procreatur
1081 4482 1129 4533 ex
1145 4457 1197 4532 eis
1212 4456 1322 4532 heres
1338 4455 1561 4542 communis,
1577 4453 1678 4530 filius
1695 4453 1756 4529 vel
1772 4452 1863 4541 filia,
1881 4476 1976 4552 prae·

387 4675 506 4753 ¹⁰Om,
523 4676 589 4750 ΟΕ,
607 4677 683 4751 MA,
700 4676 774 4750 CM,
791 4676 916 4750 OC‚Y.
955 4675 1071 4738 ²1unus
1089 4679 1141 4751 sit,
1157 4675 1197 4750 V,
1214 4676 1291 4737 MG.
1330 4672 1531 4735 ¹²dicendum
1548 4682 1606 4751 est,
1623 4672 1663 4747 V,
1681 4673 1759 4734 MG.
1797 4669 1825 4704 ²⁸
1837 4677 1977 4749 possunt,

388 4777 466 4853 MG,
484 4777 556 4838 cM.
596 4775 676 4837 ¹⁴sit
694 4797 783 4852 unus,
800 4777 844 4849 V;
864 4783 896 4837 et
914 4780 956 4836 sit
972 4797 1062 4853 unus,
1082 4777 1158 4838 MG.
1199 4775 1359 4838 ¹⁸heredis
1378 4773 1562 4849 habendum,
1582 4775 1626 4848 V;
1646 4771 1803 4851 heredum,
1822 4773 1891 4846 OA,
1911 4772 1977 4848 LA,

388 4878 462 4953 MC,
482 4879 549 4940 MG
572 4877 723 4956 (harad).
765 4877 884 4954 ¹⁸Om,
902 4879 972 4954 OB,
992 4879 1069 4953 MA,
1088 4879 1164 4939 ΜΒ.
1205 4875 1325 4951 1'Om.,
1344 4879 1421 4953 MG,
1443 4879 1518 4950 CM,
1538 4877 1577 4937 Y.
1619 4873 1757 4938 1⁸luerit
1775 4881 1918 4955 propter,
1938 4873 1978 4948 V,

388 4979 464 5041 MG.
501 4977 528 5012 ²⁹
540 4978 619 5053 Ona,
635 4980 704 5054 OB,
718 4979 795 5053 MA,
810 4980 885 5040 ΜΒ.
921 4977 986 5012 ²²²²²
999 4999 1057 5057 per
1070 4979 1255 5057 homagium,
1271 4980 1311 5054 V,
1326 4978 1403 5052 MA,
1419 4981 1495 5053 ΜΒ,
1512 4978 1589 5052 MG,
1606 4978 1678 5039 cM.
1717 4975 1978 5049 ²¹·²⁸etservltio,

387 5080 457 5155 OB,
469 5080 542 5152 OC;
556 5087 587 5140 et
599 5083 767 5156 servitium,
781 5080 859 5154 MG,
873 5080 947 5141 cM.
983 5077 1049 5113 ²⁴⁴⁵
1061 5079 1182 5141 heredis
1197 5081 1246 5141 vel
1261 5078 1404 5154 dominis,
1418 5079 1492 5153 OB;
1506 5080 1571 5140 her.
1586 5079 1635 5140 vel
1649 5078 1688 5139 de
1703 5078 1795 5152 dom,
1810 5079 1886 5152 MA,
1902 5077 1976 5139 MB.

388 5177 413 5213 ²⁸
425 5178 561 5253 tenendi,
573 5179 642 5256 OB,
655 5181 731 5256 MA,
743 5181 819 5242 ΜΒ.
853 5179 879 5214 ¹²
891 5179 1023 5257 Om.,V,
1035 5182 1104 5257 OA,
1117 5181 1184 5257 LA,
1196 5182 1263 5256 OC,
1277 5182 1350 5242 CM.
1385 5179 1451 5214 ²²²²²
1463 5181 1543 5254 Om,
1556 5182 1626 5256 OB,
1639 5181 1716 5257 MA,
1728 5182 1804 5242 ΜΒ.
1840 5178 1978 5252 ⁸⁰modo,

388 5279 428 5354 V,
453 5281 519 5354 OC,
545 5280 622 5356 MG,
647 5282 722 5354 CM,
746 5281 777 5342 Y
806 5281 901 5359 (corr.
926 5281 1057 5361 medio).
1104 5280 1380 5357 ”antecessorum
1406 5283 1475 5356 OA,
1502 5283 1574 5356 LA;
1602 5289 1763 5358 mteeess,
1791 5281 1884 5342 MSS.
1911 5301 1977 5343 var.

387 5378 415 5413 ⁸²
426 5399 542 5456 eorum,
558 5379 625 5454 OC,
641 5381 719 5456 MG,
734 5381 775 5456 Y,
792 5381 864 5442 CM.
