<?xml version="1.0" encoding="UTF-8"?>
<!DOCTYPE html PUBLIC "-//W3C//DTD XHTML 1.0 Transitional//EN"
    "http://www.w3.org/TR/xhtml1/DTD/xhtml1-transitional.dtd">
<html xmlns="http://www.w3.org/1999/xhtml" xml:lang="en" lang="en">
 <head>
  <title>
</title>
<meta http-equiv="Content-Type" content="text/html;charset=utf-8" />
  <meta name='ocr-system' content='tesseract 3.04.00' />
  <meta name='ocr-capabilities' content='ocr_page ocr_carea ocr_par ocr_line ocrx_word'/>
</head>
<body>
  <div class='ocr_page' id='page_1' title='image "./bractondelegibu01histgoog_0200.png"; bbox 0 0 4432 6340; ppageno 0'>
   <div class='ocr_carea' id='block_1_1' title="bbox 371 525 1424 603">
    <p class='ocr_par' dir='ltr' id='par_1_1' title="bbox 371 525 1424 603">
     <span class='ocr_line' id='line_1_1' title="bbox 371 525 1424 603; baseline -0.015 0"><span class='ocrx_word' id='word_1_1' title='bbox 371 533 443 603; x_wconf 75' lang='lat'>182</span> <span class='ocrx_word' id='word_1_2' title='bbox 902 526 1124 589; x_wconf 82' lang='lat' dir='ltr'>BRACTON:</span> <span class='ocrx_word' id='word_1_3' title='bbox 1147 525 1208 588; x_wconf 90' lang='lat' dir='ltr'>DB</span> <span class='ocrx_word' id='word_1_4' title='bbox 1231 525 1424 588; x_wconf 85' lang='lat' dir='ltr'>LEGIBUS</span> 
     </span>
    </p>
   </div>
   <div class='ocr_carea' id='block_1_2' title="bbox 366 675 1962 4810">
    <p class='ocr_par' dir='ltr' id='par_1_2' title="bbox 366 675 1962 4810">
     <span class='ocr_line' id='line_1_2' title="bbox 369 675 1960 776; baseline 0.001 -23"><span class='ocrx_word' id='word_1_5' title='bbox 369 676 486 753; x_wconf 89' lang='lat' dir='ltr'>etiam</span> <span class='ocrx_word' id='word_1_6' title='bbox 500 701 560 753; x_wconf 93' lang='lat' dir='ltr'>res</span> <span class='ocrx_word' id='word_1_7' title='bbox 576 675 723 753; x_wconf 84' lang='lat' dir='ltr'>incerta</span> <span class='ocrx_word' id='word_1_8' title='bbox 738 677 818 775; x_wconf 86' lang='lat' dir='ltr'>peti</span> <span class='ocrx_word' id='word_1_9' title='bbox 834 677 989 776; x_wconf 89' lang='lat' dir='ltr'>poterit.</span> <span class='ocrx_word' id='word_1_10' title='bbox 1007 677 1129 753; x_wconf 83' lang='lat' dir='ltr'>Certa</span> <span class='ocrx_word' id='word_1_11' title='bbox 1141 677 1271 776; x_wconf 89' lang='lat' dir='ltr'>itaque</span> <span class='ocrx_word' id='word_1_12' title='bbox 1287 703 1368 755; x_wconf 90' lang='lat' dir='ltr'>esse</span> <span class='ocrx_word' id='word_1_13' title='bbox 1383 677 1527 776; x_wconf 91' lang='lat' dir='ltr'>poterit</span> <span class='ocrx_word' id='word_1_14' title='bbox 1544 703 1592 754; x_wconf 86' lang='lat' dir='ltr'>ex</span> <span class='ocrx_word' id='word_1_15' title='bbox 1609 686 1714 754; x_wconf 84' lang='lat' dir='ltr'>certa</span> <span class='ocrx_word' id='word_1_16' title='bbox 1730 679 1960 776; x_wconf 86' lang='lat' dir='ltr'>quantitate,</span> 
     </span>
     <span class='ocr_line' id='line_1_3' title="bbox 369 794 1960 894; baseline 0.001 -22"><span class='ocrx_word' id='word_1_17' title='bbox 369 804 415 872; x_wconf 93' lang='lat' dir='ltr'>ut</span> <span class='ocrx_word' id='word_1_18' title='bbox 437 795 468 871; x_wconf 91' lang='lat' dir='ltr'>si</span> <span class='ocrx_word' id='word_1_19' title='bbox 491 795 593 871; x_wconf 90' lang='lat' dir='ltr'>dicat</span> <span class='ocrx_word' id='word_1_20' title='bbox 617 794 713 894; x_wconf 88' lang='lat' dir='ltr'>quis,</span> <span class='ocrx_word' id='word_1_21' title='bbox 736 796 901 873; x_wconf 64' lang='lat' dir='ltr'>nemum</span> <span class='ocrx_word' id='word_1_22' title='bbox 925 794 994 874; x_wconf 88' lang='lat' dir='ltr'>tibi</span> <span class='ocrx_word' id='word_1_23' title='bbox 1017 821 1135 872; x_wconf 83' lang='lat' dir='ltr'>auam</span> <span class='ocrx_word' id='word_1_24' title='bbox 1158 794 1418 884; x_wconf 81' lang='lat' dir='ltr'>carucatam,²⁹</span> <span class='ocrx_word' id='word_1_25' title='bbox 1442 795 1503 871; x_wconf 91' lang='lat' dir='ltr'>vel</span> <span class='ocrx_word' id='word_1_26' title='bbox 1527 795 1719 894; x_wconf 79' lang='lat' dir='ltr'>virpotam</span> <span class='ocrx_word' id='word_1_27' title='bbox 1745 805 1870 885; x_wconf 76' lang='lat' dir='ltr'>terroe,</span> <span class='ocrx_word' id='word_1_28' title='bbox 1893 795 1960 873; x_wconf 83' lang='lat' dir='ltr'>et²⁰</span> 
     </span>
     <span class='ocr_line' id='line_1_4' title="bbox 369 912 1962 1014; baseline 0.003 -26"><span class='ocrx_word' id='word_1_29' title='bbox 369 912 596 990; x_wconf 88' lang='lat' dir='ltr'>huiusmodi.</span> <span class='ocrx_word' id='word_1_30' title='bbox 615 914 719 990; x_wconf 90' lang='lat' dir='ltr'><strong>Item</strong></span> <span class='ocrx_word' id='word_1_31' title='bbox 735 940 784 990; x_wconf 87' lang='lat' dir='ltr'>ex</span> <span class='ocrx_word' id='word_1_32' title='bbox 800 939 971 1003; x_wconf 92' lang='lat' dir='ltr'>numero,</span> <span class='ocrx_word' id='word_1_33' title='bbox 987 924 1032 991; x_wconf 91' lang='lat' dir='ltr'>ut</span> <span class='ocrx_word' id='word_1_34' title='bbox 1049 915 1199 991; x_wconf 89' lang='lat' dir='ltr'>sidicat</span> <span class='ocrx_word' id='word_1_35' title='bbox 1216 915 1312 1014; x_wconf 94' lang='lat' dir='ltr'>quis,</span> <span class='ocrx_word' id='word_1_36' title='bbox 1330 915 1494 991; x_wconf 83' lang='lat' dir='ltr'>vendam</span> <span class='ocrx_word' id='word_1_37' title='bbox 1511 914 1581 993; x_wconf 86' lang='lat' dir='ltr'>tibi</span> <span class='ocrx_word' id='word_1_38' title='bbox 1597 925 1656 992; x_wconf 88' lang='lat' dir='ltr'>tot</span> <span class='ocrx_word' id='word_1_39' title='bbox 1673 924 1884 1004; x_wconf 78' lang='lat' dir='ltr'>carucatas,</span> <span class='ocrx_word' id='word_1_40' title='bbox 1902 925 1962 993; x_wconf 85' lang='lat' dir='ltr'>tot</span> 
     </span>
     <span class='ocr_line' id='line_1_5' title="bbox 370 1033 1960 1133; baseline -0.001 -24"><span class='ocrx_word' id='word_1_41' title='bbox 370 1033 553 1131; x_wconf 80' lang='lat' dir='ltr'>virpotos,</span> <span class='ocrx_word' id='word_1_42' title='bbox 572 1033 633 1108; x_wconf 91' lang='lat' dir='ltr'>vel</span> <span class='ocrx_word' id='word_1_43' title='bbox 653 1041 713 1108; x_wconf 88' lang='lat' dir='ltr'>tot</span> <span class='ocrx_word' id='word_1_44' title='bbox 731 1057 852 1122; x_wconf 71' lang='lat' dir='ltr'>omae,</span> <span class='ocrx_word' id='word_1_45' title='bbox 871 1042 909 1109; x_wconf 92' lang='lat' dir='ltr'>et</span> <span class='ocrx_word' id='word_1_46' title='bbox 929 1033 1156 1110; x_wconf 91' lang='lat' dir='ltr'>huiusmodi.</span> <span class='ocrx_word' id='word_1_47' title='bbox 1179 1034 1282 1109; x_wconf 86' lang='lat' dir='ltr'><strong>Item</strong></span> <span class='ocrx_word' id='word_1_48' title='bbox 1303 1033 1334 1109; x_wconf 93' lang='lat' dir='ltr'>si</span> <span class='ocrx_word' id='word_1_49' title='bbox 1355 1033 1457 1110; x_wconf 89' lang='lat' dir='ltr'>dicat</span> <span class='ocrx_word' id='word_1_50' title='bbox 1479 1034 1574 1132; x_wconf 91' lang='lat' dir='ltr'>quis,</span> <span class='ocrx_word' id='word_1_51' title='bbox 1596 1033 1658 1110; x_wconf 82' lang='lat' dir='ltr'>vel</span> <span class='ocrx_word' id='word_1_52' title='bbox 1678 1035 1783 1133; x_wconf 81' lang='lat' dir='ltr'>qnod</span> <span class='ocrx_word' id='word_1_53' title='bbox 1802 1043 1960 1110; x_wconf 83' lang='lat' dir='ltr'>tanton·</span> 
     </span>
     <span class='ocr_line' id='line_1_6' title="bbox 369 1151 1962 1252; baseline 0.001 -25"><span class='ocrx_word' id='word_1_54' title='bbox 369 1151 458 1227; x_wconf 67' lang='grc' dir='ltr'>ἆεηι</span> <span class='ocrx_word' id='word_1_55' title='bbox 471 1151 616 1227; x_wconf 82' lang='lat' dir='ltr'>voleat:</span> <span class='ocrx_word' id='word_1_56' title='bbox 629 1160 674 1226; x_wconf 95' lang='lat' dir='ltr'>ut</span> <span class='ocrx_word' id='word_1_57' title='bbox 687 1151 719 1227; x_wconf 89' lang='lat' dir='ltr'>si</span> <span class='ocrx_word' id='word_1_58' title='bbox 733 1151 847 1239; x_wconf 91' lang='lat' dir='ltr'>dicat,</span> <span class='ocrx_word' id='word_1_59' title='bbox 862 1160 985 1229; x_wconf 82' lang='lat' dir='ltr'>totam</span> <span class='ocrx_word' id='word_1_60' title='bbox 1001 1162 1144 1229; x_wconf 83' lang='lat' dir='ltr'>terram</span> <span class='ocrx_word' id='word_1_61' title='bbox 1158 1177 1275 1251; x_wconf 84' lang='lat' dir='ltr'>qoam</span> <span class='ocrx_word' id='word_1_62' title='bbox 1290 1151 1380 1229; x_wconf 82' lang='lat' dir='ltr'>tolie</span> <span class='ocrx_word' id='word_1_63' title='bbox 1394 1152 1531 1241; x_wconf 82' lang='lat' dir='ltr'>tenuit,</span> <span class='ocrx_word' id='word_1_64' title='bbox 1545 1152 1607 1228; x_wconf 93' lang='lat' dir='ltr'>vel</span> <span class='ocrx_word' id='word_1_65' title='bbox 1623 1153 1670 1230; x_wconf 82' lang='lat' dir='ltr'>de</span> <span class='ocrx_word' id='word_1_66' title='bbox 1685 1178 1764 1252; x_wconf 83' lang='lat' dir='ltr'>qua</span> <span class='ocrx_word' id='word_1_67' title='bbox 1779 1152 1867 1230; x_wconf 76' lang='lat' dir='ltr'>tolia</span> <span class='ocrx_word' id='word_1_68' title='bbox 1881 1152 1962 1249; x_wconf 70' lang='lat' dir='ltr'>fuit</span> 
     </span>
     <span class='ocr_line' id='line_1_7' title="bbox 368 1268 1961 1370; baseline 0.003 -25"><span class='ocrx_word' id='word_1_69' title='bbox 368 1268 520 1346; x_wconf 79' lang='lat' dir='ltr'>saisitus</span> <span class='ocrx_word' id='word_1_70' title='bbox 538 1270 599 1347; x_wconf 82' lang='lat' dir='ltr'>die</span> <span class='ocrx_word' id='word_1_71' title='bbox 618 1295 695 1369; x_wconf 82' lang='lat' dir='ltr'>quo</span> <span class='ocrx_word' id='word_1_72' title='bbox 714 1270 821 1359; x_wconf 86' lang='lat' dir='ltr'>obiit,</span> <span class='ocrx_word' id='word_1_73' title='bbox 839 1271 901 1346; x_wconf 90' lang='lat' dir='ltr'>vel</span> <span class='ocrx_word' id='word_1_74' title='bbox 921 1280 1042 1348; x_wconf 85' lang='lat' dir='ltr'>totum</span> <span class='ocrx_word' id='word_1_75' title='bbox 1062 1280 1205 1347; x_wconf 84' lang='lat' dir='ltr'>terram</span> <span class='ocrx_word' id='word_1_76' title='bbox 1225 1294 1312 1370; x_wconf 80' lang='lat' dir='ltr'>qooe</span> <span class='ocrx_word' id='word_1_77' title='bbox 1331 1272 1550 1349; x_wconf 75' lang='lat' dir='ltr'><strong><em>continetur</em></strong></span> <span class='ocrx_word' id='word_1_78' title='bbox 1569 1271 1671 1348; x_wconf 80' lang='lat' dir='ltr'>iuter</span> <span class='ocrx_word' id='word_1_79' title='bbox 1691 1270 1788 1348; x_wconf 83' lang='lat' dir='ltr'>tales</span> <span class='ocrx_word' id='word_1_80' title='bbox 1807 1270 1961 1360; x_wconf 63' lang='lat' dir='ltr'>diniam</span> 
     </span>
     <span class='ocr_line' id='line_1_8' title="bbox 369 1389 1960 1489; baseline -0.001 -22"><span class='ocrx_word' id='word_1_81' title='bbox 369 1402 408 1467; x_wconf 92' lang='lat' dir='ltr'>et</span> <span class='ocrx_word' id='word_1_82' title='bbox 424 1389 652 1467; x_wconf 92' lang='lat' dir='ltr'>huiusmodi.</span> <span class='ocrx_word' id='word_1_83' title='bbox 670 1389 835 1488; x_wconf 87' lang='lat' dir='ltr'>Emptio</span> <span class='ocrx_word' id='word_1_84' title='bbox 853 1415 942 1466; x_wconf 90' lang='lat' dir='ltr'>vero</span> <span class='ocrx_word' id='word_1_85' title='bbox 960 1398 999 1466; x_wconf 92' lang='lat' dir='ltr'>et</span> <span class='ocrx_word' id='word_1_86' title='bbox 1015 1389 1184 1465; x_wconf 85' lang='lat' dir='ltr'><strong>venditio</strong></span> <span class='ocrx_word' id='word_1_87' title='bbox 1202 1389 1442 1465; x_wconf 81' lang='lat' dir='ltr'>contrahitur</span> <span class='ocrx_word' id='word_1_88' title='bbox 1459 1415 1547 1466; x_wconf 88' lang='lat' dir='ltr'>cum</span> <span class='ocrx_word' id='word_1_89' title='bbox 1566 1391 1613 1466; x_wconf 92' lang='lat' dir='ltr'>de</span> <span class='ocrx_word' id='word_1_90' title='bbox 1632 1391 1758 1489; x_wconf 90' lang='lat' dir='ltr'>pretio</span> <span class='ocrx_word' id='word_1_91' title='bbox 1776 1414 1960 1466; x_wconf 88' lang='lat' dir='ltr'>convene·</span> 
     </span>
     <span class='ocr_line' id='line_1_9' title="bbox 370 1507 1960 1607; baseline 0 -22"><span class='ocrx_word' id='word_1_92' title='bbox 370 1509 422 1585; x_wconf 90' lang='lat' dir='ltr'>rit</span> <span class='ocrx_word' id='word_1_93' title='bbox 447 1508 548 1586; x_wconf 90' lang='lat' dir='ltr'>inter</span> <span class='ocrx_word' id='word_1_94' title='bbox 572 1507 853 1597; x_wconf 82' lang='lat' dir='ltr'>contrahentes,</span> <span class='ocrx_word' id='word_1_95' title='bbox 881 1509 973 1584; x_wconf 92' lang='lat' dir='ltr'>dum</span> <span class='ocrx_word' id='word_1_96' title='bbox 998 1515 1130 1584; x_wconf 89' lang='lat' dir='ltr'>tamen</span> <span class='ocrx_word' id='word_1_97' title='bbox 1156 1534 1179 1584; x_wconf 90' lang='lat' dir='ltr'>a</span> <span class='ocrx_word' id='word_1_98' title='bbox 1205 1508 1404 1585; x_wconf 91' lang='lat' dir='ltr'>venditore</span> <span class='ocrx_word' id='word_1_99' title='bbox 1431 1533 1608 1584; x_wconf 88' lang='lat' dir='ltr'>arrarum</span> <span class='ocrx_word' id='word_1_100' title='bbox 1635 1507 1787 1585; x_wconf 92' lang='lat' dir='ltr'>nomine</span> <span class='ocrx_word' id='word_1_101' title='bbox 1815 1508 1960 1607; x_wconf 89' lang='lat' dir='ltr'>aliquid</span> 
     </span>
     <span class='ocr_line' id='line_1_10' title="bbox 369 1625 1960 1726; baseline 0 -22"><span class='ocrx_word' id='word_1_102' title='bbox 369 1638 568 1726; x_wconf 90' lang='lat' dir='ltr'>receptum</span> <span class='ocrx_word' id='word_1_103' title='bbox 590 1626 720 1716; x_wconf 88' lang='lat' dir='ltr'>fuerit,</span> <span class='ocrx_word' id='word_1_104' title='bbox 744 1627 833 1725; x_wconf 91' lang='lat' dir='ltr'>quia</span> <span class='ocrx_word' id='word_1_105' title='bbox 855 1628 959 1725; x_wconf 92' lang='lat' dir='ltr'>quod</span> <span class='ocrx_word' id='word_1_106' title='bbox 981 1653 1157 1702; x_wconf 87' lang='lat' dir='ltr'>arrarum</span> <span class='ocrx_word' id='word_1_107' title='bbox 1180 1627 1333 1702; x_wconf 90' lang='lat' dir='ltr'>nomine</span> <span class='ocrx_word' id='word_1_108' title='bbox 1354 1625 1490 1704; x_wconf 86' lang='lat' dir='ltr'>datum</span> <span class='ocrx_word' id='word_1_109' title='bbox 1511 1635 1582 1715; x_wconf 90' lang='lat' dir='ltr'>est,</span> <span class='ocrx_word' id='word_1_110' title='bbox 1605 1637 1878 1725; x_wconf 80' lang='lat' dir='ltr'>argumentum</span> <span class='ocrx_word' id='word_1_111' title='bbox 1902 1637 1960 1704; x_wconf 90' lang='lat' dir='ltr'>est</span> 
     </span>
     <span class='ocr_line' id='line_1_11' title="bbox 370 1744 1960 1845; baseline -0.001 -23"><span class='ocrx_word' id='word_1_112' title='bbox 370 1744 573 1845; x_wconf 78' lang='lat' dir='ltr'>emptionis</span> <span class='ocrx_word' id='word_1_113' title='bbox 591 1752 630 1822; x_wconf 91' lang='lat' dir='ltr'>et</span> <span class='ocrx_word' id='word_1_114' title='bbox 647 1744 875 1823; x_wconf 85' lang='lat' dir='ltr'>venditionis</span> <span class='ocrx_word' id='word_1_115' title='bbox 892 1753 1108 1822; x_wconf 86' lang='lat' dir='ltr'>contractae.</span> <span class='ocrx_word' id='word_1_116' title='bbox 1128 1746 1187 1822; x_wconf 87' lang='lat' dir='ltr'>Et</span> <span class='ocrx_word' id='word_1_117' title='bbox 1206 1745 1236 1822; x_wconf 92' lang='lat' dir='ltr'>si</span> <span class='ocrx_word' id='word_1_118' title='bbox 1254 1745 1446 1843; x_wconf 90' lang='lat' dir='ltr'>scriptura</span> <span class='ocrx_word' id='word_1_119' title='bbox 1466 1744 1696 1821; x_wconf 90' lang='lat' dir='ltr'>intervenire</span> <span class='ocrx_word' id='word_1_120' title='bbox 1714 1744 1863 1834; x_wconf 85' lang='lat' dir='ltr'>debeat,</span> <span class='ocrx_word' id='word_1_121' title='bbox 1882 1771 1960 1822; x_wconf 91' lang='lat' dir='ltr'>non</span> 
     </span>
     <span class='ocr_line' id='line_1_12' title="bbox 369 1863 1959 1964; baseline 0 -24"><span class='ocrx_word' id='word_1_122' title='bbox 369 1865 441 1942; x_wconf 91' lang='lat' dir='ltr'>erit</span> <span class='ocrx_word' id='word_1_123' title='bbox 456 1864 631 1964; x_wconf 87' lang='lat' dir='ltr'>perfecta</span> <span class='ocrx_word' id='word_1_124' title='bbox 646 1863 790 1962; x_wconf 90' lang='lat' dir='ltr'>emptio</span> <span class='ocrx_word' id='word_1_125' title='bbox 805 1874 844 1940; x_wconf 90' lang='lat' dir='ltr'>et</span> <span class='ocrx_word' id='word_1_126' title='bbox 858 1864 1028 1940; x_wconf 90' lang='lat' dir='ltr'>venditio</span> <span class='ocrx_word' id='word_1_127' title='bbox 1042 1865 1114 1940; x_wconf 89' lang='lat' dir='ltr'>nisi</span> <span class='ocrx_word' id='word_1_128' title='bbox 1128 1889 1215 1940; x_wconf 90' lang='lat' dir='ltr'>cum</span> <span class='ocrx_word' id='word_1_129' title='bbox 1231 1865 1350 1940; x_wconf 91' lang='lat' dir='ltr'>fuerit</span> <span class='ocrx_word' id='word_1_130' title='bbox 1365 1863 1541 1963; x_wconf 89' lang='lat' dir='ltr'>partibus</span> <span class='ocrx_word' id='word_1_131' title='bbox 1556 1864 1702 1941; x_wconf 88' lang='lat' dir='ltr'>tradita</span> <span class='ocrx_word' id='word_1_132' title='bbox 1717 1874 1756 1940; x_wconf 91' lang='lat' dir='ltr'>et</span> <span class='ocrx_word' id='word_1_133' title='bbox 1772 1863 1959 1942; x_wconf 90' lang='lat' dir='ltr'>absoluta.</span> 
     </span>
     <span class='ocr_line' id='line_1_13' title="bbox 368 1981 1959 2081; baseline 0.001 -23"><span class='ocrx_word' id='word_1_134' title='bbox 368 1983 533 2059; x_wconf 90' lang='lat' dir='ltr'>Etcum</span> <span class='ocrx_word' id='word_1_135' title='bbox 553 2009 649 2058; x_wconf 75' lang='lat' dir='ltr'>arrae</span> <span class='ocrx_word' id='word_1_136' title='bbox 669 2007 747 2058; x_wconf 90' lang='lat' dir='ltr'>non</span> <span class='ocrx_word' id='word_1_137' title='bbox 766 1981 1042 2059; x_wconf 85' lang='lat' dir='ltr'>intervenerint</span> <span class='ocrx_word' id='word_1_138' title='bbox 1061 1983 1121 2058; x_wconf 91' lang='lat' dir='ltr'>vel</span> <span class='ocrx_word' id='word_1_139' title='bbox 1142 1981 1346 2081; x_wconf 86' lang='lat' dir='ltr'>scriptura,</span> <span class='ocrx_word' id='word_1_140' title='bbox 1367 2008 1491 2081; x_wconf 93' lang='lat' dir='ltr'>neque</span> <span class='ocrx_word' id='word_1_141' title='bbox 1510 1983 1669 2058; x_wconf 87' lang='lat' dir='ltr'>traditio</span> <span class='ocrx_word' id='word_1_142' title='bbox 1691 1983 1810 2060; x_wconf 83' lang='lat' dir='ltr'>fuerit</span> <span class='ocrx_word' id='word_1_143' title='bbox 1832 1982 1959 2059; x_wconf 91' lang='lat' dir='ltr'>subse·</span> 
     </span>
     <span class='ocr_line' id='line_1_14' title="bbox 369 2101 1959 2201; baseline 0.001 -24"><span class='ocrx_word' id='word_1_144' title='bbox 369 2110 470 2190; x_wconf 81' lang='lat' dir='ltr'>outa,</span> <span class='ocrx_word' id='word_1_145' title='bbox 486 2101 592 2179; x_wconf 91' lang='lat' dir='ltr'>locus</span> <span class='ocrx_word' id='word_1_146' title='bbox 608 2103 681 2179; x_wconf 91' lang='lat' dir='ltr'>erit</span> <span class='ocrx_word' id='word_1_147' title='bbox 699 2101 922 2200; x_wconf 74' lang='lat' dir='ltr'>paenitentia</span> <span class='ocrx_word' id='word_1_148' title='bbox 938 2111 976 2178; x_wconf 94' lang='lat' dir='ltr'>et</span> <span class='ocrx_word' id='word_1_149' title='bbox 994 2101 1152 2199; x_wconf 91' lang='lat' dir='ltr'>impune</span> <span class='ocrx_word' id='word_1_150' title='bbox 1170 2102 1345 2178; x_wconf 84' lang='lat' dir='ltr'>recedere</span> <span class='ocrx_word' id='word_1_151' title='bbox 1363 2111 1526 2201; x_wconf 86' lang='lat' dir='ltr'>possunt</span> <span class='ocrx_word' id='word_1_152' title='bbox 1543 2101 1811 2179; x_wconf 77' lang='lat' dir='ltr'>contrahentes</span> <span class='ocrx_word' id='word_1_153' title='bbox 1831 2128 1854 2179; x_wconf 88' lang='lat' dir='ltr'>a</span> <span class='ocrx_word' id='word_1_154' title='bbox 1871 2127 1959 2178; x_wconf 90' lang='lat' dir='ltr'>con·</span> 
     </span>
     <span class='ocr_line' id='line_1_15' title="bbox 368 2219 1960 2320; baseline 0.001 -25"><span class='ocrx_word' id='word_1_155' title='bbox 368 2229 508 2297; x_wconf 87' lang='lat' dir='ltr'>tractu.</span> <span class='ocrx_word' id='word_1_156' title='bbox 532 2221 611 2297; x_wconf 90' lang='lat' dir='ltr'>Sed</span> <span class='ocrx_word' id='word_1_157' title='bbox 632 2220 664 2297; x_wconf 90' lang='lat' dir='ltr'>si</span> <span class='ocrx_word' id='word_1_158' title='bbox 684 2221 853 2320; x_wconf 91' lang='lat' dir='ltr'>pretium</span> <span class='ocrx_word' id='word_1_159' title='bbox 875 2220 1044 2296; x_wconf 88' lang='lat' dir='ltr'>solutum</span> <span class='ocrx_word' id='word_1_160' title='bbox 1065 2219 1185 2296; x_wconf 83' lang='lat' dir='ltr'>fuerit</span> <span class='ocrx_word' id='word_1_161' title='bbox 1206 2220 1266 2296; x_wconf 91' lang='lat' dir='ltr'>vel</span> <span class='ocrx_word' id='word_1_162' title='bbox 1288 2219 1368 2296; x_wconf 89' lang='lat' dir='ltr'>eius</span> <span class='ocrx_word' id='word_1_163' title='bbox 1390 2245 1482 2319; x_wconf 88' lang='lat' dir='ltr'>pars</span> <span class='ocrx_word' id='word_1_164' title='bbox 1504 2229 1543 2298; x_wconf 85' lang='lat' dir='ltr'>et</span> <span class='ocrx_word' id='word_1_165' title='bbox 1565 2220 1722 2296; x_wconf 92' lang='lat' dir='ltr'>traditio</span> <span class='ocrx_word' id='word_1_166' title='bbox 1746 2220 1960 2310; x_wconf 87' lang='lat' dir='ltr'>subsecuta,</span> 
     </span>
     <span class='ocr_line' id='line_1_16' title="bbox 369 2337 1962 2438; baseline -0.001 -23"><span class='ocrx_word' id='word_1_167' title='bbox 369 2339 544 2438; x_wconf 88' lang='lat' dir='ltr'>perfecta</span> <span class='ocrx_word' id='word_1_168' title='bbox 560 2339 633 2416; x_wconf 89' lang='lat' dir='ltr'>erit</span> <span class='ocrx_word' id='word_1_169' title='bbox 648 2337 793 2438; x_wconf 91' lang='lat' dir='ltr'>emptio</span> <span class='ocrx_word' id='word_1_170' title='bbox 809 2348 848 2415; x_wconf 92' lang='lat' dir='ltr'>et</span> <span class='ocrx_word' id='word_1_171' title='bbox 864 2338 1045 2426; x_wconf 88' lang='lat' dir='ltr'>venditio,</span> <span class='ocrx_word' id='word_1_172' title='bbox 1060 2362 1131 2414; x_wconf 90' lang='lat' dir='ltr'>nec</span> <span class='ocrx_word' id='word_1_173' title='bbox 1146 2337 1290 2436; x_wconf 89' lang='lat' dir='ltr'>poterit</span> <span class='ocrx_word' id='word_1_174' title='bbox 1307 2347 1442 2437; x_wconf 90' lang='lat' dir='ltr'>postea</span> <span class='ocrx_word' id='word_1_175' title='bbox 1459 2338 1595 2437; x_wconf 88' lang='lat' dir='ltr'>aliquis</span> <span class='ocrx_word' id='word_1_176' title='bbox 1611 2339 1920 2417; x_wconf 77' lang='lat' dir='ltr'>contrahentium</span> <span class='ocrx_word' id='word_1_177' title='bbox 1938 2365 1962 2413; x_wconf 90' lang='lat' dir='ltr'>a</span> 
     </span>
     <span class='ocr_line' id='line_1_17' title="bbox 369 2456 1960 2556; baseline -0.001 -21"><span class='ocrx_word' id='word_1_178' title='bbox 369 2467 570 2536; x_wconf 88' lang='lat' dir='ltr'>contractu</span> <span class='ocrx_word' id='word_1_179' title='bbox 587 2457 730 2534; x_wconf 92' lang='lat' dir='ltr'>resilire</span> <span class='ocrx_word' id='word_1_180' title='bbox 746 2465 938 2556; x_wconf 70' lang='lat' dir='ltr'>praetextu</span> <span class='ocrx_word' id='word_1_181' title='bbox 955 2456 1069 2556; x_wconf 85' lang='lat' dir='ltr'>pretii</span> <span class='ocrx_word' id='word_1_182' title='bbox 1086 2481 1166 2532; x_wconf 92' lang='lat' dir='ltr'>non</span> <span class='ocrx_word' id='word_1_183' title='bbox 1181 2457 1296 2533; x_wconf 88' lang='lat' dir='ltr'>soluti</span> <span class='ocrx_word' id='word_1_184' title='bbox 1313 2458 1353 2533; x_wconf 90' lang='lat' dir='ltr'>in</span> <span class='ocrx_word' id='word_1_185' title='bbox 1371 2465 1483 2556; x_wconf 91' lang='lat' dir='ltr'>parte</span> <span class='ocrx_word' id='word_1_186' title='bbox 1498 2458 1559 2533; x_wconf 92' lang='lat' dir='ltr'>vel</span> <span class='ocrx_word' id='word_1_187' title='bbox 1576 2458 1616 2533; x_wconf 90' lang='lat' dir='ltr'>in</span> <span class='ocrx_word' id='word_1_188' title='bbox 1632 2466 1728 2534; x_wconf 93' lang='lat' dir='ltr'>toto.</span> <span class='ocrx_word' id='word_1_189' title='bbox 1749 2458 1827 2534; x_wconf 95' lang='lat' dir='ltr'>Sed</span> <span class='ocrx_word' id='word_1_190' title='bbox 1846 2483 1960 2556; x_wconf 87' lang='lat' dir='ltr'>agere</span> 
     </span>
     <span class='ocr_line' id='line_1_18' title="bbox 370 2575 1960 2678; baseline -0.001 -24"><span class='ocrx_word' id='word_1_191' title='bbox 370 2577 514 2678; x_wconf 90' lang='lat' dir='ltr'>poterit</span> <span class='ocrx_word' id='word_1_192' title='bbox 530 2576 707 2653; x_wconf 92' lang='lat' dir='ltr'>venditor</span> <span class='ocrx_word' id='word_1_193' title='bbox 723 2576 774 2651; x_wconf 91' lang='lat' dir='ltr'>ad</span> <span class='ocrx_word' id='word_1_194' title='bbox 789 2577 1096 2673; x_wconf 88' lang='lat' dir='ltr'>recuperandum</span> <span class='ocrx_word' id='word_1_195' title='bbox 1111 2575 1150 2650; x_wconf 94' lang='lat' dir='ltr'>id</span> <span class='ocrx_word' id='word_1_196' title='bbox 1167 2575 1272 2674; x_wconf 93' lang='lat' dir='ltr'>quod</span> <span class='ocrx_word' id='word_1_197' title='bbox 1288 2575 1335 2650; x_wconf 91' lang='lat' dir='ltr'>de</span> <span class='ocrx_word' id='word_1_198' title='bbox 1354 2575 1479 2673; x_wconf 91' lang='lat' dir='ltr'>pretio</span> <span class='ocrx_word' id='word_1_199' title='bbox 1497 2576 1665 2652; x_wconf 83' lang='lat' dir='ltr'>defuerit</span> <span class='ocrx_word' id='word_1_200' title='bbox 1682 2602 1753 2675; x_wconf 92' lang='lat' dir='ltr'>per</span> <span class='ocrx_word' id='word_1_201' title='bbox 1771 2577 1960 2652; x_wconf 84' lang='lat' dir='ltr'>actionem</span> 
     </span>
     <span class='ocr_line' id='line_1_19' title="bbox 369 2693 1959 2795; baseline 0 -23"><span class='ocrx_word' id='word_1_202' title='bbox 369 2704 662 2795; x_wconf 90' lang='lat' dir='ltr'>competentem,</span> <span class='ocrx_word' id='word_1_203' title='bbox 690 2704 728 2771; x_wconf 90' lang='lat' dir='ltr'>et</span> <span class='ocrx_word' id='word_1_204' title='bbox 755 2719 833 2770; x_wconf 91' lang='lat' dir='ltr'>non</span> <span class='ocrx_word' id='word_1_205' title='bbox 860 2695 911 2771; x_wconf 89' lang='lat' dir='ltr'>ad</span> <span class='ocrx_word' id='word_1_206' title='bbox 935 2695 1061 2793; x_wconf 89' lang='lat' dir='ltr'>ipsam</span> <span class='ocrx_word' id='word_1_207' title='bbox 1087 2720 1168 2770; x_wconf 93' lang='lat' dir='ltr'>rem</span> <span class='ocrx_word' id='word_1_208' title='bbox 1195 2693 1463 2771; x_wconf 87' lang='lat' dir='ltr'>rehabendam.</span> <span class='ocrx_word' id='word_1_209' title='bbox 1493 2695 1578 2770; x_wconf 90' lang='lat' dir='ltr'>Nec</span> <span class='ocrx_word' id='word_1_210' title='bbox 1604 2696 1721 2772; x_wconf 89' lang='lat' dir='ltr'>etiam</span> <span class='ocrx_word' id='word_1_211' title='bbox 1748 2721 1788 2771; x_wconf 89' lang='lat' dir='ltr'>se</span> <span class='ocrx_word' id='word_1_212' title='bbox 1816 2720 1959 2794; x_wconf 91' lang='lat' dir='ltr'>ponere</span> 
     </span>
     <span class='ocr_line' id='line_1_20' title="bbox 368 2811 1959 2913; baseline -0.001 -23"><span class='ocrx_word' id='word_1_213' title='bbox 368 2814 513 2913; x_wconf 90' lang='lat' dir='ltr'>poterit</span> <span class='ocrx_word' id='word_1_214' title='bbox 530 2815 571 2890; x_wconf 91' lang='lat' dir='ltr'>in</span> <span class='ocrx_word' id='word_1_215' title='bbox 587 2813 764 2891; x_wconf 90' lang='lat' dir='ltr'>seisinam</span> <span class='ocrx_word' id='word_1_216' title='bbox 780 2814 835 2889; x_wconf 90' lang='lat' dir='ltr'>rei</span> <span class='ocrx_word' id='word_1_217' title='bbox 853 2811 1017 2889; x_wconf 82' lang='lat' dir='ltr'>venditae</span> <span class='ocrx_word' id='word_1_218' title='bbox 1035 2812 1128 2912; x_wconf 91' lang='lat' dir='ltr'>quin</span> <span class='ocrx_word' id='word_1_219' title='bbox 1146 2813 1265 2889; x_wconf 87' lang='lat' dir='ltr'>faciat</span> <span class='ocrx_word' id='word_1_220' title='bbox 1285 2811 1532 2902; x_wconf 90' lang='lat' dir='ltr'>disseisinam,</span> <span class='ocrx_word' id='word_1_221' title='bbox 1551 2813 1623 2890; x_wconf 88' lang='lat' dir='ltr'>nisi</span> <span class='ocrx_word' id='word_1_222' title='bbox 1641 2813 1711 2888; x_wconf 93' lang='lat' dir='ltr'>hoc</span> <span class='ocrx_word' id='word_1_223' title='bbox 1731 2812 1851 2890; x_wconf 83' lang='lat' dir='ltr'>faciat</span> <span class='ocrx_word' id='word_1_224' title='bbox 1870 2839 1959 2912; x_wconf 89' lang='lat' dir='ltr'>pae-</span> 
     </span>
     <span class='ocr_line' id='line_1_21' title="bbox 368 2931 1960 3032; baseline -0.002 -22"><span class='ocrx_word' id='word_1_225' title='bbox 368 2944 452 3010; x_wconf 90' lang='lat' dir='ltr'>tum</span> <span class='ocrx_word' id='word_1_226' title='bbox 466 2932 718 3009; x_wconf 90' lang='lat' dir='ltr'>incontinenti</span> <span class='ocrx_word' id='word_1_227' title='bbox 733 2932 956 3031; x_wconf 88' lang='lat' dir='ltr'>appositum</span> <span class='ocrx_word' id='word_1_228' title='bbox 970 2931 1110 3030; x_wconf 91' lang='lat' dir='ltr'>inipso</span> <span class='ocrx_word' id='word_1_229' title='bbox 1124 2940 1336 3020; x_wconf 87' lang='lat' dir='ltr'>contractu,</span> <span class='ocrx_word' id='word_1_230' title='bbox 1351 2933 1489 3009; x_wconf 91' lang='lat' dir='ltr'>modus</span> <span class='ocrx_word' id='word_1_231' title='bbox 1504 2931 1565 3008; x_wconf 91' lang='lat' dir='ltr'>vel</span> <span class='ocrx_word' id='word_1_232' title='bbox 1581 2932 1762 3021; x_wconf 90' lang='lat' dir='ltr'>condicio,</span> <span class='ocrx_word' id='word_1_233' title='bbox 1779 2942 1824 3009; x_wconf 92' lang='lat' dir='ltr'>ut</span> <span class='ocrx_word' id='word_1_234' title='bbox 1840 2958 1960 3032; x_wconf 88' lang='lat' dir='ltr'>supra</span> 
     </span>
     <span class='ocr_line' id='line_1_22' title="bbox 369 3050 1959 3150; baseline 0 -22"><span class='ocrx_word' id='word_1_235' title='bbox 369 3051 588 3129; x_wconf 87' lang='lat' dir='ltr'>dictumest</span> <span class='ocrx_word' id='word_1_236' title='bbox 606 3051 757 3150; x_wconf 91' lang='lat' dir='ltr'>plenius</span> <span class='ocrx_word' id='word_1_237' title='bbox 775 3051 822 3128; x_wconf 90' lang='lat' dir='ltr'>de</span> <span class='ocrx_word' id='word_1_238' title='bbox 840 3050 1110 3127; x_wconf 89' lang='lat' dir='ltr'>donationibus</span> <span class='ocrx_word' id='word_1_239' title='bbox 1128 3058 1167 3126; x_wconf 91' lang='lat' dir='ltr'>et</span> <span class='ocrx_word' id='word_1_240' title='bbox 1183 3050 1288 3126; x_wconf 84' lang='lat' dir='ltr'>infra</span> <span class='ocrx_word' id='word_1_241' title='bbox 1306 3051 1455 3127; x_wconf 89' lang='lat' dir='ltr'>dicetur</span> <span class='ocrx_word' id='word_1_242' title='bbox 1472 3051 1520 3128; x_wconf 92' lang='lat' dir='ltr'>de</span> <span class='ocrx_word' id='word_1_243' title='bbox 1538 3050 1745 3128; x_wconf 88' lang='lat' dir='ltr'>disseisina.</span> <span class='ocrx_word' id='word_1_244' title='bbox 1767 3050 1810 3127; x_wconf 91' lang='lat' dir='ltr'>Si</span> <span class='ocrx_word' id='word_1_245' title='bbox 1829 3059 1959 3128; x_wconf 92' lang='lat' dir='ltr'>autem</span> 
     </span>
     <span class='ocr_line' id='line_1_23' title="bbox 368 3167 1958 3267; baseline -0.001 -21"><span class='ocrx_word' id='word_1_246' title='bbox 368 3173 469 3247; x_wconf 92' lang='lat' dir='ltr'>inter</span> <span class='ocrx_word' id='word_1_247' title='bbox 483 3169 750 3246; x_wconf 89' lang='lat' dir='ltr'>contrahentes</span> <span class='ocrx_word' id='word_1_248' title='bbox 767 3169 823 3244; x_wconf 92' lang='lat' dir='ltr'>ita</span> <span class='ocrx_word' id='word_1_249' title='bbox 838 3167 1058 3245; x_wconf 91' lang='lat' dir='ltr'>convenerit</span> <span class='ocrx_word' id='word_1_250' title='bbox 1075 3170 1178 3267; x_wconf 90' lang='lat' dir='ltr'>quod</span> <span class='ocrx_word' id='word_1_251' title='bbox 1195 3194 1254 3245; x_wconf 91' lang='lat' dir='ltr'>res</span> <span class='ocrx_word' id='word_1_252' title='bbox 1272 3177 1404 3267; x_wconf 90' lang='lat' dir='ltr'>empta</span> <span class='ocrx_word' id='word_1_253' title='bbox 1420 3168 1470 3245; x_wconf 93' lang='lat' dir='ltr'>sit</span> <span class='ocrx_word' id='word_1_254' title='bbox 1485 3170 1585 3246; x_wconf 90' lang='lat' dir='ltr'>tanti</span> <span class='ocrx_word' id='word_1_255' title='bbox 1603 3171 1738 3267; x_wconf 90' lang='lat' dir='ltr'>quanti</span> <span class='ocrx_word' id='word_1_256' title='bbox 1755 3170 1843 3246; x_wconf 90' lang='lat' dir='ltr'>talis</span> <span class='ocrx_word' id='word_1_257' title='bbox 1861 3171 1958 3247; x_wconf 75' lang='lat' dir='ltr'>sesti·</span> 
     </span>
     <span class='ocr_line' id='line_1_24' title="bbox 367 3286 1959 3386; baseline 0 -22"><span class='ocrx_word' id='word_1_258' title='bbox 367 3288 542 3378; x_wconf 84' lang='lat' dir='ltr'>moverit,</span> <span class='ocrx_word' id='word_1_259' title='bbox 557 3287 630 3364; x_wconf 89' lang='lat' dir='ltr'>nisi</span> <span class='ocrx_word' id='word_1_260' title='bbox 644 3287 707 3363; x_wconf 90' lang='lat' dir='ltr'>ille</span> <span class='ocrx_word' id='word_1_261' title='bbox 721 3286 826 3364; x_wconf 83' lang='lat' dir='ltr'>tale²²</span> <span class='ocrx_word' id='word_1_262' title='bbox 843 3287 1011 3386; x_wconf 93' lang='lat' dir='ltr'>pretium</span> <span class='ocrx_word' id='word_1_263' title='bbox 1026 3287 1228 3376; x_wconf 90' lang='lat' dir='ltr'>definierit,</span> <span class='ocrx_word' id='word_1_264' title='bbox 1244 3289 1305 3363; x_wconf 90' lang='lat' dir='ltr'>vel</span> <span class='ocrx_word' id='word_1_265' title='bbox 1320 3289 1352 3364; x_wconf 90' lang='lat' dir='ltr'>si</span> <span class='ocrx_word' id='word_1_266' title='bbox 1367 3287 1430 3364; x_wconf 92' lang='lat' dir='ltr'>ille</span> <span class='ocrx_word' id='word_1_267' title='bbox 1447 3288 1606 3364; x_wconf 90' lang='lat' dir='ltr'>definire</span> <span class='ocrx_word' id='word_1_268' title='bbox 1621 3288 1788 3365; x_wconf 90' lang='lat' dir='ltr'>noluerit</span> <span class='ocrx_word' id='word_1_269' title='bbox 1803 3289 1864 3365; x_wconf 90' lang='lat' dir='ltr'>vel</span> <span class='ocrx_word' id='word_1_270' title='bbox 1881 3314 1959 3364; x_wconf 91' lang='lat' dir='ltr'>non</span> 
     </span>
     <span class='ocr_line' id='line_1_25' title="bbox 369 3404 1958 3506; baseline 0.001 -25"><span class='ocrx_word' id='word_1_271' title='bbox 369 3408 502 3506; x_wconf 92' lang='lat' dir='ltr'>possit,</span> <span class='ocrx_word' id='word_1_272' title='bbox 520 3406 628 3483; x_wconf 91' lang='lat' dir='ltr'>nulla</span> <span class='ocrx_word' id='word_1_273' title='bbox 643 3406 717 3484; x_wconf 91' lang='lat' dir='ltr'>erit</span> <span class='ocrx_word' id='word_1_274' title='bbox 735 3407 880 3506; x_wconf 89' lang='lat' dir='ltr'>emptio</span> <span class='ocrx_word' id='word_1_275' title='bbox 898 3406 958 3482; x_wconf 91' lang='lat' dir='ltr'>vel</span> <span class='ocrx_word' id='word_1_276' title='bbox 977 3405 1146 3482; x_wconf 90' lang='lat' dir='ltr'>venditio</span> <span class='ocrx_word' id='word_1_277' title='bbox 1164 3407 1273 3504; x_wconf 89' lang='lat' dir='ltr'>quasi</span> <span class='ocrx_word' id='word_1_278' title='bbox 1291 3404 1399 3482; x_wconf 92' lang='lat' dir='ltr'>nullo</span> <span class='ocrx_word' id='word_1_279' title='bbox 1418 3406 1544 3505; x_wconf 90' lang='lat' dir='ltr'>pretio</span> <span class='ocrx_word' id='word_1_280' title='bbox 1563 3406 1721 3483; x_wconf 91' lang='lat' dir='ltr'>definito</span> <span class='ocrx_word' id='word_1_281' title='bbox 1739 3407 1801 3482; x_wconf 92' lang='lat' dir='ltr'>vel</span> <span class='ocrx_word' id='word_1_282' title='bbox 1819 3407 1958 3484; x_wconf 89' lang='lat' dir='ltr'>consti·</span> 
     </span>
     <span class='ocr_line' id='line_1_26' title="bbox 368 3524 1959 3624; baseline -0.001 -22"><span class='ocrx_word' id='word_1_283' title='bbox 368 3535 466 3603; x_wconf 91' lang='lat' dir='ltr'>tuto.</span> <span class='ocrx_word' id='word_1_284' title='bbox 483 3527 587 3602; x_wconf 87' lang='lat' dir='ltr'>Item</span> <span class='ocrx_word' id='word_1_285' title='bbox 601 3550 689 3601; x_wconf 92' lang='lat' dir='ltr'>cum</span> <span class='ocrx_word' id='word_1_286' title='bbox 704 3551 880 3602; x_wconf 87' lang='lat' dir='ltr'>arrarum</span> <span class='ocrx_word' id='word_1_287' title='bbox 895 3525 1048 3601; x_wconf 91' lang='lat' dir='ltr'>nomine</span> <span class='ocrx_word' id='word_1_288' title='bbox 1065 3524 1209 3624; x_wconf 93' lang='lat' dir='ltr'>aliquid</span> <span class='ocrx_word' id='word_1_289' title='bbox 1225 3525 1394 3601; x_wconf 92' lang='lat' dir='ltr'>solutum</span> <span class='ocrx_word' id='word_1_290' title='bbox 1410 3525 1529 3601; x_wconf 82' lang='lat' dir='ltr'>fuerit</span> <span class='ocrx_word' id='word_1_291' title='bbox 1546 3534 1635 3601; x_wconf 88' lang='lat' dir='ltr'>ante</span> <span class='ocrx_word' id='word_1_292' title='bbox 1651 3526 1910 3614; x_wconf 90' lang='lat' dir='ltr'>traditionem,</span> <span class='ocrx_word' id='word_1_293' title='bbox 1928 3525 1959 3603; x_wconf 92' lang='lat' dir='ltr'>si</span> 
     </span>
     <span class='ocr_line' id='line_1_27' title="bbox 369 3642 1959 3743; baseline 0.001 -23"><span class='ocrx_word' id='word_1_294' title='bbox 369 3653 582 3743; x_wconf 90' lang='lat' dir='ltr'>emptorem</span> <span class='ocrx_word' id='word_1_295' title='bbox 609 3644 813 3742; x_wconf 91' lang='lat' dir='ltr'>emptionis</span> <span class='ocrx_word' id='word_1_296' title='bbox 841 3642 1072 3742; x_wconf 76' lang='lat' dir='ltr'>paenituerit,</span> <span class='ocrx_word' id='word_1_297' title='bbox 1100 3651 1139 3718; x_wconf 92' lang='lat' dir='ltr'>et</span> <span class='ocrx_word' id='word_1_298' title='bbox 1166 3669 1190 3718; x_wconf 89' lang='lat' dir='ltr'>a</span> <span class='ocrx_word' id='word_1_299' title='bbox 1215 3651 1417 3719; x_wconf 88' lang='lat' dir='ltr'>contractu</span> <span class='ocrx_word' id='word_1_300' title='bbox 1444 3643 1588 3719; x_wconf 91' lang='lat' dir='ltr'>resilire</span> <span class='ocrx_word' id='word_1_301' title='bbox 1615 3644 1790 3732; x_wconf 90' lang='lat' dir='ltr'>voluerit,</span> <span class='ocrx_word' id='word_1_302' title='bbox 1820 3645 1959 3742; x_wconf 90' lang='lat' dir='ltr'>perdat</span> 
     </span>
     <span class='ocr_line' id='line_1_28' title="bbox 369 3761 1960 3862; baseline 0.001 -25"><span class='ocrx_word' id='word_1_303' title='bbox 369 3763 399 3837; x_wconf 86' lang='lat' dir='ltr'>f.</span> <span class='ocrx_word' id='word_1_304' title='bbox 417 3764 485 3856; x_wconf 80' lang='grc'>62]</span> <span class='ocrx_word' id='word_1_305' title='bbox 541 3764 644 3860; x_wconf 93' lang='lat' dir='ltr'>quod</span> <span class='ocrx_word' id='word_1_306' title='bbox 663 3761 779 3839; x_wconf 92' lang='lat' dir='ltr'>dedit.</span> <span class='ocrx_word' id='word_1_307' title='bbox 801 3763 843 3839; x_wconf 94' lang='lat' dir='ltr'>Si</span> <span class='ocrx_word' id='word_1_308' title='bbox 864 3771 994 3838; x_wconf 89' lang='lat' dir='ltr'>autem</span> <span class='ocrx_word' id='word_1_309' title='bbox 1011 3761 1261 3851; x_wconf 91' lang='lat' dir='ltr'>venditorem,</span> <span class='ocrx_word' id='word_1_310' title='bbox 1282 3762 1385 3860; x_wconf 90' lang='lat' dir='ltr'>quod</span> <span class='ocrx_word' id='word_1_311' title='bbox 1405 3787 1581 3838; x_wconf 89' lang='lat' dir='ltr'>arrarum</span> <span class='ocrx_word' id='word_1_312' title='bbox 1600 3762 1753 3839; x_wconf 90' lang='lat' dir='ltr'>nomine</span> <span class='ocrx_word' id='word_1_313' title='bbox 1772 3762 1960 3862; x_wconf 89' lang='lat' dir='ltr'>receperit</span> 
     </span>
     <span class='ocr_line' id='line_1_29' title="bbox 368 3879 1959 3980; baseline -0.001 -21"><span class='ocrx_word' id='word_1_314' title='bbox 368 3881 534 3980; x_wconf 89' lang='lat' dir='ltr'>emptori</span> <span class='ocrx_word' id='word_1_315' title='bbox 553 3882 733 3958; x_wconf 89' lang='lat' dir='ltr'>restituat</span> <span class='ocrx_word' id='word_1_316' title='bbox 754 3880 1004 3980; x_wconf 89' lang='lat' dir='ltr'>duplicatum.</span> <span class='ocrx_word' id='word_1_317' title='bbox 1028 3882 1130 3958; x_wconf 91' lang='lat' dir='ltr'>Cum</span> <span class='ocrx_word' id='word_1_318' title='bbox 1150 3889 1280 3957; x_wconf 90' lang='lat' dir='ltr'>autem</span> <span class='ocrx_word' id='word_1_319' title='bbox 1300 3879 1478 3956; x_wconf 90' lang='lat' dir='ltr'>venditor</span> <span class='ocrx_word' id='word_1_320' title='bbox 1499 3907 1579 3957; x_wconf 92' lang='lat' dir='ltr'>rem</span> <span class='ocrx_word' id='word_1_321' title='bbox 1599 3881 1725 3979; x_wconf 88' lang='lat' dir='ltr'>ipsam</span> <span class='ocrx_word' id='word_1_322' title='bbox 1744 3881 1959 3958; x_wconf 91' lang='lat' dir='ltr'>vendiderit</span> 
     </span>
     <span class='ocr_line' id='line_1_30' title="bbox 367 3999 1958 4099; baseline 0 -23"><span class='ocrx_word' id='word_1_323' title='bbox 367 4009 566 4099; x_wconf 89' lang='lat' dir='ltr'>tamquam</span> <span class='ocrx_word' id='word_1_324' title='bbox 586 4025 719 4076; x_wconf 91' lang='lat' dir='ltr'>sanam</span> <span class='ocrx_word' id='word_1_325' title='bbox 739 4009 777 4076; x_wconf 92' lang='lat' dir='ltr'>et</span> <span class='ocrx_word' id='word_1_326' title='bbox 797 4000 877 4076; x_wconf 92' lang='lat' dir='ltr'>sine</span> <span class='ocrx_word' id='word_1_327' title='bbox 896 4000 1096 4087; x_wconf 89' lang='lat' dir='ltr'>mahemio,</span> <span class='ocrx_word' id='word_1_328' title='bbox 1117 4008 1156 4075; x_wconf 93' lang='lat' dir='ltr'>et</span> <span class='ocrx_word' id='word_1_329' title='bbox 1175 4008 1310 4098; x_wconf 89' lang='lat' dir='ltr'>postea</span> <span class='ocrx_word' id='word_1_330' title='bbox 1329 3999 1561 4075; x_wconf 88' lang='lat' dir='ltr'>mahemiata</span> <span class='ocrx_word' id='word_1_331' title='bbox 1580 3999 1736 4077; x_wconf 89' lang='lat' dir='ltr'>inventa</span> <span class='ocrx_word' id='word_1_332' title='bbox 1757 4000 1877 4077; x_wconf 85' lang='lat' dir='ltr'>fuerit</span> <span class='ocrx_word' id='word_1_333' title='bbox 1897 4001 1958 4076; x_wconf 93' lang='lat' dir='ltr'>vel</span> 
     </span>
     <span class='ocr_line' id='line_1_31' title="bbox 367 4117 1957 4218; baseline -0.001 -21"><span class='ocrx_word' id='word_1_334' title='bbox 367 4121 494 4197; x_wconf 91' lang='lat' dir='ltr'>minus</span> <span class='ocrx_word' id='word_1_335' title='bbox 517 4145 622 4207; x_wconf 91' lang='lat' dir='ltr'>sana,</span> <span class='ocrx_word' id='word_1_336' title='bbox 645 4127 684 4194; x_wconf 95' lang='lat' dir='ltr'>et</span> <span class='ocrx_word' id='word_1_337' title='bbox 706 4118 863 4217; x_wconf 91' lang='lat' dir='ltr'>probari</span> <span class='ocrx_word' id='word_1_338' title='bbox 886 4118 1007 4218; x_wconf 92' lang='lat' dir='ltr'>possit</span> <span class='ocrx_word' id='word_1_339' title='bbox 1031 4117 1080 4193; x_wconf 90' lang='lat' dir='ltr'>ab</span> <span class='ocrx_word' id='word_1_340' title='bbox 1103 4127 1276 4217; x_wconf 91' lang='lat' dir='ltr'>emptore</span> <span class='ocrx_word' id='word_1_341' title='bbox 1300 4119 1404 4216; x_wconf 93' lang='lat' dir='ltr'>quod</span> <span class='ocrx_word' id='word_1_342' title='bbox 1426 4125 1602 4216; x_wconf 89' lang='lat' dir='ltr'>tempore</span> <span class='ocrx_word' id='word_1_343' title='bbox 1624 4127 1844 4196; x_wconf 85' lang='lat' dir='ltr'>contractus</span> <span class='ocrx_word' id='word_1_344' title='bbox 1868 4119 1957 4196; x_wconf 89' lang='lat' dir='ltr'>talis</span> 
     </span>
     <span class='ocr_line' id='line_1_32' title="bbox 368 4235 1957 4336; baseline -0.001 -21"><span class='ocrx_word' id='word_1_345' title='bbox 368 4239 499 4327; x_wconf 84' lang='lat' dir='ltr'>fuerit,</span> <span class='ocrx_word' id='word_1_346' title='bbox 520 4237 714 4315; x_wconf 91' lang='lat' dir='ltr'>tenebitur</span> <span class='ocrx_word' id='word_1_347' title='bbox 735 4237 912 4313; x_wconf 93' lang='lat' dir='ltr'>venditor</span> <span class='ocrx_word' id='word_1_348' title='bbox 933 4263 1014 4313; x_wconf 91' lang='lat' dir='ltr'>rem</span> <span class='ocrx_word' id='word_1_349' title='bbox 1037 4261 1146 4313; x_wconf 88' lang='lat' dir='ltr'>suam</span> <span class='ocrx_word' id='word_1_350' title='bbox 1169 4235 1360 4312; x_wconf 91' lang='lat' dir='ltr'>rehabere.</span> <span class='ocrx_word' id='word_1_351' title='bbox 1387 4237 1466 4313; x_wconf 91' lang='lat' dir='ltr'>Sed</span> <span class='ocrx_word' id='word_1_352' title='bbox 1488 4237 1519 4314; x_wconf 91' lang='lat' dir='ltr'>si</span> <span class='ocrx_word' id='word_1_353' title='bbox 1540 4247 1715 4336; x_wconf 92' lang='lat' dir='ltr'>tempore</span> <span class='ocrx_word' id='word_1_354' title='bbox 1737 4245 1957 4314; x_wconf 88' lang='lat' dir='ltr'>contractus</span> 
     </span>
     <span class='ocr_line' id='line_1_33' title="bbox 368 4354 1957 4454; baseline -0.003 -20"><span class='ocrx_word' id='word_1_355' title='bbox 368 4383 463 4435; x_wconf 89' lang='lat' dir='ltr'>sana</span> <span class='ocrx_word' id='word_1_356' title='bbox 483 4367 521 4434; x_wconf 92' lang='lat' dir='ltr'>et</span> <span class='ocrx_word' id='word_1_357' title='bbox 543 4356 623 4433; x_wconf 91' lang='lat' dir='ltr'>sine</span> <span class='ocrx_word' id='word_1_358' title='bbox 644 4355 832 4432; x_wconf 91' lang='lat' dir='ltr'>mahemio</span> <span class='ocrx_word' id='word_1_359' title='bbox 853 4355 985 4444; x_wconf 86' lang='lat' dir='ltr'>fuerit,</span> <span class='ocrx_word' id='word_1_360' title='bbox 1008 4355 1196 4453; x_wconf 93' lang='lat' dir='ltr'>quidquid</span> <span class='ocrx_word' id='word_1_361' title='bbox 1217 4355 1265 4431; x_wconf 90' lang='lat' dir='ltr'>de</span> <span class='ocrx_word' id='word_1_362' title='bbox 1287 4381 1334 4431; x_wconf 89' lang='lat' dir='ltr'>ea</span> <span class='ocrx_word' id='word_1_363' title='bbox 1355 4354 1615 4454; x_wconf 89' lang='lat' dir='ltr'>postmodum²</span> <span class='ocrx_word' id='word_1_364' title='bbox 1637 4355 1854 4453; x_wconf 85' lang='lat' dir='ltr'>contigerit,</span> <span class='ocrx_word' id='word_1_365' title='bbox 1878 4381 1957 4432; x_wconf 90' lang='lat' dir='ltr'>non</span> 
     </span>
     <span class='ocr_line' id='line_1_34' title="bbox 366 4473 1956 4572; baseline -0.003 -19"><span class='ocrx_word' id='word_1_366' title='bbox 366 4476 571 4553; x_wconf 88' lang='lat' dir='ltr'>tenebitur.</span> <span class='ocrx_word' id='word_1_367' title='bbox 588 4476 692 4552; x_wconf 92' lang='lat' dir='ltr'>Item</span> <span class='ocrx_word' id='word_1_368' title='bbox 707 4499 794 4550; x_wconf 92' lang='lat' dir='ltr'>cum</span> <span class='ocrx_word' id='word_1_369' title='bbox 809 4500 890 4551; x_wconf 90' lang='lat' dir='ltr'>rem</span> <span class='ocrx_word' id='word_1_370' title='bbox 906 4473 1138 4550; x_wconf 92' lang='lat' dir='ltr'>immobilem</span> <span class='ocrx_word' id='word_1_371' title='bbox 1152 4473 1366 4550; x_wconf 89' lang='lat' dir='ltr'>vendiderit</span> <span class='ocrx_word' id='word_1_372' title='bbox 1383 4473 1466 4572; x_wconf 92' lang='lat' dir='ltr'>quis</span> <span class='ocrx_word' id='word_1_373' title='bbox 1483 4483 1527 4550; x_wconf 94' lang='lat' dir='ltr'>ut</span> <span class='ocrx_word' id='word_1_374' title='bbox 1543 4481 1699 4562; x_wconf 89' lang='lat' dir='ltr'>terram,</span> <span class='ocrx_word' id='word_1_375' title='bbox 1715 4475 1811 4551; x_wconf 92' lang='lat' dir='ltr'>etin</span> <span class='ocrx_word' id='word_1_376' title='bbox 1827 4475 1956 4550; x_wconf 91' lang='lat' dir='ltr'>vendi-</span> 
     </span>
     <span class='ocr_line' id='line_1_35' title="bbox 367 4590 1957 4691; baseline 0.001 -22"><span class='ocrx_word' id='word_1_377' title='bbox 367 4592 485 4669; x_wconf 81' lang='lat' dir='ltr'>tione²</span> <span class='ocrx_word' id='word_1_378' title='bbox 505 4591 780 4691; x_wconf 86' lang='lat' dir='ltr'>repromiserit⁸</span> <span class='ocrx_word' id='word_1_379' title='bbox 800 4592 925 4690; x_wconf 90' lang='lat' dir='ltr'>ipsam</span> <span class='ocrx_word' id='word_1_380' title='bbox 946 4616 1026 4668; x_wconf 91' lang='lat' dir='ltr'>esse</span> <span class='ocrx_word' id='word_1_381' title='bbox 1046 4591 1205 4667; x_wconf 91' lang='lat' dir='ltr'>liberam</span> <span class='ocrx_word' id='word_1_382' title='bbox 1226 4591 1328 4667; x_wconf 82' lang='lat' dir='ltr'>cum⁴</span> <span class='ocrx_word' id='word_1_383' title='bbox 1349 4593 1398 4668; x_wconf 91' lang='lat' dir='ltr'>sit</span> <span class='ocrx_word' id='word_1_384' title='bbox 1419 4617 1540 4680; x_wconf 89' lang='lat' dir='ltr'>serva,</span> <span class='ocrx_word' id='word_1_385' title='bbox 1562 4590 1622 4667; x_wconf 91' lang='lat' dir='ltr'>vel</span> <span class='ocrx_word' id='word_1_386' title='bbox 1644 4616 1722 4668; x_wconf 94' lang='lat' dir='ltr'>non</span> <span class='ocrx_word' id='word_1_387' title='bbox 1744 4593 1957 4670; x_wconf 80' lang='lat' dir='ltr'>oneratam⁸</span> 
     </span>
     <span class='ocr_line' id='line_1_36' title="bbox 368 4708 1958 4810; baseline 0 -22"><span class='ocrx_word' id='word_1_388' title='bbox 368 4737 455 4788; x_wconf 92' lang='lat' dir='ltr'>cum</span> <span class='ocrx_word' id='word_1_389' title='bbox 473 4711 522 4788; x_wconf 94' lang='lat' dir='ltr'>sit</span> <span class='ocrx_word' id='word_1_390' title='bbox 540 4719 710 4800; x_wconf 89' lang='lat' dir='ltr'>onerata,</span> <span class='ocrx_word' id='word_1_391' title='bbox 730 4708 804 4786; x_wconf 81' lang='lat' dir='ltr'>vel⁶</span> <span class='ocrx_word' id='word_1_392' title='bbox 822 4734 900 4787; x_wconf 92' lang='lat' dir='ltr'>non</span> <span class='ocrx_word' id='word_1_393' title='bbox 918 4709 1142 4808; x_wconf 79' lang='lat' dir='ltr'>obligatam⁷</span> <span class='ocrx_word' id='word_1_394' title='bbox 1161 4735 1248 4786; x_wconf 88' lang='lat' dir='ltr'>cum</span> <span class='ocrx_word' id='word_1_395' title='bbox 1268 4711 1328 4798; x_wconf 91' lang='lat' dir='ltr'>sit,</span> <span class='ocrx_word' id='word_1_396' title='bbox 1348 4709 1523 4810; x_wconf 81' lang='lat' dir='ltr'>propter⁸</span> <span class='ocrx_word' id='word_1_397' title='bbox 1542 4710 1612 4786; x_wconf 93' lang='lat' dir='ltr'>hoc</span> <span class='ocrx_word' id='word_1_398' title='bbox 1632 4737 1711 4787; x_wconf 90' lang='lat' dir='ltr'>non</span> <span class='ocrx_word' id='word_1_399' title='bbox 1729 4711 1958 4789; x_wconf 90' lang='lat' dir='ltr'>rescinditur</span> 
     </span>
    </p>
   </div>
   <div class='ocr_carea' id='block_1_3' title="bbox 366 4878 1962 5569">
    <p class='ocr_par' dir='ltr' id='par_1_3' title="bbox 367 4878 1962 5058">
     <span class='ocr_line' id='line_1_37' title="bbox 367 4878 1958 4958; baseline 0.001 -16"><span class='ocrx_word' id='word_1_400' title='bbox 367 4881 395 4915; x_wconf 78' lang='lat'>¹⁸</span> <span class='ocrx_word' id='word_1_401' title='bbox 406 4889 582 4942; x_wconf 82' lang='lat' dir='ltr'>carucatam</span> <span class='ocrx_word' id='word_1_402' title='bbox 597 4889 699 4955; x_wconf 72' lang='lat' dir='ltr'>terrae,</span> <span class='ocrx_word' id='word_1_403' title='bbox 714 4881 752 4941; x_wconf 90' lang='lat' dir='ltr'>V.</span> <span class='ocrx_word' id='word_1_404' title='bbox 791 4879 857 4915; x_wconf 82' lang='lat'>²²²²²</span> <span class='ocrx_word' id='word_1_405' title='bbox 868 4901 931 4942; x_wconf 84' lang='lat' dir='ltr'>car.</span> <span class='ocrx_word' id='word_1_406' title='bbox 947 4887 1004 4942; x_wconf 90' lang='lat' dir='ltr'>ter.</span> <span class='ocrx_word' id='word_1_407' title='bbox 1021 4878 1082 4955; x_wconf 90' lang='lat' dir='ltr'>vel,</span> <span class='ocrx_word' id='word_1_408' title='bbox 1100 4882 1175 4957; x_wconf 93' lang='lat' dir='ltr'>MB,</span> <span class='ocrx_word' id='word_1_409' title='bbox 1190 4881 1272 4954; x_wconf 84' lang='lat' dir='ltr'>cM;</span> <span class='ocrx_word' id='word_1_410' title='bbox 1289 4901 1351 4942; x_wconf 90' lang='lat' dir='ltr'>car.</span> <span class='ocrx_word' id='word_1_411' title='bbox 1369 4888 1426 4942; x_wconf 90' lang='lat' dir='ltr'>ter.</span> <span class='ocrx_word' id='word_1_412' title='bbox 1444 4881 1493 4942; x_wconf 93' lang='lat' dir='ltr'>vel</span> <span class='ocrx_word' id='word_1_413' title='bbox 1509 4885 1566 4942; x_wconf 86' lang='lat' dir='ltr'>vir.</span> <span class='ocrx_word' id='word_1_414' title='bbox 1583 4883 1642 4958; x_wconf 88' lang='lat' dir='ltr'>vel,</span> <span class='ocrx_word' id='word_1_415' title='bbox 1661 4882 1734 4942; x_wconf 94' lang='lat' dir='ltr'>MA.</span> <span class='ocrx_word' id='word_1_416' title='bbox 1775 4882 1801 4916; x_wconf 85' lang='lat'>²⁰</span> <span class='ocrx_word' id='word_1_417' title='bbox 1812 4881 1871 4958; x_wconf 88' lang='lat' dir='ltr'>vel,</span> <span class='ocrx_word' id='word_1_418' title='bbox 1889 4883 1958 4956; x_wconf 91' lang='lat' dir='ltr'>OB,</span> 
     </span>
     <span class='ocr_line' id='line_1_38' title="bbox 368 4981 1962 5058; baseline -0.001 -16"><span class='ocrx_word' id='word_1_419' title='bbox 368 4983 444 5056; x_wconf 91' lang='lat' dir='ltr'>MA,</span> <span class='ocrx_word' id='word_1_420' title='bbox 460 4983 536 5055; x_wconf 91' lang='lat' dir='ltr'>MB,</span> <span class='ocrx_word' id='word_1_421' title='bbox 551 4982 618 5058; x_wconf 86' lang='lat' dir='ltr'>CB,</span> <span class='ocrx_word' id='word_1_422' title='bbox 633 4983 707 5044; x_wconf 90' lang='lat' dir='ltr'>CM.</span> <span class='ocrx_word' id='word_1_423' title='bbox 743 4981 1008 5056; x_wconf 80' lang='lat' dir='ltr'>²¹talis,V;tal.,</span> <span class='ocrx_word' id='word_1_424' title='bbox 1024 4983 1118 5044; x_wconf 91' lang='lat' dir='ltr'>MSS.</span> <span class='ocrx_word' id='word_1_425' title='bbox 1135 5004 1200 5043; x_wconf 84' lang='lat' dir='ltr'>var.</span> <span class='ocrx_word' id='word_1_426' title='bbox 1959 5001 1962 5010; x_wconf 90' lang='lat'>·</span> 
     </span>
    </p>

    <p class='ocr_par' dir='ltr' id='par_1_4' title="bbox 366 5081 1958 5569">
     <span class='ocr_line' id='line_1_39' title="bbox 450 5081 1956 5164; baseline 0.004 -22"><span class='ocrx_word' id='word_1_427' title='bbox 450 5082 594 5161; x_wconf 75' lang='lat' dir='ltr'>¹p0stea,</span> <span class='ocrx_word' id='word_1_428' title='bbox 615 5083 685 5160; x_wconf 89' lang='lat' dir='ltr'>OB,</span> <span class='ocrx_word' id='word_1_429' title='bbox 706 5083 782 5159; x_wconf 91' lang='lat' dir='ltr'>MA,</span> <span class='ocrx_word' id='word_1_430' title='bbox 803 5083 868 5144; x_wconf 91' lang='lat' dir='ltr'>MB</span> <span class='ocrx_word' id='word_1_431' title='bbox 895 5082 943 5163; x_wconf 90' lang='lat' dir='ltr'>(p.</span> <span class='ocrx_word' id='word_1_432' title='bbox 965 5082 995 5145; x_wconf 84' lang='lat' dir='ltr'>d.</span> <span class='ocrx_word' id='word_1_433' title='bbox 1018 5082 1077 5161; x_wconf 91' lang='lat' dir='ltr'>e.),</span> <span class='ocrx_word' id='word_1_434' title='bbox 1098 5082 1137 5143; x_wconf 89' lang='lat' dir='ltr'>V.</span> <span class='ocrx_word' id='word_1_435' title='bbox 1180 5081 1379 5160; x_wconf 53' lang='lat' dir='ltr'>&#39;donatione</span> <span class='ocrx_word' id='word_1_436' title='bbox 1401 5085 1470 5160; x_wconf 87' lang='lat' dir='ltr'>OB,</span> <span class='ocrx_word' id='word_1_437' title='bbox 1492 5085 1568 5161; x_wconf 89' lang='lat' dir='ltr'>MA,</span> <span class='ocrx_word' id='word_1_438' title='bbox 1591 5087 1668 5159; x_wconf 89' lang='grc' dir='ltr'>ΜΒ,</span> <span class='ocrx_word' id='word_1_439' title='bbox 1691 5086 1758 5163; x_wconf 88' lang='lat' dir='ltr'>CB,</span> <span class='ocrx_word' id='word_1_440' title='bbox 1780 5089 1854 5164; x_wconf 88' lang='lat' dir='ltr'>CM,</span> <span class='ocrx_word' id='word_1_441' title='bbox 1877 5088 1939 5148; x_wconf 90' lang='lat' dir='ltr'>MC</span> <span class='ocrx_word' id='word_1_442' title='bbox 1947 5110 1956 5160; x_wconf 88' lang='lat'>;</span> 
     </span>
     <span class='ocr_line' id='line_1_40' title="bbox 367 5183 1958 5265; baseline 0.003 -21"><span class='ocrx_word' id='word_1_443' title='bbox 367 5183 541 5245; x_wconf 88' lang='lat' dir='ltr'>venditione</span> <span class='ocrx_word' id='word_1_444' title='bbox 561 5184 610 5246; x_wconf 89' lang='lat' dir='ltr'>vel</span> <span class='ocrx_word' id='word_1_445' title='bbox 630 5184 806 5260; x_wconf 82' lang='lat' dir='ltr'>donatione,</span> <span class='ocrx_word' id='word_1_446' title='bbox 825 5185 864 5246; x_wconf 89' lang='lat' dir='ltr'>Y.</span> <span class='ocrx_word' id='word_1_447' title='bbox 907 5183 1119 5264; x_wconf 83' lang='lat' dir='ltr'>⁸promiserit,</span> <span class='ocrx_word' id='word_1_448' title='bbox 1138 5184 1178 5259; x_wconf 91' lang='lat' dir='ltr'>V,</span> <span class='ocrx_word' id='word_1_449' title='bbox 1200 5187 1276 5262; x_wconf 89' lang='lat' dir='ltr'>MA,</span> <span class='ocrx_word' id='word_1_450' title='bbox 1297 5186 1380 5259; x_wconf 88' lang='lat' dir='ltr'>MG;</span> <span class='ocrx_word' id='word_1_451' title='bbox 1402 5191 1589 5265; x_wconf 84' lang='lat' dir='ltr'>repromisit,</span> <span class='ocrx_word' id='word_1_452' title='bbox 1611 5189 1676 5249; x_wconf 96' lang='lat' dir='ltr'>LA.</span> <span class='ocrx_word' id='word_1_453' title='bbox 1719 5188 1812 5250; x_wconf 76' lang='lat' dir='ltr'>‘cum</span> <span class='ocrx_word' id='word_1_454' title='bbox 1832 5194 1958 5250; x_wconf 85' lang='lat' dir='ltr'>nonsit</span> 
     </span>
     <span class='ocr_line' id='line_1_41' title="bbox 367 5285 1958 5365; baseline 0.003 -19"><span class='ocrx_word' id='word_1_455' title='bbox 367 5292 399 5346; x_wconf 87' lang='lat' dir='ltr'>et</span> <span class='ocrx_word' id='word_1_456' title='bbox 413 5307 491 5360; x_wconf 91' lang='lat' dir='ltr'>cum,</span> <span class='ocrx_word' id='word_1_457' title='bbox 506 5286 576 5360; x_wconf 92' lang='lat' dir='ltr'>OB,</span> <span class='ocrx_word' id='word_1_458' title='bbox 590 5287 667 5362; x_wconf 89' lang='lat' dir='ltr'>MA,</span> <span class='ocrx_word' id='word_1_459' title='bbox 681 5285 759 5360; x_wconf 94' lang='lat' dir='ltr'>MB,</span> <span class='ocrx_word' id='word_1_460' title='bbox 774 5286 850 5362; x_wconf 88' lang='grc' dir='ltr'>ΜΟ,</span> <span class='ocrx_word' id='word_1_461' title='bbox 867 5285 934 5362; x_wconf 88' lang='grc' dir='ltr'>ΟΕ,</span> <span class='ocrx_word' id='word_1_462' title='bbox 950 5287 1013 5347; x_wconf 90' lang='lat' dir='ltr'>CM</span> <span class='ocrx_word' id='word_1_463' title='bbox 1034 5285 1092 5364; x_wconf 85' lang='lat' dir='ltr'>(sit</span> <span class='ocrx_word' id='word_1_464' title='bbox 1106 5287 1157 5349; x_wconf 92' lang='lat' dir='ltr'>vel</span> <span class='ocrx_word' id='word_1_465' title='bbox 1172 5290 1215 5347; x_wconf 87' lang='lat' dir='ltr'>sit</span> <span class='ocrx_word' id='word_1_466' title='bbox 1231 5286 1350 5365; x_wconf 82' lang='lat' dir='ltr'>serve).</span> <span class='ocrx_word' id='word_1_467' title='bbox 1388 5285 1550 5363; x_wconf 59' lang='lat' dir='ltr'>‘onerata</span> <span class='ocrx_word' id='word_1_468' title='bbox 1566 5289 1635 5363; x_wconf 93' lang='lat' dir='ltr'>OB,</span> <span class='ocrx_word' id='word_1_469' title='bbox 1652 5290 1729 5365; x_wconf 89' lang='lat' dir='ltr'>MA,</span> <span class='ocrx_word' id='word_1_470' title='bbox 1746 5290 1819 5351; x_wconf 86' lang='lat' dir='ltr'>Mc.</span> <span class='ocrx_word' id='word_1_471' title='bbox 1858 5288 1897 5325; x_wconf 78' lang='lat'>⁶¹⁸</span> <span class='ocrx_word' id='word_1_472' title='bbox 1908 5289 1958 5351; x_wconf 89' lang='lat' dir='ltr'>vel</span> 
     </span>
     <span class='ocr_line' id='line_1_42' title="bbox 367 5385 1956 5472; baseline 0.004 -25"><span class='ocrx_word' id='word_1_473' title='bbox 367 5385 505 5465; x_wconf 79' lang='lat' dir='ltr'>obligata</span> <span class='ocrx_word' id='word_1_474' title='bbox 519 5394 659 5465; x_wconf 90' lang='lat' dir='ltr'>propter,</span> <span class='ocrx_word' id='word_1_475' title='bbox 673 5388 740 5463; x_wconf 92' lang='lat' dir='ltr'>LA,</span> <span class='ocrx_word' id='word_1_476' title='bbox 753 5386 826 5459; x_wconf 88' lang='lat' dir='ltr'>OC;</span> <span class='ocrx_word' id='word_1_477' title='bbox 841 5408 890 5448; x_wconf 93' lang='lat' dir='ltr'>on.</span> <span class='ocrx_word' id='word_1_478' title='bbox 904 5387 956 5449; x_wconf 91' lang='lat' dir='ltr'>vel</span> <span class='ocrx_word' id='word_1_479' title='bbox 968 5386 1029 5448; x_wconf 93' lang='lat' dir='ltr'>obl.</span> <span class='ocrx_word' id='word_1_480' title='bbox 1044 5408 1113 5449; x_wconf 88' lang='lat' dir='ltr'>oum</span> <span class='ocrx_word' id='word_1_481' title='bbox 1127 5392 1168 5449; x_wconf 89' lang='lat' dir='ltr'>sit</span> <span class='ocrx_word' id='word_1_482' title='bbox 1181 5396 1322 5467; x_wconf 88' lang='lat' dir='ltr'>propter,</span> <span class='ocrx_word' id='word_1_483' title='bbox 1337 5387 1405 5466; x_wconf 89' lang='lat' dir='ltr'>OA,</span> <span class='ocrx_word' id='word_1_484' title='bbox 1420 5390 1503 5463; x_wconf 89' lang='lat' dir='ltr'>MG;</span> <span class='ocrx_word' id='word_1_485' title='bbox 1518 5392 1573 5461; x_wconf 86' lang='lat' dir='ltr'>ric,</span> <span class='ocrx_word' id='word_1_486' title='bbox 1588 5391 1616 5451; x_wconf 86' lang='lat' dir='ltr'>Y</span> <span class='ocrx_word' id='word_1_487' title='bbox 1624 5413 1633 5464; x_wconf 89' lang='lat'>;</span> <span class='ocrx_word' id='word_1_488' title='bbox 1648 5391 1697 5452; x_wconf 89' lang='lat' dir='ltr'>vel</span> <span class='ocrx_word' id='word_1_489' title='bbox 1711 5411 1773 5452; x_wconf 93' lang='lat' dir='ltr'>non</span> <span class='ocrx_word' id='word_1_490' title='bbox 1788 5392 1956 5472; x_wconf 79' lang='lat' dir='ltr'>obligatam</span> 
     </span>
     <span class='ocr_line' id='line_1_43' title="bbox 366 5485 1717 5569; baseline 0.004 -21"><span class='ocrx_word' id='word_1_491' title='bbox 366 5509 434 5549; x_wconf 90' lang='lat' dir='ltr'>cnm</span> <span class='ocrx_word' id='word_1_492' title='bbox 450 5491 492 5548; x_wconf 90' lang='lat' dir='ltr'>sit</span> <span class='ocrx_word' id='word_1_493' title='bbox 508 5488 657 5567; x_wconf 80' lang='lat' dir='ltr'>obligata,</span> <span class='ocrx_word' id='word_1_494' title='bbox 673 5489 711 5550; x_wconf 91' lang='lat' dir='ltr'>V.</span> <span class='ocrx_word' id='word_1_495' title='bbox 749 5485 923 5567; x_wconf 56' lang='lat' dir='ltr'>&#39;obligata</span> <span class='ocrx_word' id='word_1_496' title='bbox 940 5487 1009 5566; x_wconf 94' lang='lat' dir='ltr'>OB,</span> <span class='ocrx_word' id='word_1_497' title='bbox 1026 5488 1103 5563; x_wconf 91' lang='lat' dir='ltr'>MA,</span> <span class='ocrx_word' id='word_1_498' title='bbox 1121 5491 1185 5551; x_wconf 93' lang='lat' dir='ltr'>MB</span> <span class='ocrx_word' id='word_1_499' title='bbox 1208 5489 1304 5567; x_wconf 88' lang='lat' dir='ltr'>(corr.</span> <span class='ocrx_word' id='word_1_500' title='bbox 1321 5491 1449 5569; x_wconf 75' lang='lat' dir='ltr'>otum),</span> <span class='ocrx_word' id='word_1_501' title='bbox 1466 5492 1535 5566; x_wconf 87' lang='grc' dir='ltr'>ΟΕ,</span> <span class='ocrx_word' id='word_1_502' title='bbox 1552 5492 1626 5568; x_wconf 92' lang='grc' dir='ltr'>ΟΜ,</span> <span class='ocrx_word' id='word_1_503' title='bbox 1644 5493 1717 5553; x_wconf 89' lang='grc' dir='ltr'>ΜΟ.</span> 
     </span>
    </p>
   </div>
   <div class='ocr_carea' id='block_1_4' title="bbox 0 0 2220 6340">
    <p class='ocr_par' dir='ltr' id='par_1_5' title="bbox 0 0 2220 6340">
     <span class='ocr_line' id='line_1_44' title="bbox 0 0 2220 6340; baseline 0 0"><span class='ocrx_word' id='word_1_504' title='bbox 0 0 2220 6340; x_wconf 95' lang='lat' dir='ltr'> </span> 
     </span>
    </p>
   </div>
  </div>
 </body>
</html>
