4394 6342
371 470 419 539 64
627 501 630 506 ⁴
901 460 1123 523 BBACTON:
1146 459 1206 521 DE
1231 458 1423 520 LEGIBUS

369 613 457 690 ve1²¹
471 621 693 689 conventus.
708 612 813 688 Item
824 619 980 710 oportet
992 609 1096 709 quod
1109 607 1355 685 donationem
1368 614 1552 706 sequatur
1565 607 1619 684 rei
1632 605 1803 694 traditio,
1817 603 1962 683 etiam²¹

369 731 411 805 in
432 731 513 807 vita
535 728 731 806 donatoris
755 738 794 804 et
817 727 1020 817 donatarii,
1045 725 1214 825 alioquin
1235 727 1386 802 dicetur
1408 725 1497 803 talis
1520 725 1678 801 donatio
1702 725 1831 824 potius
1856 723 1962 800 nuda

369 848 571 950 promissio
594 872 711 946 quam
734 845 903 937 donatio,
927 856 1037 925 etex
1060 847 1166 924 nuda
1188 845 1439 947 promissione
1462 870 1541 920 non
1564 845 1736 922 nascitur
1760 842 1859 921 actio
1882 868 1962 920 non

370 971 493 1068 magis
511 995 627 1069 quam
645 994 694 1046 ex
711 969 817 1045 nudo
833 977 961 1069 pacto.
980 969 1075 1044 Non
1092 968 1194 1045 enim
1212 967 1315 1045 valet
1334 967 1491 1044 donatio
1510 966 1740 1066 imperfecta
1757 991 1828 1043 nec
1846 974 1962 1042 cartae

369 1090 587 1168 conlectio'⁸
607 1115 678 1167 nec
696 1090 865 1188 homagii
886 1088 1015 1187 captio
1036 1115 1124 1165 cum
1144 1089 1249 1166 omni
1269 1089 1512 1167 solemnitate
1533 1087 1715 1177 adhibita,
1737 1088 1809 1164 nisi
1833 1087 1960 1164 subse-

370 1223 461 1291 cuta
479 1212 599 1290 luerit
617 1212 755 1290 saisina
773 1222 813 1290 et
829 1211 988 1289 traditio
1008 1212 1049 1288 in
1066 1212 1147 1286 vita
1165 1209 1374 1300 donatoris,
1394 1219 1434 1287 et
1453 1211 1555 1286 unde
1576 1210 1606 1287 si
1627 1208 1851 1287 donatarius
1872 1217 1962 1310 post

370 1344 535 1412 mortem
558 1333 755 1411 donatoris
778 1359 819 1410 se
841 1333 1052 1421 intruserit,
1076 1334 1107 1410 si
1131 1332 1262 1410 statim
1285 1332 1444 1410 eiciatur
1467 1331 1528 1408 vel
1552 1331 1669 1409 etiam
1692 1341 1782 1430 post
1805 1331 1961 1431 aliquod

370 1456 627 1545 intervallum,
646 1481 718 1554 per
734 1455 891 1532 assisam
909 1479 1017 1531 novae
1034 1453 1238 1530 disseisinae
1257 1478 1335 1530 non
1353 1452 1607 1552 recuperabit,
1626 1477 1696 1529 nec
1714 1453 1823 1530 heres
1843 1454 1961 1529 dona·

369 1576 465 1653 toris
489 1575 682 1652 tenebitur
706 1575 757 1651 ad
779 1573 1003 1674 homagium
1026 1599 1140 1651 suum
1162 1572 1404 1673 capiendum,
1429 1573 1518 1649 licet
1544 1572 1694 1649 factum
1720 1571 1838 1649 fuerit
1864 1571 1962 1648 suo²⁴

371 1693 640 1771 antecessori.²⁸
667 1694 726 1771 Et
753 1693 918 1793 qualiter
944 1691 1215 1770 traditionibus
1243 1701 1282 1769 et
1310 1691 1607 1791 usucapionibus
1635 1715 1765 1768 rerum
1792 1691 1962 1768 dominia

370 1813 400 1888 f.
417 1811 510 1907 16b]
565 1812 858 1889 transferuntur
871 1811 1032 1889 inferius
1047 1811 1195 1889 dicetur
1209 1811 1360 1910 plenius
1374 1811 1415 1887 in
1429 1811 1544 1888 titulo
1559 1811 1606 1887 de
1622 1810 1859 1910 adquirenda
1873 1835 1961 1910 pos·

371 1932 546 2009 sessione.
574 1933 678 2008 Item
704 1932 795 2030 quia
819 1932 1115 2020 conventiones,¹
1128 1929 1378 2020 condiciones,
1406 1940 1445 2008 et
1472 1939 1599 2031 pacta,
1625 1939 1665 2008 et
1692 1931 1796 2007 modi
1822 1930 1961 2007 diversi

370 2051 623 2128 donationum
647 2052 823 2128 incidunt
847 2051 889 2126 in
915 2050 1196 2140 donationibus,
1224 2049 1255 2126 si
1281 2050 1533 2126 incontinenti
1560 2058 1810 2149 apponantur
1836 2050 1962 2147 legem

371 2173 467 2248 dant
488 2171 686 2248 donationi
705 2180 745 2247 et
764 2169 1011 2247 donationem
1032 2167 1286 2256 informant,²⁸
1308 2178 1346 2246 ct
1367 2168 1463 2245 dant
1485 2169 1750 2269 exceptionem
1772 2168 1962 2257 donatori,

370 2300 410 2368 et
430 2291 556 2388 ligant
575 2314 759 2387 personas
779 2287 1099 2377 contrahentium,
1120 2297 1161 2364 et
1182 2287 1356 2386 obligant
1377 2288 1502 2388 ipsam
1524 2312 1606 2365 rem
1627 2288 1771 2376 datam,
1793 2297 1833 2364 et
1855 2297 1960 2365 tran·

371 2420 484 2486 scunt
500 2435 588 2485 cum
603 2410 689 2507 ipsa
704 2434 746 2486 re
762 2409 810 2484 de
827 2432 993 2507 persona
1007 2407 1048 2484 in
1064 2431 1280 2506 personam.
1301 2407 1343 2483 Si
1361 2417 1491 2484 autem
1509 2431 1557 2482 ex
1574 2407 1777 2483 intervallo
1795 2405 1961 2483 adician-

370 2537 437 2604 tur
462 2553 541 2604 non
565 2529 697 2604 insunt
721 2526 877 2604 omnino
902 2525 1183 2615 donationibus,
1210 2527 1278 2603 sed
1302 2524 1489 2627 pariunt¹²
1516 2527 1746 2625 quandoque
1773 2527 1962 2604 actionem

371 2647 602 2747 quandoque
624 2647 901 2745 exceptionem,
925 2656 965 2723 et
987 2645 1042 2722 ita
1066 2644 1306 2722 contrabitur
1330 2645 1499 2721 donatio.
1523 2645 1585 2721 Ut
1609 2646 1640 2722 si
1666 2646 1801 2734 dicam,
1824 2646 1892 2723 Do
1916 2654 1961 2722 at

370 2765 503 2861 facim,
520 2775 560 2843 et
577 2774 812 2842 concurnmt
830 2765 905 2842 ista
921 2763 1106 2865 praedicta
1123 2762 1360 2842 secundum²⁸
1380 2766 1483 2863 quod
1501 2764 1621 2841 videri
1641 2765 1786 2865 poterit
1803 2790 1875 2865 per
1893 2765 1961 2841 bos

370 2909 520 2962 Vffl'SllSss

782 3006 844 3083 Re,
861 3003 982 3083 verbis,
1001 3003 1143 3090 scripto,
1162 3025 1334 3082 consensu,
1353 3003 1548 3082 traditione,

783 3106 960 3183 Iunctura,
972 3110 1079 3170 vestes
1094 3128 1220 3171 sumere
1230 3111 1338 3192 pacta
1352 3105 1471 3172 solent.

471 3274 590 3368 Quod
603 3273 761 3352 donatio
776 3272 826 3351 sit
840 3271 1017 3371 prataita
1031 3281 1069 3350 et
1085 3296 1165 3349 aon
1180 3280 1322 3349 coacta.

371 3394 483 3469 Iram
500 3391 674 3490 gratuita
690 3392 804 3469 debet
818 3417 900 3469 esse
916 3391 1074 3468 donatio
1091 3401 1130 3468 et
1146 3416 1226 3467 non
1241 3402 1384 3481 coacta,
1403 3417 1526 3492 neque
1542 3418 1614 3492 per
1630 3401 1778 3469 metum
1795 3402 1960 3482 extorta,

369 3519 415 3587 ut
430 3512 462 3589 si
476 3513 561 3610 quis
575 3520 723 3588 cartam
737 3519 777 3587 et
790 3510 1038 3587 donationem
1053 3511 1276 3609 cognoverit
1292 3511 1508 3610 requisitus,
1525 3512 1693 3609 excipiat
1708 3521 1841 3589 tamen
1857 3513 1961 3610 quod

369 3631 497 3707 valere
509 3655 589 3707 non
603 3630 751 3718 debeat,
765 3656 810 3706 eo
825 3631 927 3729 quod
941 3656 1011 3729 per
1024 3637 1170 3706 metum
1186 3640 1224 3706 et
1238 3631 1471 3706 coactionem
1486 3640 1661 3730 tempore
1675 3656 1824 3730 guerrae
1839 3631 1961 3709 aliove

370 3774 610 3902 quocumque
630 3759 805 3848 tempore
825 3749 930 3826 illam
951 3748 1097 3839 fecerit,
1118 3749 1360 3826 revocabitur
1382 3750 1556 3826 donatio.
1579 3751 1673 3827 dum
1693 3759 1824 3827 tamen
1845 3749 1961 3826 cum²⁹

369 3867 475 3944 vim⁸⁰
491 3868 675 3945 maiorem
692 3878 731 3945 et
748 3868 982 3945 coactionem
1000 3868 1175 3958 evaserit,
1194 3868 1325 3946 statim
1342 3867 1523 3946 reclamet
1541 3879 1587 3947 ut
1605 3870 1636 3946 si
1653 3878 1828 3969 tempore
1847 3896 1960 3968 guer-

370 4012 421 4063 rae
436 3986 545 4064 illata
559 3989 680 4066 fuerit
694 3987 887 4078 violentia,
903 3988 1035 4065 statim
1050 3997 1139 4089 post
1155 4013 1337 4087 guerram
1353 3987 1534 4065 reclamet
1549 3989 1719 4088 alioquin
1736 3989 1805 4066 sibi
1822 3990 1960 4090 praeiu·

369 4108 472 4187 dicat
489 4109 787 4208 imperpetuum,
805 4132 893 4183 cum
910 4133 981 4207 per
998 4107 1340 4185 dissimulationem
1357 4109 1570 4186 consentire
1588 4109 1776 4197 videatur,
1795 4117 1842 4185 ut
1860 4109 1961 4186 inter

370 4227 513 4326 placita
539 4252 624 4328 quae
649 4235 864 4325 sequuntur
889 4251 1021 4324 regem
1048 4250 1150 4302 anno
1176 4226 1305 4323 regis⁸²
1333 4226 1499 4303 Henrici
1527 4252 1629 4302 nono
1656 4228 1814 4316 decimo,
1842 4227 1961 4305 assisa

370 4345 513 4422 ultimae
541 4344 846 4445 presentationis
873 4346 975 4422 inter
1001 4346 1170 4443 priorem
1198 4346 1246 4422 de
1272 4345 1588 4442 Wallinglordiae
1616 4355 1655 4422 et
1683 4347 1885 4444 Bogerum
1912 4346 1960 4424 de

370 4464 562 4564 Quency⁸²
581 4474 619 4541 et
640 4465 836 4541 Simonem
855 4465 902 4540 de
922 4463 1151 4541 Chennore⁸⁸
1172 4463 1238 4562 qui
1255 4465 1361 4540 venit
1380 4490 1404 4540 a
1420 4463 1552 4540 latere.
1575 4465 1618 4541 Si
1638 4473 1769 4541 autem
1785 4474 1961 4567 tempore

369 4583 475 4683 pacis
492 4582 713 4683 compulsus
730 4583 850 4660 luerit
867 4583 952 4681 quis
969 4609 1040 4681 per
1056 4592 1204 4660 metum
1221 4593 1260 4660 et
1276 4584 1355 4659 vim
1373 4582 1414 4658 in
1430 4583 1615 4682 prisona⁸⁴
1634 4585 1684 4661 ad
1703 4585 1847 4683 aliquid
1865 4586 1959 4662 dan·

369 4704 464 4779 dum
485 4704 546 4779 vel
569 4701 789 4778 faciendum
812 4713 947 4801 contra
970 4703 1210 4779 voluntatem
1233 4727 1354 4792 suam,
1378 4726 1465 4778 cum
1490 4729 1513 4778 a
1536 4702 1693 4802 prisona
1717 4713 1756 4781 et
1779 4704 1960 4781 violentia

369 4867 396 4903 ¹²
408 4876 450 4946 a,
468 4869 538 4946 on,
557 4869 634 4946 MA,
654 4868 730 4945 Mn,
749 4870 828 4945 Mo,
847 4870 922 4943 cru,
942 4870 1015 4931 rra
1059 4867 1084 4902 ²²
1096 4877 1138 4945 et,
1158 4870 1235 4946 uc,
1255 4869 1329 4930 cu.
1372 4867 1613 4944 ”confirmas
1633 4869 1702 4943 on,
1723 4869 1799 4930 un.
1840 4867 1868 4902 ²⁴
1880 4870 1961 4944 orn,

370 4969 445 5030 MA.
494 4967 619 5030 Μἐιιί
646 4974 860 5045 antecessoris,
886 4969 956 5045 OB,
983 4970 1059 5045 MB,
1087 4969 1154 5047 OC,
1182 4970 1260 5046 MG,
1287 4971 1362 5047 CM,
1390 4969 1466 5046 HA,
1492 4968 1530 5031 V.
1581 4968 1607 5002 ²⁸
1618 4969 1786 5045 infirmant,
1815 4970 1860 5042 V;
1889 4991 1960 5030 con-

370 5069 505 5146 firmant,
528 5071 606 5144 MG,
629 5070 702 5132 CM.
749 5069 928 5150 ²'per-eunt,
952 5071 1021 5149 OB,
1045 5072 1126 5144 MB3
1151 5077 1317 5150 perimunt,
1342 5073 1379 5133 V.
1427 5070 1593 5148 ²⁸scilicet,
1617 5073 1693 5148 CM,
1717 5073 1793 5134 MG.
1841 5070 1960 5147 ²'0m.,

369 5170 439 5245 OB,
461 5171 537 5246 ΜΒ,
559 5173 633 5247 CM,
656 5173 729 5234 HA.
771 5171 932 5248 ⁸⁹⁴⁰inde‚
954 5174 1019 5234 LA.
1061 5170 1190 5252 ⁸²regni
1212 5177 1306 5253 regis,
1327 5174 1403 5250 MA,
1426 5175 1500 5250 HA,
1524 5175 1600 5236 MG.
1644 5172 1816 5252 ''Quincy,
1838 5172 1960 5247 Quinti,

369 5271 501 5352 Quinty,
524 5273 658 5352 Quiney,
681 5272 834 5352 Quineye‚
857 5273 952 5336 MSS.
975 5294 1040 5334 var.
1084 5271 1299 5348 ⁸⁸Tbennore,
1323 5273 1489 5350 Chimaro,
1514 5275 1669 5350 Tennore,
1692 5275 1855 5348 Chumore,
1880 5274 1960 5336 Che-

368 5394 463 5451 more,
478 5370 660 5452 Scnsenore,
676 5374 770 5436 MSS.
786 5396 851 5436 var.
888 5372 916 5409 ⁸⁴
927 5379 1095 5453 prisonem,
1111 5374 1180 5449 OA,
1196 5375 1263 5450 LA,
1280 5375 1353 5437 MC.
