4392 6352
359 494 432 566 276
890 487 1113 549 Bancrorv:
1135 487 1196 548 DE
1219 487 1412 550 LEGIBUS

359 637 586 736 praedictum
609 647 678 714 est.
706 639 764 714 Et
787 639 926 716 habeat
952 639 1176 716 rationabile
1201 639 1431 716 estoverium
1457 663 1569 715 suum
1595 639 1749 715 interim
1774 641 1823 716 de
1847 664 1947 717 com·

358 755 477 832 muni.
493 756 552 833 Et
565 782 638 856 pro
651 758 741 833 dote
755 784 825 834 sua
838 782 925 833 cum
940 759 1060 835 fuerit
1074 758 1294 847 deliberata,
1310 758 1527 856 assignetur
1541 759 1576 834 ei
1591 759 1708 835 tertia
1722 784 1813 857 pars
1828 759 1948 835 totius

358 884 471 953 terrae
482 877 611 952 mariti
624 875 682 952 sui
696 901 779 973 quae
792 901 862 952 sua
876 877 952 952 fuit
965 877 1005 952 in
1018 876 1097 952 vita
1111 902 1192 964 sua,
1206 876 1266 952 vel
1282 877 1356 953 alio
1369 877 1484 952 modo
1499 876 1676 954 satisfiat
1690 878 1725 954 ei
1739 877 1949 954 secundum

359 995 462 1092 quod
477 995 527 1070 ad
540 995 681 1070 ostium
695 995 858 1071 ecclesiae
872 996 940 1072 dos
955 996 988 1071 ei
1003 994 1094 1072 fuir
1109 995 1330 1083 constituta,
1345 1019 1415 1072 nec
1429 995 1685 1093 distringatur
1700 996 1750 1071 ad
1763 997 1947 1073 maritan-

359 1115 451 1190 dum
469 1115 619 1191 sedum
634 1114 760 1190 vivere
778 1114 941 1191 voluerit
960 1113 1039 1191 sine
1056 1113 1150 1202 viro,
1168 1123 1207 1190 et
1225 1114 1280 1190 ita
1297 1123 1427 1190 tamen
1444 1115 1548 1212 quod
1567 1115 1811 1190 securitatem
1829 1115 1948 1191 faciat

358 1232 514 1332 capitali
527 1232 682 1309 domino
694 1233 797 1331 quod
810 1259 849 1309 se
861 1257 939 1308 non
951 1231 1148 1309 maritabit
1161 1232 1240 1309 sine
1252 1257 1409 1309 assensu
1422 1258 1491 1309 suo
1505 1233 1552 1308 de
1565 1257 1805 1331 quocumque
1818 1243 1949 1310 tenere

359 1353 507 1441 debeat,
525 1353 573 1429 de
589 1349 744 1427 domino
760 1376 851 1449 rege
867 1350 928 1426 vel
945 1351 993 1426 de
1009 1350 1095 1426 alio.

460 1473 640 1568 Qualiter
656 1476 726 1551 dor
741 1473 862 1570 tuerit
880 1474 914 1551 ei
931 1475 1173 1572 assignando.

361 1598 406 1674 Sr
424 1607 554 1675 autem
571 1607 657 1675 tota
672 1600 741 1676 dos
759 1599 963 1686 vacaverit,
981 1609 1074 1676 tunc
1092 1583 1197 1674 infra
1215 1598 1474 1698 quadraginta
1491 1597 1571 1675 dies
1591 1598 1808 1695 assignetur
1826 1598 1860 1674 ei
1879 1598 1948 1674 dos

248 1793 250 1798 .
358 1743 428 1794 sua
452 1716 650 1814 legitima,²
675 1724 715 1794 et
740 1719 950 1794 secundum
974 1717 1078 1815 quod
1104 1717 1153 1792 ad
1179 1717 1320 1794 ostium
1345 1717 1509 1793 ecclesia
1534 1715 1582 1792 ei⁸
1609 1716 1700 1792 fuir
1726 1716 1948 1804 constituta,

358 1838 568 1915 secundum
588 1837 692 1935 quod
713 1846 807 1913 tunc
827 1836 947 1913 fuerit
967 1836 1072 1912 culta
1092 1837 1152 1912 vel
1173 1835 1330 1924 inculta,
1353 1861 1440 1912 cum
1463 1836 1653 1912 fructibus
1675 1844 1714 1911 et
1736 1834 1948 1912 redditibus

358 1964 397 2032 et
415 1955 592 2030 omnibus
611 1955 694 2032 aliis
713 1954 965 2054 pertinentiis.
987 1954 1046 2031 Et
1065 1954 1158 2029 nihil
1178 1955 1412 2030 refundatur
1433 1953 1699 2030 executoribus
1720 1954 1780 2030 vel
1802 1953 1947 2029 heredi·

358 2074 430 2151 bus
452 2100 525 2174 pro
547 2073 700 2150 cultura
723 2083 762 2150 et
784 2098 888 2162 cura,
913 2073 1002 2171 quia
1026 2073 1238 2171 antiquitus
1262 2073 1358 2149 solet
1381 2073 1576 2148 observari
1600 2073 1703 2170 quod
1727 2072 1825 2149 sicut
1849 2097 1949 2147 uxor

358 2194 489 2269 dotem
507 2217 616 2268 suam
635 2193 771 2290 recipit
790 2201 879 2290 post
898 2200 1062 2268 mortem
1081 2189 1181 2266 viri²⁰
1199 2191 1344 2268 cultam
1364 2190 1424 2268 vel
1444 2190 1641 2280 incultam,
1663 2191 1717 2266 ita
1737 2200 1827 2290 post
1847 2215 1948 2267 mor·

357 2321 438 2389 tem
450 2312 581 2388 uxoris
596 2310 693 2388 solet
705 2311 855 2386 restitui
867 2311 998 2386 heredi
1010 2309 1114 2384 culta
1127 2310 1188 2386 vel
1200 2309 1357 2398 inculta,
1372 2309 1464 2407 quia
1477 2308 1551 2385 de¹¹
1567 2309 1689 2385 bladis
1704 2319 1743 2386 et
1758 2309 1948 2386 fructibus

360 2455 384 2505 a
404 2438 625 2506 tenemento
649 2428 753 2504 non¹²
779 2427 966 2528 separatis
991 2453 1069 2504 non
1093 2427 1227 2504 habuit
1251 2454 1350 2504 uxor
1374 2429 1596 2505 testamenti
1622 2427 1840 2505 factionem.
1870 2427 1949 2504 Sed

357 2575 460 2625 nova
477 2549 769 2648 superveniente
785 2547 914 2646 gratia
931 2555 970 2623 et
986 2546 1214 2645 provisione,
1234 2546 1331 2624 sicut
1349 2553 1460 2645 patet
1478 2546 1525 2623 de
1543 2546 1824 2645 provisionibus
1842 2546 1949 2645 apud

359 2669 595 2755 Mertonam,
616 2667 717 2742 inter
737 2665 882 2765 placita
901 2690 985 2764 quae
1006 2674 1220 2763 sequuntur
1240 2689 1372 2762 regem
1393 2664 1612 2742 Henricum
1633 2690 1735 2740 anno
1757 2665 1868 2762 regni
1890 2665 1949 2741 sui

358 2785 574 2874 vicesimo,¹⁸
592 2783 736 2860 mod0²⁴
755 2783 900 2883 poterit
918 2809 1017 2859 uxor
1035 2783 1083 2859 de
1104 2783 1294 2859 fructibus
1314 2792 1353 2859 et
1371 2781 1506 2871 bladis,
1527 2783 1605 2859 sive
1625 2810 1648 2860 a
1668 2784 1748 2859 solo
1769 2792 1950 2882 separata

358 2906 507 2982 fuerint
520 2906 598 2982 sive
611 2929 701 2992 non,
715 2903 850 2980 testari
865 2912 903 2978 et
918 2927 991 3001 pro
1005 2900 1205 2978 voluntate
1220 2927 1289 2976 sua
1304 2901 1517 2999 disponere.
1536 2900 1579 2978 Si
1595 2909 1725 2977 autem
1741 2927 1832 3000 pars
1847 2900 1948 2977 dotis

357 3025 550 3102 vacaverit
572 3033 611 3099 et
632 3048 723 3122 pars
745 3047 834 3109 non,
856 3019 1078 3095 ancillam
1100 3028 1252 3118 partem
1274 3043 1358 3117 quae
1380 3020 1573 3096 vacaverit
1595 3019 1763 3118 recipiet.
1788 3019 1846 3098 Et
1869 3045 1948 3096 non

357 3152 559 3220 vacantem
580 3150 690 3240 petat
712 3166 783 3239 per
805 3138 992 3215 actionem
1015 3164 1086 3237 per
1106 3137 1220 3213 breve
1244 3139 1291 3213 de
1314 3145 1418 3214 recto
1441 3138 1471 3214 si
1495 3137 1670 3226 voluerit,
1694 3138 1766 3214 nisi
1789 3138 1837 3215 de
1859 3163 1947 3212 con·

358 3261 442 3338 silio
464 3259 619 3336 duxerit
642 3260 692 3334 ad
714 3267 868 3354 tempus
893 3255 1174 3344 abstinendum,
1198 3254 1274 3331 ne¹⁸
1299 3281 1369 3354 per
1392 3256 1650 3354 receptionem
1674 3255 1824 3355 partis²⁸
1849 3255 1947 3332 sibi¹⁷

358 3379 581 3479 praeiudicet
603 3385 792 3475 quantum
814 3375 865 3450 ad
888 3373 1126 3450 exactionem
1148 3374 1301 3462 residui,
1325 3382 1488 3472 propter
1511 3374 1734 3450 dilationem
1757 3399 1841 3472 quae
1864 3400 1947 3451 eve·

358 3494 468 3572 nire¹³
489 3494 633 3594 poterit
653 3520 724 3593 per
743 3493 857 3568 breve
878 3493 926 3568 de
947 3500 1051 3568 recto
1072 3492 1102 3568 si
1124 3491 1268 3589 aliquid
1289 3491 1378 3568 inde
1399 3491 1625 3591 reciperet,¹⁸
1647 3501 1811 3592 propter
1831 3494 1948 3569 verba

358 3617 398 3692 in
414 3616 519 3691 brevi
536 3616 583 3691 de
599 3616 689 3691 dote
705 3621 898 3700 contenta,
916 3611 1056 3688 scilicet
1072 3622 1111 3688 et
1128 3612 1231 3689 ande
1248 3610 1341 3689 nibil
1358 3611 1484 3700 tabet,
1503 3614 1712 3689 secundum
1730 3614 1833 3711 quod
1849 3613 1947 3689 infe·

358 3735 437 3812 rius
450 3735 600 3810 dicetur
613 3735 713 3810 inter
726 3733 893 3808 actiones
907 3733 954 3808 de
968 3731 1256 3830 exceptionibus
1271 3731 1433 3807 contra²⁰
1448 3731 1700 3832 petitionem²1
1716 3732 1828 3809 dotis.
1846 3734 1948 3809 Cum

358 3864 489 3932 autem
505 3854 599 3930 nihil
617 3853 810 3929 vacaverit
826 3862 1001 3950 tempore
1019 3877 1095 3950 quo
1113 3852 1172 3927 vir
1190 3851 1365 3941 moritur,
1384 3853 1451 3928 sed
1469 3860 1554 3928 tota
1572 3853 1762 3930 hereditas
1782 3853 1948 3930 alienata

358 3976 530 4052 extiterit
553 3975 593 4050 in
615 3973 793 4051 manibus
818 3973 991 4060 aliorum,
1017 3996 1094 4047 non
1119 3971 1262 4048 habent
1286 3983 1460 4050 tenentes
1484 3998 1635 4050 necesse
1661 3974 1792 4050 statim
1818 3976 1948 4051 dotem

358 4096 388 4171 f.
402 4094 497 4187 96b]
552 4093 754 4169 restituere
779 4092 851 4168 nisi
875 4091 1006 4180 velint,
1032 4116 1120 4167 cum
1144 4093 1286 4168 iustam
1311 4117 1465 4168 causam
1490 4092 1657 4170 babeant
1683 4095 1883 4170 resistendi
1909 4105 1947 4171 et

356 4215 519 4291 vocandi
535 4221 752 4288 warantum
771 4211 923 4299 suum,²¹
940 4236 1062 4287 unum
1079 4212 1140 4287 vel
1158 4211 1289 4310 plures
1309 4213 1515 4289 successive
1533 4239 1653 4312 usque
1674 4216 1724 4291 ad
1743 4240 1948 4314 personam

357 4334 505 4410 heredis
530 4342 568 4410 et
591 4333 754 4409 waranti
778 4331 909 4408 uxoris
934 4332 981 4407 de
1005 4332 1095 4407 dote
1120 4356 1200 4420 sua,
1225 4332 1330 4408 infra
1355 4334 1458 4430 quod
1482 4344 1637 4433 tempus
1662 4360 1740 4411 non
1765 4343 1948 4413 tenentur

357 4453 509 4530 mulieri
537 4453 587 4529 ad
613 4451 894 4529 restitutionem
922 4451 1151 4527 damnorum
1178 4451 1239 4526 vel
1268 4477 1536 4551 expensarum.
1567 4454 1647 4543 Qui
1677 4457 1831 4553 quidem
1858 4480 1948 4532 cum

357 4572 674 4660 warantizaverit,
690 4571 821 4647 statim
834 4572 964 4647 dotem
978 4571 1157 4647 restituat
1170 4571 1320 4647 mulieri
1333 4572 1405 4649 nisi
1420 4573 1561 4650 iustam
1576 4600 1730 4652 causam
1743 4576 1947 4653 habuerit²⁸

357 4787 567 4864 ‘aatIsiaciat
588 4788 627 4862 V,
648 4787 717 4863 OB,
740 4788 815 4862 MA,
837 4787 912 4862 MB,
935 4787 1001 4862 ΟΕ,
1022 4787 1062 4863 Y,
1085 4788 1159 4862 CM,
1180 4787 1252 4860 OC;
1275 4788 1481 4865 satisfactum,
1504 4790 1581 4852 MG.
1626 4789 1757 4867 ⁸iuerit,
1780 4795 1856 4868 MA,
1880 4795 1946 4872 ΟΕ,

357 4889 605 4965 MG,CM‚OC.
643 4887 746 4963 ²0m.,
761 4887 830 4961 OB,
845 4888 920 4960 MA,
936 4888 1011 4948 ΜΒ.
1048 4886 1153 4962 ⁸Om.,
1169 4889 1207 4962 V,
1223 4889 1299 4950 MG.
1336 4888 1468 4964 ‘'iuerIt,
1485 4890 1551 4966 OC,
1568 4893 1646 4967 MG,
1663 4894 1729 4968 CE,
1746 4895 1811 4954 LA.
1849 4895 1946 4957 ²⁰viri

356 4995 415 5064 aui,
429 4990 499 5064 OB,
513 4990 589 5064 MA,
605 4989 679 5049 MB.
715 4988 781 5048 11ειὶ
796 4989 845 5063 de,
861 4988 938 5063 MG,
954 4989 1028 5063 CM,
1044 4989 1082 5049 Y.
1120 4987 1238 5065 ²²Om.,
1253 4989 1322 5064 OB,
1338 4992 1414 5066 MA,
1430 4993 1505 5065 ΜΒ,
1522 4994 1600 5067 MG,
1616 4995 1654 5056 Y.
1693 4994 1946 5074 ¹⁸XV,XVIII,

356 5090 417 5150 XV
434 5088 511 5150 alias
530 5088 659 5162 XVIII,
677 5088 771 5150 MSS.
789 5108 853 5149 var.
875 5087 920 5165 (v.
937 5089 997 5150 vol.
1017 5089 1046 5163 Ι,
1062 5109 1093 5167 p.
1116 5088 1204 5165 137).
1244 5088 1270 5123 ²⁴
1282 5090 1362 5164 Om,
1381 5091 1449 5166 OA,
1467 5094 1534 5169 LA,
1553 5095 1620 5169 OC,
1639 5097 1705 5173 ΟΕ,
1724 5099 1797 5159 CM.
1836 5098 1946 5176 ²⁸nisi,

355 5191 424 5266 OB,
438 5191 514 5264 MA,
528 5192 604 5264 ΜΒ,
618 5191 695 5264 MG,
710 5189 750 5265 Y,
764 5189 829 5250 ΟΕ.
865 5187 892 5224 ²⁸
903 5210 988 5268 para,
1001 5190 1070 5266 OB,
1085 5191 1161 5264 MA,
1176 5192 1251 5266 ΜΒ,
1266 5192 1342 5253 MG.
1379 5191 1405 5226 ²⁷
1417 5195 1497 5270 Om,
1509 5196 1579 5272 OB,
1593 5199 1669 5274 MA,
1684 5201 1758 5261 ΜΒ.
1794 5197 1820 5234 ²⁸
1832 5207 1947 5279 venire,

357 5291 424 5366 OC,
441 5291 514 5365 OD,
531 5291 569 5350 V.
609 5289 636 5324 ¹⁹
647 5292 789 5368 repriat,
807 5291 851 5362 V;
869 5293 1008 5368 recipiet,
1026 5289 1095 5364 OB,
1114 5290 1190 5365 MA,
1208 5292 1290 5365 MG3
1310 5299 1471 5371 receperit,
1490 5296 1563 5358 CM.
1604 5295 1669 5332 ²⁰⁴²
1682 5300 1762 5375 Om.,
1782 5304 1850 5379 OB,
1870 5305 1947 5380 MA,

358 5390 433 5451 ΜΒ.
471 5389 498 5424 ¹²
510 5389 590 5466 0m.,
607 5390 676 5466 OA,
692 5390 758 5466 LA,
775 5390 842 5466 OC,
857 5388 925 5450 OB.
964 5389 991 5423 ²⁸
1002 5389 1126 5467 habeat,
1143 5391 1220 5466 MG,
1238 5393 1278 5469 Y,
1296 5393 1369 5456 CM.
