4432 6336
635 518 695 577 DE
719 517 1022 590 ADQUIRENDO
1045 518 1203 580 RERUM
1226 519 1428 583 DOMINIO
1758 531 1830 599 103

240 671 305 769 qui
319 670 372 747 sic
385 668 635 745 alienaverint
649 669 700 746 ad
712 669 1046 746 exheredationem
1059 670 1140 747 veri
1154 670 1302 747 heredis
1317 671 1448 747 haberi
1462 672 1627 749 debeant
1641 699 1714 772 pro
1729 699 1829 750 mor·

238 788 328 878 tuis,
347 798 387 866 et
404 788 461 865 ita
477 788 694 864 huiusmodi
713 787 938 864 donationes
957 789 1089 864 statim
1108 789 1244 865 validae
1263 798 1354 867 sunt
1374 790 1502 889 quoad
1522 792 1658 869 dantes
1679 802 1718 870 et
1737 795 1829 869 reei-

238 905 427 1006 pientes,²⁷
445 916 485 984 et
503 906 596 983 alios
614 906 680 1005 qui
698 907 757 982 ius
774 933 852 982 non
870 906 1025 996 habent,
1044 918 1083 984 et
1101 910 1229 1006 quoad
1247 908 1548 1007 proprietarium
1568 919 1607 987 et
1625 911 1706 988 eius
1725 912 1829 989 here·

240 1027 318 1115 des,
335 1027 377 1103 in
396 1027 580 1126 pendenti
598 1035 689 1102 sunt
707 1035 747 1103 et
763 1025 940 1103 invalidae
958 1052 1156 1126 quousque
1175 1053 1246 1126 per
1264 1053 1328 1103 eos
1347 1028 1592 1106 infirmentur
1610 1031 1672 1106 vel
1692 1017 1835 1108 confir-⁵

237 1155 403 1223 mentur.
428 1146 531 1222 Item
553 1146 697 1244 poterit
718 1145 802 1244 quis
823 1145 963 1222 habere
983 1147 1042 1222 ius
1064 1171 1213 1222 merum
1234 1155 1274 1224 et
1294 1147 1586 1246 proprietatem,
1609 1150 1768 1226 feodum
1791 1160 1830 1228 et

238 1267 402 1344 liberum
415 1276 690 1356 tenementum,
704 1291 753 1343 ex
768 1266 925 1366 aliqua²⁸
939 1268 1041 1344 iusta
1055 1291 1171 1344 eausa
1186 1268 1450 1368 adquisitionis
1466 1278 1505 1346 et
1520 1296 1570 1346 ex
1584 1272 1686 1348 iusto
1702 1272 1829 1362 titulo,

237 1397 277 1464 et
296 1385 393 1464 alius
411 1385 490 1462 haee
506 1385 646 1474 omnia,
667 1387 733 1462 sed
751 1387 875 1463 maius
895 1387 954 1464 ius
975 1396 1137 1487 propter
1155 1388 1340 1487 temporis
1360 1390 1613 1487 prioritatem.
1637 1391 1715 1468 Sed
1736 1392 1829 1490 quid

239 1507 269 1584 f.
283 1507 378 1600 a1b]
435 1504 610 1582 dicetur-¹⁰
632 1505 681 1581 de
704 1532 749 1582 eo
772 1506 837 1605 qui
860 1505 1008 1582 nullam
1030 1507 1186 1582 omnino
1210 1506 1386 1584 seisinam
1409 1506 1544 1584 habuit
1567 1534 1638 1586 nee
1661 1510 1830 1610 aliquam

237 1626 330 1703 iuris
345 1625 570 1702 scintillam?
586 1624 657 1702 si²⁰
671 1625 917 1701 donationem
930 1624 1066 1702 feeerit
1080 1625 1127 1702 de
1141 1651 1183 1702 re
1198 1651 1315 1724 quam
1329 1627 1425 1704 alius
1439 1637 1546 1705 tenet
1560 1655 1632 1728 per
1646 1630 1830 1729 seipsum

237 1746 299 1823 vel
311 1772 383 1845 per
397 1745 515 1821 olium
528 1745 682 1822 nomine
696 1770 777 1833 suo,
792 1770 871 1821 non
885 1745 1001 1821 faciet
1015 1771 1098 1822 rem
1113 1743 1332 1844 accipientis
1347 1770 1435 1821 eum
1450 1745 1559 1846 ipse²²
1576 1747 1670 1824 nihil
1685 1758 1828 1837 teneat,

239 1865 328 1964 quia
346 1890 425 1941 non
445 1872 574 1964 potest
593 1863 681 1962 plus
701 1863 794 1940 iuris
814 1864 863 1939 ad
885 1863 1002 1939 alium
1021 1864 1235 1942 transferre
1255 1888 1372 1962 quam
1391 1866 1475 1964 ipse
1494 1865 1627 1942 habeti
1649 1892 1719 1943 neo
1738 1867 1827 1967 plus

237 1986 380 2064 valebit
399 1986 474 2064 ista
494 1986 651 2062 donatio
671 2011 788 2084 quam
808 1985 954 2062 valeret
976 1985 1006 2062 si
1028 1985 1164 2084 aliquis
1184 1987 1392 2063 transitum
1414 1987 1558 2064 faciens
1581 2014 1652 2087 per
1673 1988 1829 2088 aliquod

237 2106 463 2195 manerium,
477 2105 526 2180 ab
540 2104 668 2204 aliquo
681 2121 910 2203 possessum,
924 2105 1067 2180 diceret
1081 2103 1181 2181 soeio
1195 2129 1264 2180 suo
1278 2104 1427 2193 viatori,
1441 2105 1509 2181 Do
1524 2105 1594 2184 tibi
1608 2107 1685 2183 tole
1700 2133 1827 2185 mone-

237 2225 337 2302 n'oan
351 2226 455 2325 qood
467 2224 556 2302 tolia
567 2225 751 2324 possidet,
765 2223 896 2322 qu0d²²
909 2223 1003 2299 nihil
1017 2223 1122 2300 aliud
1135 2234 1234 2301 esset
1249 2225 1373 2301 dicere
1386 2251 1503 2323 quam
1517 2226 1609 2303 dare
1624 2227 1658 2302 ei
1673 2227 1829 2326 plenam

237 2353 455 2443 pugnatam
471 2369 521 2419 ex
537 2342 695 2420 nihilo.²·
715 2343 819 2419 Item
837 2351 919 2418 esto
937 2343 1040 2440 quod
1059 2369 1190 2420 servus
1209 2344 1274 2442 qui
1294 2368 1317 2418 a
1336 2343 1490 2420 domino
1510 2345 1740 2443 possidetur,
1758 2347 1827 2422 vil·

237 2463 433 2560 lenogium
446 2462 550 2562 quod
564 2489 588 2538 a
601 2462 756 2538 domino
768 2461 936 2540 tenuerit
950 2462 1098 2539 dederit
1114 2461 1237 2551 alicui,
1253 2470 1292 2539 et
1306 2472 1400 2540 tune
1414 2462 1639 2540 observetur
1652 2465 1694 2540 in
1707 2467 1828 2541 omni·

236 2583 308 2659 bus
324 2583 534 2661 secundum
550 2582 653 2681 quod
668 2581 845 2679 superius
860 2581 1012 2670 dieitru,
1029 2590 1068 2657 et
1085 2582 1294 2657 seeundum
1310 2583 1414 2679 quod
1432 2583 1654 2660 donatarius
1670 2584 1829 2683 longam

236 2702 413 2778 habuerit
432 2700 609 2778 seisinam
626 2700 688 2777 vel
706 2699 871 2788 brevem,
890 2709 929 2777 et
949 2701 1158 2776 seeundum
1177 2700 1281 2799 quod
1300 2699 1440 2776 dieitur
1460 2701 1561 2777 inter
1581 2701 1725 2801 placita
1744 2729 1828 2802 quae

238 2830 451 2921 sequuntur
471 2845 614 2919 regem,
635 2844 737 2896 anno
759 2817 887 2917 regis²⁴
910 2819 1075 2896 Henriei
1097 2819 1273 2895 vioesimo
1295 2818 1461 2919 primo,²⁸
1483 2821 1601 2896 assisa
1622 2846 1730 2897 novae
1752 2822 1827 2898 dis·

237 2939 420 3028 seisinae,¹⁸
437 2939 468 3016 si
488 2939 622 3016 Simon
637 2937 739 3015 filius
756 2937 962 3037 Wydonis.
982 2939 1086 3014 Item
1103 2946 1185 3014 esto
1203 2940 1307 3037 quod
1324 2938 1408 3037 quis
1427 2938 1673 3016 donationem
1692 2940 1827 3017 feeerit

237 3059 284 3137 de
302 3069 409 3136 terra
426 3082 510 3157 quae
527 3084 601 3157 pro
620 3066 733 3156 parte
751 3067 809 3134 est
828 3055 964 3146 aliena,
982 3055 1055 3133 ut²'
1075 3058 1106 3133 si
1125 3056 1405 3156 proprietarius
1425 3058 1672 3135 donationem
1692 3060 1826 3137 feeerit

238 3177 350 3254 alicui
363 3179 410 3256 de
422 3187 528 3255 terra
540 3203 656 3276 quam
669 3176 806 3254 mulier
818 3184 926 3254 tenet
940 3177 990 3254 ad
1004 3177 1124 3252 vitam
1136 3176 1290 3253 nomine
1302 3176 1415 3266 dotis,
1429 3178 1490 3253 vel
1505 3176 1601 3255 alius
1616 3203 1687 3277 per
1701 3178 1827 3277 legem

236 3297 404 3396 Angliae‚
419 3298 481 3373 vel
496 3296 571 3373 alio
586 3321 826 3396 quocumque
840 3295 955 3372 modo
971 3296 1021 3373 ad
1036 3297 1168 3385 vitam,
1184 3297 1272 3373 talis
1289 3297 1446 3374 donatio
1461 3322 1541 3373 non
1555 3297 1659 3374 valet
1674 3297 1747 3373 nisi
1762 3298 1827 3374 ille

238 3419 303 3515 qui
329 3417 380 3494 ad
406 3415 554 3493 vitam²⁸
581 3415 748 3493 tenuerit
775 3442 815 3492 se
843 3414 1035 3492 dimittere
1062 3414 1227 3493 voluerit
1255 3425 1294 3492 et
1323 3441 1346 3491 a
1373 3416 1611 3515 possessione
1638 3417 1826 3493 recedere.

236 3535 366 3612 Aliter
394 3536 497 3612 enim
522 3561 601 3611 non
628 3535 773 3634 poterit
802 3534 966 3611 donator
995 3535 1274 3633 proprietarius
1303 3536 1483 3612 inducere
1510 3535 1757 3612 donatarium
1785 3536 1827 3612 in

236 3681 397 3732 vacuam
415 3655 702 3756 possessionem.
725 3655 768 3731 Si
786 3662 917 3730 autem
936 3679 975 3730 se
995 3653 1075 3736 ste²⁰
1094 3678 1173 3730 non
1192 3654 1389 3743 dimiserit,
1409 3681 1488 3730 non
1507 3653 1650 3730 valebit
1669 3655 1828 3731 donatio

235 3800 323 3851 oum
342 3775 485 3852 effectu
506 3783 596 3851 ante
613 3783 777 3851 mortem
796 3773 977 3862 mulieris,
998 3775 1065 3850 sed
1085 3783 1274 3873 quatenus
1296 3775 1346 3851 ad
1366 3774 1494 3872 ipsum
1513 3774 1694 3873 pertinet,
1716 3775 1826 3850 indu-

235 3921 320 3972 cere
339 3896 482 3995 poterit
500 3895 745 3971 donatarium
763 3895 804 3969 in
821 3893 998 3971 seisinam
1016 3902 1055 3970 et
1073 3894 1167 3970 dare
1185 3894 1219 3971 ei
1238 3893 1342 3992 quod
1360 3893 1443 3991 ipse
1461 3892 1588 3981 habet,
1608 3893 1749 3969 scilieet
1768 3892 1826 3970 ius

236 4015 485 4116 proprietatis
507 4024 546 4091 et
568 4015 738 4103 feodum,
761 4023 800 4090 et
822 4021 1019 4090 attornare
1041 4013 1116 4110 ipsi
1137 4011 1340 4087 donatario
1363 4011 1560 4088 servitium
1582 4012 1763 4102 mulieris,
1787 4021 1826 4089 et

237 4135 340 4234 quod
358 4135 407 4213 sit
426 4135 460 4210 ei
479 4134 681 4211 intendens
699 4134 797 4210 sieut
814 4141 988 4208 waranto
1007 4157 1076 4208 suo
1095 4130 1142 4208 de
1162 4132 1251 4207 dote
1271 4157 1351 4206 sua.
1371 4132 1430 4208 Et
1450 4156 1526 4229 quo
1545 4156 1636 4207 casu
1657 4132 1687 4207 si
1708 4133 1825 4208 dona·

235 4254 356 4331 tarius
371 4263 460 4354 post
473 4262 638 4331 mortem
650 4251 819 4328 mulieris
834 4251 999 4350 primam
1013 4249 1217 4326 habuerit⁸⁰
1232 4249 1420 4338 seisinam,
1436 4259 1475 4326 et
1490 4250 1655 4326 donator
1668 4251 1730 4326 vel
1745 4251 1825 4328 eius

235 4373 392 4450 heredes
408 4373 601 4472 petierint,
619 4370 841 4448 defenditur
856 4369 1080 4446 donatarius
1097 4371 1138 4445 in
1154 4369 1390 4468 possessione
1407 4368 1466 4444 vel
1483 4369 1564 4446 eius
1580 4370 1736 4446 heredes
1755 4395 1826 4468 per

236 4493 510 4593 exceptionem.
533 4492 577 4569 Si
595 4500 726 4567 autem
746 4491 910 4566 donator
929 4491 990 4564 vel
1009 4488 1089 4563 eius
1108 4489 1265 4564 heredes
1286 4487 1452 4586 primam
1471 4487 1701 4565 habuerint⁸²
1724 4488 1825 4566 seisi·

236 4638 338 4702 nam,
355 4612 510 4689 dabitur
526 4610 727 4689 donatario
742 4610 803 4685 vel
819 4609 899 4685 eius
915 4607 1116 4685 heredibus
1133 4606 1261 4684 aetio⁸²
1278 4633 1326 4684 ex
1343 4607 1604 4684 conventione.
1623 4609 1727 4685 Item
1744 4618 1826 4686 esto

236 4733 339 4833 quod
352 4731 631 4832 proprietarius
646 4730 892 4806 donationem
906 4728 1040 4805 feeerit
1054 4727 1220 4804 seeundo
1233 4726 1316 4802 viro
1330 4727 1473 4816 uxoris,
1487 4727 1594 4804 errius
1609 4728 1692 4826 ipse
1706 4727 1826 4804 fuerit

236 4952 262 4987 ²¹
273 4955 471 5030 accipientes,
502 4950 542 5025 V,
573 4950 640 5025 OC,
672 4947 739 5023 LA,
771 4947 849 5020 MG,
881 4945 954 5006 ΟΜ.
1008 4943 1118 5020 ¹⁸alia,
1149 4944 1219 5020 OB,
1250 4943 1327 5020 MA,
1358 4945 1432 5004 MB.
1486 4942 1647 5020 ²⁹dr‘eitur,
1679 4943 1718 5019 V,
1750 4946 1824 5006 MA.

236 5051 339 5127 ²⁰sed,
360 5052 427 5126 LA,
449 5052 517 5113 MG
541 5049 664 5128 (fecit).
708 5048 733 5083 ²²
746 5047 810 5123 ille,
833 5048 927 5109 MSS.
949 5066 1031 5120 var.;
1052 5066 1122 5122 om.,
1146 5046 1220 5107 MA.
1265 5043 1386 5124 ¹²quia,
1407 5047 1447 5121 V,
1471 5048 1549 5123 MG,
1572 5047 1644 5108 CM.
1690 5045 1716 5080 ²⁸
1727 5046 1825 5108 nihilo

236 5173 304 5216 eum
330 5157 487 5232 possessio
512 5172 575 5212 non
602 5155 645 5212 sit
670 5170 777 5225 vacua,
803 5149 843 5224 V,
871 5149 938 5225 OC,
967 5147 1045 5224 MG,
1074 5148 1147 5209 CM.
1197 5146 1325 5226 “regni
1354 5151 1448 5227 tegla,
1477 5148 1516 5225 V,
1545 5148 1612 5224 ΟΟ,
1642 5148 1719 5223 MG,
1750 5149 1824 5211 CM.

236 5253 415 5316 ”dcesimo
439 5257 557 5333 quinto,
580 5252 650 5328 OB,
674 5252 751 5326 MA,
774 5251 851 5326 MB,
875 5250 914 5311 Y.
960 5246 1079 5325 ²⁶0m.,
1104 5248 1172 5322 OA,
1197 5249 1264 5324 LA,
1288 5249 1355 5323 OC,
1379 5250 1456 5311 MG.
1503 5247 1622 5325 ‘'Om,
1646 5251 1724 5325 MG,
1749 5251 1823 5312 cM.

236 5353 262 5392 ²⁸
273 5361 369 5418 vitam
383 5354 511 5430 seilicet,
525 5353 595 5428 OB,
609 5355 647 5415 Y.
685 5351 803 5427 ²⁹Om,
818 5352 887 5425 OB,
903 5350 980 5426 MA,
996 5351 1071 5411 MB.
1108 5348 1135 5383 ⁸⁰
1146 5347 1265 5426 habuit,
1281 5349 1320 5427 V,
1338 5351 1431 5412 MSS.
1447 5371 1512 5412 var.
1550 5350 1741 5429 ⁸²habuerit,
1757 5352 1824 5427 LA,

236 5459 317 5533 MB;
332 5457 451 5533 habuit,
466 5456 538 5517 ΜΟ.
576 5453 603 5488 ⁸²
614 5454 695 5530 Om,
710 5453 779 5530 OB,
795 5453 872 5526 MB,
891 5451 947 5529 (-Ι-
960 5451 1055 5529 MA).
