4374 6366
374 535 448 605 862
906 524 1130 587 BBACTON:
1152 524 1213 585 DE
1238 522 1430 588 LEGIBUS

376 678 432 754 ita
446 676 549 776 quod
564 686 693 753 careat
708 675 884 752 omnibus
901 673 1037 750 bonis²⁸
1054 675 1130 752 suis
1147 685 1185 752 et
1200 674 1281 752 vita
1296 675 1370 751 nisi
1386 701 1454 751 rex
1472 675 1505 751 ei
1522 686 1659 774 percat
1675 677 1723 754 de
1740 702 1810 754 sua
1826 680 1965 776 gratia.

378 795 552 873 Scienter
574 794 659 869 dico
682 792 799 892 quia”
824 791 919 868 aut²⁸
943 801 1073 893 potest
1096 818 1178 870 esse
1201 802 1316 870 notus
1340 791 1407 870 et²⁹
1431 793 1609 891 cognitus
1633 793 1722 872 vel⁸⁰
1746 796 1902 894 ignotus
1928 805 1967 873 et

375 913 605 1012 incognitus,
633 921 673 988 et
700 912 803 988 unde
831 912 897 1011 qui
925 921 1061 988 notum
1089 921 1128 988 et
1157 913 1355 1011 cognitum
1384 913 1677 1012 receptaverit,³²
1708 914 1821 1015 pari⁸¹
1851 941 1969 1016 poena

376 1030 621 1130 puniendus⁸³
638 1040 708 1119 est,
725 1030 790 1130 qui
807 1030 947 1106 dicitur
962 1029 1224 1128 cuthutleghe.

476 1149 742 1246 Cathatlaplre
757 1150 824 1248 qui
839 1149 1003 1225 scienter
1020 1148 1136 1225 talem
1152 1151 1417 1248 receptoverit.

379 1269 457 1346 Sao
475 1270 523 1346 de
538 1269 673 1366 ignoto
690 1266 756 1344 et⁸⁴
773 1266 997 1366 incognito·
1013 1292 1091 1344 non
1109 1277 1166 1346 est
1183 1269 1250 1344 ita.
1269 1269 1327 1344 Et
1345 1268 1483 1345 adhoc
1500 1269 1595 1346 lacit
1612 1269 1676 1345 lex
1694 1269 1740 1346 Ο.
1760 1270 1808 1348 de
1826 1269 1884 1347 m
1901 1271 1968 1370 qai

375 1389 544 1466 latrones
564 1397 603 1465 et
624 1386 830 1485 malefidos
852 1386 1059 1474 occultant,
1080 1386 1105 1463 l.
1128 1386 1265 1485 prima,
1287 1384 1353 1462 ubi
1374 1387 1515 1463 dicitur
1536 1388 1640 1487 quod
1663 1413 1726 1464 eos
1750 1389 1815 1487 qui
1838 1414 1965 1465 secum

376 1505 489 1582 alieni
509 1504 674 1580 criminis
695 1531 779 1580 reos
800 1504 1028 1580 occultando
1048 1503 1109 1580 vel
1128 1505 1361 1603 receptando
1382 1503 1498 1581 eum⁸⁸
1518 1503 1678 1583 eamve⁸²
1700 1506 1968 1596 sociaverint‚⁸⁸

375 1648 450 1723 par
464 1623 567 1722 ipsos
581 1632 621 1700 et
636 1649 721 1700 reos
736 1648 852 1722 poena
867 1621 1085 1722 expectet.³⁰
1101 1623 1160 1700 Et
1176 1623 1292 1699 etiam
1306 1623 1475 1700 latrones
1491 1624 1661 1723 quisquis
1678 1625 1798 1702 sciens
1815 1651 1965 1726 recepe·

376 1743 439 1832 rit,
455 1742 520 1842 qui
534 1741 675 1818 dicitur
687 1750 905 1840 receptator
919 1742 1120 1830 malorum,
1135 1749 1175 1818 et
1191 1767 1254 1818 eos
1269 1742 1411 1818 offerre
1427 1741 1573 1818 iudiciis
1590 1744 1859 1842 supersederit,
1876 1770 1965 1843 sup·

376 1861 490 1961 plicio
505 1860 695 1959 corporali
711 1860 904 1958 plectetur
918 1884 1007 1935 cum
1023 1859 1223 1936 amissione
1237 1860 1438 1936 bonorum.
1457 1861 1560 1936 Item
1578 1860 1797 1936 forisfacit⁴⁰
1814 1862 1966 1960 utlaga·

376 1989 440 2056 tus
459 1979 589 2055 omnia
607 2003 691 2077 quae
709 1977 814 2077 pacis
835 1987 936 2066 sunt,
957 1979 1048 2077 quia
1066 1976 1116 2051 a⁴²
1136 1987 1310 2079 tempore
1331 2003 1407 2077 quo
1427 1977 1627 2076 utlagatus
1648 1989 1706 2056 est
1725 1990 1845 2079 caput
1866 1981 1967 2078 gerit

376 2097 566 2197 lupinum,
590 2097 646 2174 ita
669 2097 772 2196 quod
796 2096 844 2172 ab
868 2096 1043 2172 omnibus
1066 2095 1229 2173 interfici
1254 2096 1398 2196 poterit
1423 2106 1461 2173 et
1486 2097 1654 2196 impune,
1679 2098 1846 2175 maxime
1871 2099 1902 2174 si
1927 2125 1967 2175 se

376 2217 594 2294 defenderit
610 2216 671 2292 vel
688 2214 835 2314 fugerit
850 2215 906 2292 ita
921 2215 1025 2313 quod
1042 2213 1202 2290 difficilis
1219 2215 1269 2291 sit
1286 2215 1365 2291 eius
1383 2216 1522 2314 captio.

476 2335 523 2413 Si
536 2359 615 2409 eoa
626 2333 776 2432 fugerit
787 2357 858 2410 aec
870 2358 910 2410 ee
923 2332 1153 2427 defenderit.

379 2455 425 2531 81
444 2463 576 2530 autem
593 2478 672 2528 non
693 2452 840 2550 fugerit
859 2476 928 2526 nec
948 2477 987 2527 se
1007 2451 1225 2528 defenderit
1244 2476 1332 2527 cum
1352 2460 1489 2550 captus
1511 2451 1641 2540 luerit,
1663 2461 1806 2528 extunc
1825 2451 1967 2530 erunt⁴¹

376 2571 418 2647 in
433 2597 552 2648 manu
570 2568 671 2668 regis
688 2595 791 2646 mors
808 2578 847 2646 et
864 2569 955 2657 vita,
974 2578 1012 2646 et
1031 2569 1096 2668 qui
1111 2568 1271 2645 taliter⁴³
1289 2579 1448 2668 captum
1465 2571 1703 2646 interfecerit
1720 2571 1967 2670 respondebit

377 2716 450 2791 pro
465 2716 511 2766 eo
526 2690 623 2766 sicut
639 2715 711 2788 pro
726 2687 812 2764 alio,
828 2689 886 2764 Et
901 2688 972 2763 hoc
985 2712 1121 2763 verum
1135 2696 1193 2763 est
1209 2688 1280 2764 nisi
1296 2688 1533 2764 consuetudo
1549 2715 1588 2765 se
1604 2688 1744 2764 habeat
1759 2689 1801 2764 in
1816 2699 1966 2766 eontra·

376 2808 489 2896 rium,
517 2807 615 2885 sicut
642 2806 684 2883 in
710 2805 953 2882 comitatibus
982 2805 1230 2882 Herefordiae
1259 2815 1298 2882 et
1327 2805 1579 2882 Glaucestriae
1608 2831 1731 2905 prope
1759 2807 1969 2883 marchiam

376 2926 542 3003 Walliae.
568 2926 646 3003 Sed
666 2925 737 3000 hoc
758 2926 907 3001 factum
929 2924 1136 3023 aliquando
1158 2923 1420 3000 dissimulatur
1442 2950 1490 3000 ex
1513 2949 1639 3000 causa
1664 2925 1722 3001 Et
1745 2926 1849 3024 quod
1869 2925 1967 3002 tales

376 3046 492 3120 modo
508 3070 584 3143 quo
601 3044 806 3143 pradictus
824 3052 882 3118 est
897 3041 1061 3117 interfici
1078 3051 1263 3141 poterunt
1280 3051 1319 3119 et
1335 3041 1504 3141 impune,
1522 3041 1693 3140 legitur⁴⁴
1711 3042 1756 3119 ff.
1774 3043 1826 3119 ad
1842 3042 1967 3140 legem

376 3162 454 3239 lul.
474 3163 522 3239 de
539 3162 683 3239 aeoliis
701 3171 739 3237 et
757 3160 945 3258 veneficia,
964 3159 1029 3235 ubi
1048 3159 1187 3236 dicitur
1206 3161 1310 3259 quod
1327 3161 1554 3258 transfugas
1573 3160 1802 3259 ubicumque
1821 3160 1966 3238 inventi

377 3279 524 3356 fuerint
541 3278 755 3356 interficere
771 3276 870 3353 licet.

477 3396 574 3474 Solo
586 3396 687 3495 faga
700 3395 858 3473 induat.

380 3516 487 3592 Sona
500 3524 631 3591 tamen
645 3515 744 3611 fuga
757 3539 836 3589 non
849 3513 995 3590 inducit
1009 3513 1083 3590 nisi
1095 3522 1251 3589 tantum
1266 3511 1454 3590 bonorum
1469 3514 1709 3591 amissionem
1724 3515 1765 3591 in
1779 3541 1849 3591 suo
1864 3539 1966 3604 casu,

377 3658 465 3709 oum
486 3658 616 3709 coram
637 3632 849 3710 iustitiariis
870 3633 995 3708 vocati
1016 3657 1095 3707 non
1116 3630 1292 3708 venerint
1314 3641 1404 3708 ante
1427 3633 1717 3730 utlagationem.
1742 3633 1801 3710 Et
1825 3633 1875 3710 ad
1897 3635 1968 3709 hoc

378 3751 407 3826 l.
425 3753 517 3844 129]
574 3750 668 3827 facit
689 3749 734 3826 ff.
755 3751 803 3827 de
824 3749 1061 3849 requirendis
1081 3750 1167 3838 reia,
1188 3750 1213 3825 l.
1236 3750 1385 3838 ultima,
1407 3760 1446 3827 et
1468 3751 1513 3827 Ο.
1536 3776 1568 3826 e.
1591 3751 1616 3826 l.
1638 3751 1880 3850 quicumque,
1901 3750 1968 3828 ubi

377 3869 518 3946 dieitur
536 3869 640 3968 quod
660 3869 691 3945 si
711 3877 801 3968 post
821 3870 959 3966 fugam
979 3869 1134 3945 redierit
1155 3869 1238 3967 quis
1259 3878 1298 3945 et
1319 3868 1576 3945 innocentiam
1598 3893 1707 3946 suam
1728 3870 1967 3968 purgaverit,

376 3987 621 4065 nihilominus
640 3988 845 4064 facultates
863 3988 943 4063 eius
961 3986 1068 4086 apud
1086 3987 1220 4062 fiscum
1238 3987 1502 4063 remanebunt.

476 4105 582 4183 Item
597 4131 643 4182 ea
656 4129 742 4204 qaoe
755 4105 851 4202 lepis
866 4114 968 4182 amet.

379 4225 491 4300 Irnu
511 4223 703 4299 forisfacit
722 4249 766 4299 ea
785 4249 869 4322 quae
885 4223 980 4320 legis
1001 4232 1103 4311 sunt,
1122 4224 1213 4321 quia
1230 4224 1261 4300 si
1281 4223 1361 4299 sine
1380 4224 1508 4320 gratia
1527 4222 1628 4321 regis
1648 4249 1745 4300 ausu
1764 4223 1967 4301 temerario

377 4352 466 4441 post
482 4342 762 4440 utlagationem
778 4341 946 4430 redierit,
963 4342 1042 4417 sine
1059 4341 1145 4439 lege
1161 4351 1200 4417 et
1217 4341 1384 4417 iudiciali
1400 4341 1644 4440 inquisitione
1662 4340 1813 4441 peribit.
1835 4342 1967 4433 <Nec

378 4460 471 4537 alios
489 4460 686 4559 appellare
703 4461 846 4559 poterit
864 4461 953 4558 quia
970 4485 1123 4536 omnem
1138 4459 1265 4558 legem
1281 4460 1468 4550 amisit>
1489 4460 1632 4536 Portet
1649 4460 1751 4537 enim
1769 4485 1897 4536 secum
1914 4460 1966 4536 et¹

377 4579 419 4653 in
432 4603 500 4654 suo
513 4579 639 4677 capite
653 4604 764 4654 suum
777 4578 971 4666 iudicium,
987 4578 1042 4654 ita
1054 4578 1158 4677 quod
1171 4577 1318 4654 nullam
1332 4577 1486 4654 habebit
1500 4578 1763 4655 defensionem
1777 4604 1865 4654 cum
1880 4604 1967 4655 con·

377 4747 404 4782 ²⁸
416 4748 496 4822 om„
512 4749 582 4824 OB,
599 4748 675 4823 MA,
693 4749 769 4824 MB,
786 4748 854 4822 ΟΕ,
871 4749 944 4809 ΟΜ.
984 4745 1052 4781 ²²²²²
1061 4747 1153 4826 quod,
1171 4749 1240 4822 OB,
1259 4750 1335 4824 MA,
1354 4749 1429 4823 ΜΒ,
1447 4749 1502 4809 ΟΕ
1526 4748 1645 4826 (quia),
1665 4751 1737 4811 CM.
1777 4747 1804 4782 ²⁹
1816 4756 1879 4824 aut,
1898 4751 1967 4825 OB,

379 4850 455 4925 MA,
481 4851 557 4923 MB,
583 4850 650 4925 ΟΕ,
675 4849 749 4924 ΟΜ,
776 4848 849 4909 ΜΟ.
897 4847 923 4881 ⁸⁰
935 4855 999 4922 aut,
1025 4849 1103 4925 MG,
1129 4849 1195 4910 OC.
1243 4847 1519 4927 ⁸¹receptaverint,
1547 4851 1616 4925 OB,
1643 4852 1718 4912 ΜΒ.
1767 4850 1872 4927 ⁸²tali,
1900 4852 1967 4924 ΟΕ,

378 4951 452 5023 ΟΜ,
480 4951 520 5024 Y,
549 4950 625 5022 ΜΒ,
652 4950 720 5011 ΟΒ.
770 4947 796 4983 ⁸³
808 4948 958 5026 puniendi
989 4949 1109 5027 (aunt),
1137 4950 1206 5025 OB,
1235 4951 1309 5023 CM,
1339 4951 1420 5022 MB;
1455 4950 1549 5028 (talea
1579 4950 1728 5029 puniendi
1757 4959 1840 5027 sunt,
1871 4951 1966 5029 MA).

378 5047 444 5084 ⁸4³⁸
456 5050 537 5124 Om,
564 5048 633 5123 OB,
661 5049 737 5124 MA,
764 5050 841 5125 ΜΒ,
868 5050 935 5124 ΟΕ,
963 5049 1036 5109 ΟΜ.
1086 5047 1233 5110 ⁸⁸·⁸²cum
1259 5054 1303 5112 eia
1332 5069 1376 5125 ae,
1402 5051 1448 5125 V;
1476 5071 1545 5112 cum
1572 5055 1627 5128 ela,
1656 5053 1728 5125 ΟΟ,
1756 5074 1825 5115 cam
1851 5074 1967 5127 eamve,

306 5199 309 5204 .
378 5149 456 5224 MB,
474 5145 551 5210 MG,
592 5147 804 5224 ⁸⁸aociaverlt,
823 5150 892 5223 OB,
912 5148 989 5225 MA,
1009 5149 1086 5225 MB,
1107 5150 1173 5226 ΟΕ,
1195 5151 1269 5226 ΟΜ,
1289 5151 1335 5224 Υ;
1356 5155 1585 5228 resociaverint,
1607 5154 1673 5216 OC.
1715 5153 1907 5234 ”expectat
1928 5155 1967 5231 V,

378 5251 453 5312 MB.
491 5249 801 5327 ⁴⁰forislaciat,OC,
818 5251 895 5313 Mo.
933 5250 1051 5327 ⁴¹Om,
1068 5250 1137 5327 OB,
1154 5252 1230 5326 MA,
1247 5251 1323 5312 MB.
1361 5250 1388 5285 ⁴²
1400 5257 1470 5328 erit,
1486 5254 1526 5330 V,
1543 5255 1609 5317 ΟΟ.
1648 5254 1674 5289 ⁴⁸
1686 5254 1787 5332 aliter,
1806 5257 1884 5332 MG,
1900 5257 1967 5319 ΟΟ.

377 5351 451 5415 “ut
468 5351 609 5428 habetur,
627 5353 699 5426 CB;
718 5360 754 5412 ut
771 5354 896 5431 legitur,
914 5355 984 5429 OB,
1003 5354 1079 5426 MB,
1097 5353 1172 5427 MC,
1190 5353 1265 5428 ΟΜ,
1283 5354 1324 5428 Υ,
1342 5355 1408 5414 MA
1430 5353 1644 5434 (--legitur).

461 5452 565 5527 ²Om.,
581 5453 621 5527 V,
636 5451 704 5529 OC,
720 5453 794 5529 ΟΜ,
810 5454 879 5529 OB,
897 5453 972 5527 MA,
989 5453 1065 5529 MB,
1083 5453 1155 5514 MC.
