4374 6366
752 503 812 564 DE
836 505 1040 567 PLACITIS
1063 504 1252 568 CORONAE
1726 517 1800 585 418

210 649 317 748 priis,
333 661 377 728 ut
392 649 451 728 si¹⁸
466 650 542 728 ab²⁹
557 652 713 752 aliquo⁸⁰
728 654 897 729 robbatae
913 654 1087 732 fuermt³¹
1103 682 1163 734 res
1179 655 1342 755 aliquae⁸²
1359 683 1454 756 quas
1470 658 1646 738 habue1it
1661 661 1703 736 in
1717 685 1801 738 cus·

211 769 319 845 todia
342 768 452 858 sua,⁸⁸
478 771 526 847 de
551 770 664 848 rebus
691 772 835 848 domini
860 774 918 848 sui
944 775 1005 850 vel
1031 775 1199 852 alterius.
1227 776 1285 852 Et
1311 802 1388 874 quo
1414 802 1505 854 casu
1532 787 1687 876 oportet
1713 805 1801 856 eum

211 889 345 965 docere
366 889 471 988 quod
491 915 561 965 sua
582 891 733 968 intersit
754 891 963 990 appellare,
987 893 1077 990 quia
1098 893 1191 969 alias
1214 893 1412 992 appellum
1435 921 1514 971 non
1534 895 1699 986 habebit,
1722 922 1801 973 non

210 1007 334 1104 magis
351 1031 468 1105 quam
484 1008 532 1083 de
548 1018 673 1085 morte
690 1008 849 1086 alicuius
866 1018 1057 1086 extraneae
1075 1036 1258 1110 personae,
1276 1022 1315 1088 et
1333 1012 1381 1087 de
1399 1038 1475 1112 quo
1493 1039 1614 1112 supra
1630 1015 1672 1090 in
1689 1023 1801 1115 parte

212 1127 357 1204 dictum
372 1136 441 1216 est,
456 1126 597 1204 scilicet
612 1128 715 1225 quod
729 1128 888 1226 plagam
903 1128 1117 1227 receperit⁸⁴
1133 1139 1172 1207 et
1187 1129 1413 1207 huiusmodi.
1431 1131 1497 1206 De
1512 1158 1555 1207 re
1570 1158 1661 1208 vero
1677 1132 1801 1210 aliena

211 1246 346 1321 docere
364 1255 518 1343 oportet
537 1246 641 1343 quod
659 1245 706 1321 de
724 1245 898 1322 custodia
916 1271 987 1323 sua
1004 1247 1167 1323 robbata
1185 1247 1332 1323 luerit³⁶
1352 1248 1465 1326 simul
1482 1273 1570 1325 cum
1591 1249 1703 1328 rebus
1723 1251 1801 1328 suis

212 1364 379 1463 propriis
400 1365 462 1439 vel
482 1357 574 1452 sine,
596 1373 634 1441 et
657 1365 761 1462 quod
780 1365 862 1462 ipse
884 1373 1011 1440 custos
1035 1364 1236 1464 appellans
1258 1367 1417 1443 intravit
1439 1368 1481 1442 in
1502 1368 1730 1445 solutionem
1754 1369 1801 1445 de

210 1490 323 1558 tanta
339 1482 502 1580 pecunia
518 1504 611 1579 erga
628 1481 825 1558 dominum
843 1509 966 1559 suum.
983 1483 1042 1558 Et
1057 1482 1106 1560 de
1123 1483 1194 1558 hac
1210 1485 1372 1560 materia
1387 1484 1549 1561 inveniri
1566 1486 1710 1584 poterit
1728 1485 1801 1564 ut³⁸

211 1599 259 1676 de
270 1600 435 1675 termino
450 1598 611 1676 Sancti⁸²
624 1599 839 1676 Miehaelis³⁸
853 1625 955 1676 anno
969 1599 1098 1698 regis⁸⁹
1113 1600 1278 1677 Hemici
1293 1611 1432 1701 quarto
1446 1603 1651 1702 incipiente
1666 1606 1801 1703 quinto

211 1720 396 1796 comitatu
412 1717 620 1806 Suffolciae,
634 1719 681 1794 de
695 1719 852 1815 Rogero
866 1718 914 1794 de
930 1717 1117 1794 Kirkele‘⁰
1132 1730 1171 1796 et
1185 1719 1360 1796 Henrico
1376 1722 1423 1797 de
1437 1721 1530 1797 Ver.
1547 1722 1649 1798 Item
1666 1723 1801 1798 adhoc

213 1837 309 1914 facit
335 1838 383 1914 de
409 1837 574 1913 termino
604 1836 738 1912 Sancti
766 1835 952 1912 Michaelis
981 1863 1083 1913 anno
1111 1836 1240 1935 regis⁴²
1269 1839 1435 1914 Henrici
1463 1865 1566 1914 nono
1595 1839 1800 1939 incipiente

211 1956 357 2033 decimo
370 1955 555 2031 comitatu
568 1953 795 2052 Wigorniae,
810 1955 857 2030 de
872 1954 1023 2030 Thoma
1038 1956 1086 2031 de
1100 1957 1229 2054 Rupe.
1245 1955 1404 2032 Verba⁴²
1419 1956 1563 2056 appelli
1578 1968 1669 2036 sunt
1682 1957 1800 2034 haec.⁴⁸

310 2080 376 2156 De
392 2077 557 2178 appellis
572 2078 620 2156 de
635 2077 781 2172 felonia
796 2089 834 2154 et
849 2103 945 2178 poce
960 2080 1075 2176 repis,
1092 2081 1195 2157 etde
1212 2079 1337 2156 verbis
1352 2079 1508 2180 appelli.

211 2204 264 2279 A.
287 2224 492 2278 ananum
513 2203 562 2278 B.
586 2203 689 2301 qnod
709 2202 776 2278 ubi
798 2202 876 2277 fuit
897 2203 937 2278 in
960 2227 1055 2302 pace
1077 2202 1220 2279 domini
1243 2204 1344 2301 regis
1367 2204 1436 2280 tali
1459 2204 1543 2280 loco
1566 2214 1733 2282 etcetera
1755 2214 1801 2282 ut

212 2348 342 2421 ευριπ,
358 2321 462 2398 venit
478 2322 580 2397 idem
594 2321 643 2397 B.
659 2346 747 2398 cum
762 2321 800 2396 vi
816 2347 897 2410 sua,
915 2319 981 2396 et⁴⁴
996 2321 1172 2419 nequiter
1188 2332 1226 2398 et
1243 2322 1283 2397 in
1300 2322 1444 2398 felonia
1460 2332 1499 2400 et
1514 2332 1651 2400 contra
1667 2347 1802 2422 pacem

212 2439 355 2516 domini
379 2438 480 2538 regis
504 2450 543 2516 et
566 2437 633 2513 in⁴⁶
658 2438 835 2515 roberia⁴⁸
861 2439 1018 2516 abstulit
1043 2441 1077 2516 ei
1102 2441 1233 2516 decem
1258 2465 1405 2529 aureos,
1431 2449 1469 2516 et
1494 2467 1616 2517 unum
1641 2440 1801 2518 anulum

212 2559 241 2634 f.
257 2558 375 2652 loob]
432 2583 591 2634 aureum
607 2557 695 2634 talis
711 2558 837 2656 pretii,
855 2568 893 2635 et
911 2558 959 2634 de
976 2557 1140 2634 denariis
1158 2558 1302 2634 domini
1320 2558 1378 2634 sui
1395 2585 1490 2657 quos
1508 2559 1641 2637 habuit
1659 2559 1700 2634 in
1716 2583 1800 2635 cus-

210 2676 318 2753 todia
336 2702 407 2752 sua
425 2686 580 2752 centum
599 2676 717 2752 libras
737 2676 1022 2774 sterlingorum,
1044 2683 1083 2751 et
1103 2676 1205 2753 unde
1226 2677 1309 2775 ipse
1330 2676 1489 2753 intravit
1510 2677 1550 2752 in
1572 2677 1801 2753 solutionem

210 2820 304 2893 erga
317 2794 516 2871 dominum
531 2819 644 2870 suum
658 2794 706 2870 de
721 2803 843 2870 tanto.
860 2794 936 2870 Vel
952 2793 1080 2870 aliter:
1097 2795 1150 2870 A.
1168 2794 1343 2893 appellat
1358 2795 1407 2870 B.
1424 2804 1590 2872 etcetera
1606 2803 1651 2871 ut
1668 2820 1798 2893 supra,

210 2939 298 2991 cum
313 2913 439 2992 esset⁴'
454 2914 524 2991 tali
539 2915 622 2990 loco
638 2915 678 2990 in
693 2939 787 3014 pace
803 2913 947 2990 domini
962 2914 1076 3013 regis,
1093 2915 1154 2990 vel
1169 2939 1257 2990 cum
1272 2914 1436 2991 venisset
1454 2941 1478 2991 π
1493 2914 1563 2990 tali
1579 2915 1662 2990 loco
1679 2941 1800 3014 usque

210 3037 260 3112 ad
276 3036 394 3112 talem
410 3036 536 3111 locum
553 3059 641 3111 cum
658 3036 822 3112 denariis
840 3035 983 3112 domini
1000 3036 1071 3123 sui,
1088 3036 1150 3111 vel
1166 3059 1254 3111 cum
1271 3035 1354 3112 aliis
1372 3035 1520 3113 catallis
1538 3036 1599 3112 vel
1617 3036 1730 3113 rebus
1749 3036 1800 3111 ad

209 3156 417 3233 valentiam
433 3165 587 3232 centum
602 3155 824 3244 solidorum,
839 3156 945 3233 venit
960 3155 1061 3231 idem
1077 3156 1126 3231 B.
1143 3180 1231 3231 cum
1247 3156 1285 3231 vi
1302 3180 1383 3244 sua,
1399 3155 1575 3254 nequiter
1591 3164 1631 3232 et
1647 3156 1687 3230 in
1704 3155 1798 3232 felo-

209 3278 274 3352 nia
288 3285 454 3353 etcetera
467 3285 511 3352 ut
525 3299 656 3375 supra,
671 3274 737 3353 et⁴⁸
750 3277 792 3353 in
805 3275 954 3352 roheria
970 3274 1128 3353 abstulit
1142 3277 1178 3353 ei
1191 3284 1348 3351 tantum
1362 3277 1410 3352 de
1425 3276 1571 3352 catallis
1587 3276 1665 3352 suis
1681 3302 1798 3376 prop·

209 3397 275 3474 riis
294 3407 332 3474 et
349 3406 504 3473 tantum
521 3398 569 3473 de
587 3397 700 3473 rebus
720 3396 863 3473 domini
882 3397 951 3484 sui,
971 3405 1010 3472 et
1027 3397 1131 3472 unde
1148 3397 1307 3472 intravit
1325 3396 1365 3472 in
1385 3396 1614 3473 solutionem
1633 3405 1799 3473 etcetera

210 3527 398 3615 utsupra.

308 3641 358 3718 Β.
375 3641 481 3718 veuit
495 3650 533 3718 et
548 3639 734 3734 defendit.

210 3765 275 3840 ΕΤ
291 3764 339 3840 B.
356 3764 461 3840 venit
478 3773 516 3839 et
533 3762 707 3841 defendit
724 3762 913 3839 roberiam
929 3760 996 3840 et⁴⁹
1013 3762 1174 3861 pacem⁸⁰
1193 3773 1231 3840 et
1249 3770 1376 3838 totum
1394 3762 1586 3840 etcetera⁶²
1605 3770 1650 3838 ut
1667 3788 1797 3861 supra.

210 3887 269 3964 Et
283 3886 339 3962 ita
353 3885 424 3962 fiat
438 3895 483 3963 ut
499 3910 630 3984 supra.
646 3885 705 3960 Et
721 3885 753 3961 si
769 3884 900 3983 plures
917 3884 1104 3984 appellati
1121 3885 1197 3962 sint
1213 3886 1261 3960 de
1278 3885 1411 3973 forcia,
1428 3885 1610 3983 loquatur
1626 3885 1728 3961 idem
1745 3886 1798 3961 A.

209 4033 342 4084 versus
363 4032 438 4095 eos,
460 4005 550 4106 quia
570 4006 625 4083 ita
644 4005 836 4082 coniuncti
855 4015 946 4082 sunt
967 4005 1022 4080 illi
1043 4006 1091 4081 de
1112 4005 1218 4082 facto
1239 4015 1277 4083 et
1300 4003 1449 4081 forcio⁶²
1471 4006 1576 4105 quod
1597 4032 1621 4082 π
1641 4005 1799 4083 diversis

210 4129 398 4230 appellari
421 4154 500 4204 non
523 4138 697 4228 possunt,
720 4152 790 4203 neo
812 4135 942 4226 potest
966 4126 1102 4225 aliquis
1124 4126 1185 4202 hic
1207 4127 1356 4203 variare
1378 4126 1502 4224 magis
1527 4151 1642 4224 quam
1666 4153 1796 4226 supra.

210 4249 357 4327 Unde⁶⁸
375 4250 407 4328 si
426 4247 509 4349 quis
528 4249 654 4350 primo
671 4249 926 4348 appellaverit
944 4274 1015 4347 per
1033 4273 1173 4346 corpus
1192 4247 1395 4346 proprium
1414 4257 1453 4324 et
1473 4255 1609 4347 postea
1627 4273 1699 4346 per
1716 4272 1798 4323 cor·

209 4399 282 4471 pus
300 4371 469 4460 alterius,
485 4396 565 4448 non
580 4369 683 4447 valet
700 4368 911 4468 appellum,
928 4379 973 4447 ut
990 4394 1109 4469 supra
1127 4368 1347 4446 dictumest
1365 4369 1412 4445 de
1431 4368 1583 4445 Thoma
1601 4369 1648 4445 de
1667 4369 1795 4467 Rupe.

210 4493 308 4583 Quae
325 4501 455 4569 autem
472 4515 589 4590 poena
605 4499 789 4590 sequatur
805 4489 914 4566 illum
932 4491 997 4588 qui
1014 4488 1210 4566 convictus
1228 4498 1297 4577 est,
1317 4489 1427 4566 docet
1446 4488 1611 4588 qualitas
1631 4497 1670 4565 et
1689 4515 1797 4567 enor-

209 4709 314 4771 ²⁸·⁸²si
335 4709 481 4771 robbatus
504 4709 611 4785 luerit,
633 4709 707 4784 CM,
729 4709 796 4771 MG
821 4708 909 4786 (sit).
954 4705 1112 4784 ²⁹¹⁸⁰Om.,
1133 4706 1200 4768 OC.
1243 4704 1362 4780 ⁸²Om.,
1383 4704 1457 4778 003
1479 4705 1610 4784 aliquas,
1633 4706 1708 4782 CM,
1730 4707 1798 4768 MG

213 4811 387 4890 (-quas).
427 4809 545 4886 ”Om.,
563 4810 641 4886 MG,
658 4810 732 4871 CM.
770 4808 798 4842 ³⁴
809 4813 937 4886 recepit,
953 4810 1023 4884 OB,
1041 4810 1117 4883 MA,
1134 4809 1216 4881 MB;
1234 4811 1363 4885 ceperit,
1382 4809 1459 4882 MG,
1479 4808 1552 4870 CM.
1592 4805 1710 4884 ⁸⁸Om.,
1728 4808 1798 4884 OB,

209 4911 286 4988 MA,
306 4912 387 4984 MB;
408 4911 481 4985 fnit,
500 4912 572 4984 CE;
593 4911 721 4984 fuerint,
741 4909 814 4970 MC.
856 4908 973 4983 ⁸⁰Om,
994 4909 1033 4982 V,
1054 4909 1124 4983 OB,
1144 4911 1220 4984 MA,
1241 4909 1317 4982 ΜΒ,
1339 4909 1411 4982 CE;
1432 4907 1536 4988 *(et),
1557 4911 1597 4972 Y.
1640 4907 1705 4944 ⁸⁸⁸⁸⁸
1717 4909 1797 4986 Om.,

210 5012 276 5087 LA,
302 5011 341 5073 Y.
390 5010 417 5045 ⁸⁹
428 5015 517 5090 regni
543 5015 637 5088 regis,
663 5011 703 5086 V,
730 5010 807 5086 MG,
835 5010 909 5083 CM,
936 5009 1002 5071 OC.
1052 5007 1077 5042 ⁴⁰
1091 5007 1302 5088 Kyrkelegha,
1330 5010 1502 5089 Kyrlegho,
1530 5009 1798 5090 Ki(y)rkeby(i),

208 5110 302 5172 MSS.
320 5132 385 5171 var.
423 5110 449 5146 ⁴²
462 5116 551 5190 regni
569 5114 662 5189 regis,
679 5111 719 5186 V,
737 5110 813 5184 MG,
831 5111 988 5186 CM,OC.
1027 5107 1093 5144 ⁴²⁴⁸
1105 5110 1185 5184 Oua,
1203 5111 1280 5187 MG,
1298 5111 1456 5185 CM,OC.
1496 5110 1615 5186 “Om.,
1632 5113 1701 5188 ΟΒ,
1720 5114 1797 5189 MA,

210 5211 285 5286 ΜΒ,
311 5212 376 5274 CE.
424 5210 542 5287 “Om.,
567 5212 607 5286 V,
632 5211 699 5287 ΟΕ,
725 5211 800 5271 ΜΒ.
846 5209 1248 5287 ⁴‘101011122111‚MG,CM.
1296 5210 1416 5272 “esset
1443 5217 1486 5288 in,
1513 5214 1589 5291 MA,
1616 5215 1694 5290 MG,
1721 5217 1795 5278 CM.

207 5310 235 5346 ⁴⁸
246 5311 327 5388 Om.,
344 5311 413 5386 OA,
431 5311 498 5385 LA,
515 5310 585 5386 OB,
602 5312 680 5386 ΜΒ,
697 5312 764 5387 CE,
782 5312 856 5385 MC,
875 5312 952 5387 MG,
971 5311 1045 5385 CM,
1062 5312 1128 5374 OC.
1169 5309 1327 5389 ⁴⁰¹⁸⁰Om.,
1345 5313 1414 5375 OA.
1454 5312 1600 5392 ⁸⁰pacem
1618 5315 1796 5393 infractam,

207 5411 275 5474 OB.
318 5411 436 5486 ⁶¹Om.‚
456 5412 534 5486 MG,
555 5412 627 5473 CM.
669 5411 694 5445 ⁵²
705 5410 744 5472 de
766 5411 875 5486 forcia,
894 5412 963 5488 OB,
984 5413 1059 5473 MB.
1100 5410 1254 5487 ωιπυυυ,
1275 5415 1342 5491 LA,
1363 5416 1408 5489 Y;
1430 5422 1659 5493 verumetiam,
1680 5420 1753 5482 MC.
