4432 6340
617 537 677 598 DE
701 537 1003 611 ADQUIRENDO
1026 539 1184 600 RERUM
1208 541 1410 604 DOMINIO
1736 551 1811 620 263

220 690 367 766 latores
400 688 471 766 sibi
504 698 656 788 partem
689 689 910 766 hereditatis
944 689 1200 778 retinuerint,⁸
1235 691 1423 767 moriatur
1457 691 1559 768 lilius
1594 703 1810 793 postnatus,

219 808 358 884 herede
383 833 453 884 suo
477 807 584 883 infra
606 817 760 885 aetatem
784 808 983 898 existente,
1010 818 1049 886 et
1074 810 1222 886 ratione
1247 810 1396 886 heredis
1423 819 1705 889 antecessorum
1731 813 1810 912 qui'

220 925 496 1014 feoliaverint,⁸
513 926 709 1003 devenerit
725 927 901 1003 custodia
914 936 1107 1005 terrarum
1123 928 1271 1005 heredis
1289 929 1461 1028 postnati
1478 929 1518 1005 in
1535 955 1672 1007 manus
1691 932 1810 1008 domi·

219 1045 385 1134 norum,⁹
398 1047 446 1122 de
458 1045 664 1144 maritagio
676 1046 824 1122 heredis
838 1047 959 1145 ipsius
972 1047 1044 1123 erit
1058 1047 1235 1123 habenda
1247 1048 1347 1123 ratio
1361 1048 1585 1147 prioritatis,
1601 1052 1811 1128 secundum

221 1165 323 1263 quod
339 1164 422 1263 ipse
438 1190 462 1239 a
478 1173 591 1264 patre
608 1175 646 1241 et
662 1175 787 1241 matre
805 1166 992 1241 feoffatus
1010 1165 1115 1240 fuit¹⁰
1133 1166 1246 1242 simul
1262 1167 1324 1242 vel
1340 1167 1520 1244 vicissimz
1540 1169 1630 1266 quia
1647 1170 1678 1246 si
1697 1169 1811 1246 simul

219 1284 267 1359 de
285 1283 461 1383 pluribus
478 1284 613 1373 feodis,
630 1283 694 1361 ille
710 1282 886 1383 capitalis
903 1284 1079 1360 dominus
1097 1286 1170 1361 erit
1187 1285 1227 1360 in
1244 1285 1450 1383 maritagio
1467 1287 1744 1385 praeferendus,
1763 1288 1810 1365 de

220 1405 327 1480 cuius
355 1404 471 1480 feodo
498 1413 753 1480 antecessores
782 1402 1009 1479 feoffatores
1037 1403 1163 1501 primo
1192 1403 1380 1480 fuerunt¹²
1410 1404 1575 1481 feoffati.
1608 1405 1650 1482 Si
1679 1415 1810 1483 autem

219 1522 394 1611 vicissim,
409 1531 504 1599 tunc
519 1522 592 1598 erit
606 1521 670 1599 ille
686 1522 950 1620 praeferendus
967 1523 1015 1598 de
1031 1522 1138 1598 cuius
1156 1523 1271 1598 feodo
1287 1531 1401 1621 pater
1416 1533 1456 1600 et
1471 1533 1597 1600 mater
1613 1524 1810 1623 primum²²

220 1642 396 1718 fecerunt
414 1640 711 1717 feoliamentum
728 1639 808 1716 filio
825 1648 1019 1739 postnato.

318 1759 389 1836 Ad
404 1783 518 1858 pacm
534 1759 727 1858 pertineat
744 1759 991 1856 maritapiara
1007 1758 1056 1835 de
1071 1759 1236 1856 aocapio.

217 1875 286 1952 Du
306 1876 459 1975 socagio
478 1877 688 1953 videndum
708 1878 757 1953 ad
779 1903 892 1975 quem
913 1877 1106 1976 pertineat
1126 1877 1384 1976 maritagium.
1408 1879 1466 1955 Et
1487 1880 1684 1957 sciendum
1705 1882 1809 1979 quod

219 1998 268 2073 ad
287 1997 415 2096 ipsum
433 1998 483 2073 ad
502 2022 616 2094 quem
633 1994 868 2095 pertinebit¹⁸
886 1996 1060 2072 custodia
1078 2005 1271 2073 terrarum
1291 2007 1330 2074 et
1349 2006 1656 2075 tenementorum
1676 2024 1808 2076 secun·

219 2117 312 2192 dum
331 2116 521 2192 diversam
538 2115 853 2192 consuetudinem
871 2114 1053 2202 locorum,
1073 2116 1133 2190 vel
1153 2116 1203 2191 ad
1223 2116 1422 2192 dominum
1440 2117 1655 2216 capitalem,
1676 2118 1738 2193 vel
1759 2119 1809 2195 ad

218 2232 533 2332 propinquiorem
548 2232 875 2330 consanguineum
893 2233 958 2331 qui
973 2232 1067 2308 nihil
1084 2233 1178 2309 iuris
1193 2234 1359 2310 clamare
1375 2235 1524 2333 possit²⁴
1540 2236 1581 2311 in
1597 2235 1808 2313 hereditate

220 2360 384 2450 propter
411 2351 666 2451 suspicionem
694 2351 1010 2440 exheredationis,
1041 2362 1080 2429 et
1108 2352 1229 2451 ipsius
1259 2353 1531 2451 consanguinei
1561 2355 1730 2432 maxime
1759 2381 1808 2432 ex

219 2472 325 2548 cuius
344 2479 456 2570 parte
473 2470 663 2548 hereditas
682 2495 760 2547 non
778 2471 985 2559 descendit,
1004 2470 1064 2546 vel
1084 2471 1150 2569 qui
1168 2471 1313 2569 aliquid
1332 2471 1425 2548 iuris
1443 2472 1609 2549 clamare
1628 2474 1750 2572 possit
1769 2474 1809 2549 in

218 2590 442 2679 hereditate,
461 2589 524 2665 vel
542 2589 609 2688 qui
626 2589 735 2666 heres
756 2615 836 2666 esse
857 2589 978 2688 possit
997 2589 1117 2666 totius
1137 2590 1199 2665 vel
1218 2616 1290 2689 pro
1312 2599 1436 2689 parte.
1459 2591 1517 2668 Et
1537 2592 1623 2668 ideo
1644 2618 1722 2668 non
1744 2592 1808 2668 de·

219 2709 354 2785 beret¹⁵
377 2734 457 2785 esse
478 2707 558 2784 filia
578 2716 763 2807 postnata
782 2707 822 2782 in
843 2707 1018 2783 custodia
1038 2708 1304 2807 primogenita
1325 2709 1385 2784 vel
1407 2709 1536 2785 mariti
1558 2710 1628 2798 sui,
1652 2711 1683 2788 si
1707 2712 1810 2787 forte

219 2828 302 2904 viro
316 2837 442 2926 nupta
457 2827 587 2904 fuerit.
602 2828 661 2902 Et
675 2827 760 2903 ideo
775 2827 806 2903 si
822 2826 905 2924 quis
921 2827 1055 2902 emerit
1071 2827 1284 2904 custodiam
1299 2836 1493 2904 terrarum
1507 2838 1546 2904 et
1561 2829 1810 2927 maritagium

219 2946 398 3034 tiliarum,
416 2955 455 3023 et
474 2946 641 3044 aliquam
658 2944 840 3021 illarum¹⁶
858 2945 1013 3021 duxerit
1031 2944 1071 3020 in
1089 2970 1261 3033 uxorem,
1281 2945 1412 3021 statim
1431 2946 1554 3022 oritur
1573 2947 1749 3046 suspicio,
1770 2956 1809 3024 et

220 3067 363 3144 amittit
385 3065 598 3142 custodiam
620 3063 791 3163 corporis
814 3073 853 3140 et
873 3063 1123 3161 maritagium
1145 3063 1308 3140 aliarum
1329 3065 1414 3163 ipso
1437 3064 1520 3139 iure
1542 3073 1705 3164 propter
1728 3091 1809 3142 sus·

219 3185 419 3284 picionem.
436 3184 494 3261 Et
509 3184 594 3260 ideo
610 3182 817 3282 pertinebit
833 3183 883 3258 ad
899 3192 1079 3281 parentes
1095 3181 1167 3258 ut²⁷
1184 3182 1330 3259 dictum
1346 3181 1432 3258 est²⁸
1448 3182 1621 3259 custodia
1638 3184 1809 3283 corporis

220 3314 258 3380 et
278 3303 537 3400 maritagium.
561 3302 662 3378 Esto
684 3302 800 3378 etiam
822 3302 925 3399 quod
947 3301 1030 3399 quis
1053 3301 1240 3378 ieoffatus
1264 3301 1383 3378 fuerit
1405 3303 1453 3378 de
1475 3303 1603 3400 aliquo
1625 3301 1809 3379 tenendi²⁹

218 3423 259 3499 in
276 3421 456 3520 socagio²⁰
474 3420 611 3520 primo,
629 3430 668 3497 et
684 3429 820 3519 postea
838 3417 913 3496 de²¹
930 3419 1065 3496 eodem
1082 3420 1144 3495 vel
1161 3420 1209 3495 ab
1228 3420 1302 3495 alio
1321 3420 1476 3497 tenendi
1494 3419 1593 3519 per²²
1612 3421 1808 3497 servitium

219 3542 395 3630 militare,
415 3542 476 3618 vel
495 3568 515 3618 e
535 3540 744 3616 contrario:
766 3536 919 3616 videtur
938 3536 1004 3614 et²⁸
1026 3563 1160 3614 verum
1179 3546 1237 3615 est
1259 3540 1362 3636 quod
1382 3538 1446 3614 ille
1466 3540 1730 3638 praeferendus
1751 3550 1810 3616 est

220 3661 285 3759 qui
312 3660 491 3737 feoliavit
517 3685 588 3758 per
613 3658 810 3735 servitium
834 3657 1001 3734 militare
1026 3665 1189 3756 propter
1215 3656 1461 3756 privilegium
1485 3659 1662 3734 militare.
1691 3658 1749 3735 Et
1778 3658 1809 3734 si

220 3779 406 3855 ieoffatus
424 3780 609 3855 damnum
626 3776 798 3853 incurrat
815 3802 886 3875 per
903 3776 981 3852 tale
999 3776 1296 3852 feoffamentum
1313 3777 1442 3874 quoad
1458 3777 1719 3874 maritagium,
1738 3777 1809 3852 hoc

219 3898 399 3998 sibiipsis
417 3894 630 3996 poterunt²⁴
648 3896 851 3993 imputare.
872 3893 979 3970 Sed²⁵
998 3892 1112 3969 cum²⁶
1131 3893 1288 3970 heredes
1307 3893 1507 3970 extiterint
1526 3894 1597 3970 sub
1616 3903 1809 3994 potestate

219 4027 426 4117 parentum
448 4017 498 4092 ad
521 4041 615 4114 quos
637 4013 866 4114 pertinuerit
887 4012 1137 4108 maritagium
1158 4011 1292 4088 mero²⁷
1315 4012 1408 4100 iure,
1432 4021 1612 4111 parentes
1635 4013 1809 4112 ipsorum

218 4134 467 4233 maritagium
485 4131 695 4210 heredum²⁸
715 4131 968 4219 vendiderint,
989 4140 1027 4207 et
1047 4131 1095 4206 ab
1116 4138 1290 4230 emptore
1309 4131 1481 4208 maritati
1501 4156 1580 4206 non
1601 4132 1748 4208 fuerint
1769 4133 1809 4207 in

217 4255 298 4331 vita
316 4253 536 4340 venditoris,
554 4253 685 4328 statim
702 4259 856 4328 mortuo
874 4249 1072 4326 venditore
1091 4251 1141 4325 ad
1160 4250 1357 4325 domiuum
1376 4249 1581 4348 capitalem
1600 4250 1809 4349 pertinebit

217 4371 476 4470 maritagium.
492 4371 550 4446 Et
562 4379 704 4446 extunc
718 4370 749 4446 si
763 4369 859 4445 alius
874 4394 962 4445 eum
975 4367 1225 4457 maritaverit,
1241 4378 1404 4467 emptor,
1420 4393 1572 4467 parens,
1589 4378 1807 4458 extraneus,

216 4553 445 4629 ‘retinuerunt
459 4554 499 4628 V,
513 4554 588 4614 MA
624 4551 807 4632 'quae‚OA,
822 4551 889 4613 OC.
924 4549 1171 4628 ‘leoffaverunt
1185 4553 1225 4628 V,
1240 4551 1307 4626 ΟΕ,
1323 4553 1388 4626 LA,
1404 4553 1472 4628 OA,
1488 4553 1553 4614 OC.
1591 4550 1807 4614 ’dominorum

216 4655 406 4735 capitalium,
423 4657 463 4732 V,
481 4655 558 4729 MG,
576 4656 649 4716 CM.
691 4652 836 4728 ¹⁰iuerit,
855 4654 921 4727 LA,
939 4654 979 4730 Y,
998 4651 1075 4715 MG.
1115 4652 1283 4727 ²1luerint,
1302 4653 1370 4728 OC,
1388 4654 1427 4729 Y,
1448 4655 1525 4729 MG,
1545 4655 1617 4714 ΟΜ.
1658 4653 1807 4732 ¹²primo,

217 4758 285 4834 OB,
306 4759 382 4833 MA,
403 4757 481 4833 MB,
502 4758 579 4833 MG,
601 4757 675 4817 ΟΜ.
718 4754 744 4790 ²⁸
756 4759 904 4835 pertinet,
923 4755 968 4827 V;
989 4758 1157 4834 pertineat,
1179 4755 1256 4817 MG.
1299 4753 1326 4788 ¹⁴
1337 4759 1463 4832 poterit,
1485 4755 1554 4829 OB,
1577 4756 1644 4830 ΟΕ,
1666 4757 1706 4830 Y,
1729 4757 1807 4833 MG,

217 4859 296 4932 CM;
314 4865 471 4940 poterunt,
491 4859 566 4920 MA.
606 4856 633 4892 ²⁸
644 4856 769 4932 debent,
787 4857 857 4931 OB,
876 4856 956 4930 CM;
975 4855 1077 4932 debet,
1097 4855 1164 4931 LA,
1184 4856 1251 4930 OC,
1272 4855 1338 4930 ΟΕ,
1357 4857 1397 4932 Y,
1418 4856 1494 4932 MA,
1515 4856 1587 4918 MC.
1630 4854 1656 4891 ²⁸
1668 4861 1807 4934 istarum,

216 4960 294 5036 MG,
308 4962 382 5024 ΟΜ.
418 4957 484 4996 ²¹¹²⁸
497 4961 577 5035 Om.,
592 4958 661 5034 OB,
677 4959 754 5035 MA,
770 4959 845 5021 MB.
883 4956 1047 5019 ²⁰tenendi
1063 4962 1105 5033 in,
1122 4958 1189 5033 ΟΟ,
1206 4957 1272 5033 ΟΕ,
1289 4958 1459 5032 CM;ten.,
1477 4957 1554 5032 MG,
1572 4958 1653 5030 MA;
1670 4963 1806 5031 tenente,

217 5063 296 5137 ΜΟ;
314 5067 444 5139 tenenti,
463 5062 532 5139 OA,
551 5063 618 5138 LA,
637 5061 678 5135 Y,
696 5060 766 5135 OB,
785 5061 867 5133 MB;
886 5058 1063 5133 tenendum,
1082 5059 1121 5120 V.
1162 5056 1188 5091 ²⁰
1200 5062 1365 5138 socagium,
1387 5058 1480 5121 MSS.
1500 5079 1564 5120 var.
1607 5057 1672 5093 ²²⁴²
1683 5059 1723 5121 de
1743 5057 1806 5119 alio

215 5172 340 5226 tenente
357 5165 407 5226 vel
425 5163 464 5225 de
483 5165 589 5226 eodem
607 5183 675 5241 per,
694 5162 764 5236 OB,
782 5163 857 5223 MB.
898 5159 1084 5239 ¹²·²⁸postea
1103 5159 1142 5221 de
1161 5159 1234 5236 allo,
1254 5161 1328 5221 MA.
1370 5158 1501 5221 ''etiam
1520 5160 1612 5240 quod,
1633 5160 1710 5234 MG,
1731 5161 1805 5222 ΟΜ.

216 5266 242 5300 ²⁴
253 5271 380 5346 poterit,
394 5268 463 5342 OB,
479 5266 555 5342 MA,
570 5264 646 5340 ΜΒ,
661 5263 739 5339 MG,
754 5264 819 5325 OC.
856 5260 923 5296 ’Μ’
933 5266 960 5323 ai
975 5269 1087 5336 autem,
1103 5260 1172 5336 OA,
1187 5262 1260 5334 003
1275 5265 1302 5322 ai
1319 5281 1396 5335 cam,
1413 5262 1479 5336 LA,
1496 5262 1559 5322 MC
1580 5261 1675 5339 (corr.
1692 5259 1750 5338 si),
1766 5261 1805 5324 V.

216 5367 348 5444 nmero,
371 5370 410 5444 V,
434 5368 503 5442 OA,
526 5367 593 5441 LA,
617 5367 690 5439 003
714 5370 794 5444 ipso,
818 5364 887 5439 OB,
912 5364 988 5438 MA,
1013 5365 1090 5438 ΜΒ,
1115 5363 1182 5437 ΟΕ,
1207 5364 1281 5439 ΟΜ,
1306 5364 1383 5439 MG,
1409 5363 1448 5438 Y,
1474 5363 1546 5425 ΜΟ.
1593 5361 1712 5438 ²⁸0na,
1736 5360 1806 5437 OB,

216 5470 292 5547 MA,
309 5469 383 5530 MB.
