4374 6366
807 442 869 502 DE
891 443 1096 505 PLACITIS
1119 444 1308 507 CORONAE
1780 458 1855 527 899

267 617 396 690 supra.
423 592 526 668 Item
547 592 578 668 si
600 593 647 668 de
669 602 793 669 morte
815 592 1000 670 alterius⁴⁹
1023 595 1084 670 vel
1107 595 1227 694 plaga
1249 595 1392 695 quam⁵⁰
1416 624 1573 675 suorum
1596 602 1657 676 vel
1682 602 1855 691 aliorum,

266 710 339 787 nisi
365 736 435 787 sua
461 710 611 787 intersit
638 719 743 786 certa
769 712 928 788 ratione.
958 713 1061 790 Item
1088 713 1271 791 differtur
1299 715 1497 814 appellum
1524 719 1574 794 ad
1600 727 1754 818 tempus
1782 748 1856 820 pro

265 827 404 903 minori
418 837 541 917 aetate,
557 827 635 904 sive
648 830 775 904 minor
789 829 991 928 appellans
1006 831 1055 908 sit
1070 830 1157 907 vel⁵²
1174 833 1404 931 appellatus.

366 952 468 1028 Cam
484 951 591 1028 malla
607 952 658 1028 sit
673 953 860 1051 acceptio,
878 964 970 1029 tam
985 955 1117 1030 atatim
1134 957 1313 1032 radiatur
1328 957 1511 1036 duellam.

266 1077 371 1154 CUM
389 1087 519 1153 autem
536 1077 756 1175 appellatus
774 1077 920 1153 nullam
938 1079 986 1154 ab
1003 1078 1112 1156 initio
1130 1081 1375 1178 proposuerit
1393 1084 1669 1181 exceptionem,
1688 1087 1749 1162 vel
1767 1112 1855 1164 cum

264 1195 529 1293 exceptionem
547 1196 804 1294 proposuerit,
823 1196 970 1272 nullam
988 1196 1127 1275 habeat
1145 1208 1427 1297 competentem
1446 1227 1523 1299 qua
1542 1228 1582 1278 se
1599 1204 1701 1278 tueri
1721 1205 1854 1304 possit,

264 1323 358 1391 tunc
376 1314 508 1390 statim
526 1315 703 1390 radietur
721 1314 892 1390 duellum
910 1315 1011 1391 inter
1030 1342 1105 1404 eos,
1126 1327 1165 1393 et
1184 1317 1364 1393 defensor
1382 1319 1509 1416 primo
1529 1320 1594 1397 det
1614 1321 1770 1398 vadium
1790 1325 1854 1400 de-

265 1430 448 1507 fendendi
472 1441 510 1508 et
533 1441 669 1530 postea
691 1431 910 1531 appellator
933 1433 1027 1509 det⁶²
1050 1434 1207 1511 vadium
1230 1435 1519 1526 disrationandi,
1544 1447 1584 1515 et
1607 1441 1855 1537 postmodum

264 1548 472 1626 defensor⁵⁸
498 1550 624 1647 primo
650 1550 750 1625 iuret
776 1575 847 1649 per
872 1552 989 1627 verba
1014 1553 1196 1650 negativa
1222 1555 1401 1652 negando
1427 1557 1582 1654 praecise
1609 1558 1793 1635 feloniam
1820 1559 1854 1634 ei

263 1668 494 1767 impositam,
515 1678 554 1745 et
575 1678 710 1767 postea
731 1669 873 1746 iurabit
894 1671 1113 1772 appellator
1133 1697 1205 1770 per
1225 1673 1342 1748 verba
1364 1672 1604 1763 affirmativa,
1627 1675 1854 1754 affirmando

262 1787 392 1862 omnia
413 1811 494 1863 esse
513 1813 606 1862 vera
626 1812 710 1886 quae
731 1788 930 1886 appellato
950 1789 1126 1887 imponit.
1150 1791 1207 1867 Et
1229 1789 1316 1866 est⁶⁴
1338 1791 1437 1867 ratio
1460 1792 1656 1891 assignata
1678 1795 1783 1870 infra
1805 1797 1853 1872 de

262 1905 433 1980 civilibus
448 1905 659 1983 actionibus
674 1907 721 1982 de
736 1907 864 1982 duello
877 1905 1096 1983 vadiando⁶⁶
1111 1933 1183 2006 pro
1197 1917 1313 1985 terra.
1331 1908 1504 1984 Forma⁵⁶
1519 1936 1610 1986 vero
1626 1914 1853 1990 sacramenti

261 2022 340 2098 haec
355 2021 452 2100 est.⁶⁷

361 2147 510 2223 Forma
524 2150 754 2226 sacramenti
768 2147 856 2225 talis
871 2159 940 2226 eat.

262 2271 359 2347 Hoc
381 2271 489 2347 audis
508 2271 622 2348 homo
641 2298 755 2370 quem
774 2297 845 2370 per
864 2299 1022 2348 manum
1042 2283 1154 2350 teneo
1176 2275 1240 2372 qui
1261 2273 1328 2350 tc⁵⁸
1349 2275 1445 2352 facis
1467 2275 1684 2374 appellari⁸⁹
1705 2277 1758 2354 A.
1781 2303 1852 2376 per

261 2419 402 2470 nomen
416 2395 644 2493 baptisterii,
661 2395 764 2493 quod
780 2421 852 2493 ego
869 2405 1022 2494 patrem
1037 2405 1149 2472 tuum
1166 2398 1226 2472 vel
1244 2397 1408 2474 fratrem
1424 2398 1485 2474 vel
1503 2399 1620 2474 alium
1638 2400 1756 2476 talem
1773 2425 1852 2476 non

261 2516 391 2605 occidi,
415 2541 484 2592 nec
506 2518 665 2615 plagam
686 2519 719 2592 ei
745 2517 819 2593 leci
841 2516 938 2595 tali⁸⁰
961 2544 1102 2616 genere
1125 2544 1320 2595 armorum
1344 2545 1416 2618 per
1438 2521 1541 2618 quod
1565 2522 1747 2598 remotior
1770 2547 1851 2599 esse

261 2637 443 2714 deberet⁸²
459 2665 483 2714 a
495 2638 577 2715 rita
590 2649 629 2715 et
641 2639 758 2715 morti
772 2639 1037 2738 propinquior,
1052 2665 1122 2716 nec
1137 2651 1182 2718 tu
1196 2641 1267 2716 hoc
1281 2641 1421 2730 vidisti,
1438 2643 1490 2719 sic
1506 2668 1569 2719 me
1584 2644 1677 2719 deus
1695 2643 1850 2719 adiuvet

260 2770 299 2837 et
313 2761 390 2836 haec
404 2770 547 2838 sancta.
563 2761 621 2838 Et
635 2761 704 2838 fiat
716 2761 860 2837 mentio
874 2760 941 2837 in⁶²
956 2773 1195 2839 sacramento
1209 2764 1257 2839 de
1272 2789 1384 2852 anno,
1400 2763 1473 2852 die,
1489 2774 1528 2840 et
1542 2765 1625 2840 loco
1640 2765 1850 2842 secundum

260 2884 427 2959 formam
447 2884 602 2981 appelli.
624 2882 709 2960 Et⁶⁸
729 2893 865 2984 postea
883 2884 983 2960 iuret
1004 2884 1222 2983 appellator
1241 2885 1477 2962 contrarium
1497 2912 1568 2985 per
1588 2885 1666 2962 hoec
1686 2886 1803 2964 verba
1811 2886 1850 2961 :⁶⁴

259 3005 353 3081 Hoc
376 3005 513 3082 audis⁶⁶
535 3006 649 3081 homo
672 3031 786 3104 quem
808 3032 880 3105 per
901 3032 1059 3083 manum
1082 3017 1194 3084 teneo
1217 3008 1283 3105 qui
1306 3017 1345 3084 te
1370 3008 1465 3085 lacis
1490 3009 1679 3107 appellari
1703 3010 1752 3085 Β.
1778 3035 1849 3108 per

258 3152 399 3204 nomen
413 3127 640 3227 baptisterii,
656 3128 759 3227 quod
774 3137 819 3204 tu
835 3155 874 3206 es
891 3128 1079 3226 periurus,
1095 3127 1162 3205 et⁸⁰
1177 3130 1264 3205 ideo
1278 3128 1496 3228 periurus,⁸⁷
1513 3127 1630 3228 quia⁸⁸
1647 3129 1716 3208 tali
1734 3156 1847 3219 anno,

258 3250 327 3326 tali
344 3251 415 3338 die,
430 3251 499 3327 tali
513 3250 619 3339 hora,
632 3248 730 3327 tali⁸⁹
744 3248 856 3325 loco'⁰
872 3251 1047 3349 nequiter
1061 3259 1101 3328 et
1115 3251 1156 3326 in
1172 3251 1315 3326 felonia
1330 3252 1499 3329 occidisti
1516 3252 1575 3340 C„
1591 3261 1743 3351 patrem
1759 3252 1847 3329 vel²²

259 3373 422 3450 fratrem
440 3374 501 3449 vel
520 3374 638 3449 alium
657 3383 875 3472 parentum,
895 3374 956 3449 vel
976 3373 1174 3449 dominum
1194 3399 1317 3462 suum,
1338 3375 1400 3450 vel
1421 3374 1533 3450 aliter
1553 3375 1728 3473 nequiter
1748 3385 1787 3452 et
1807 3375 1848 3450 in

258 3494 402 3571 felonia
419 3504 458 3571 et
475 3494 543 3571 in⁷²
563 3495 711 3572 assultu
729 3495 995 3594 praemeditato
1015 3495 1139 3572 fecisti
1158 3496 1227 3572 tali
1245 3522 1364 3572 unam
1383 3497 1554 3594 plagam,
1572 3497 1642 3573 tali
1662 3498 1757 3585 loco,
1777 3497 1846 3574 tali

257 3642 397 3715 genere
415 3642 622 3705 armorum,
640 3618 688 3693 de
706 3643 783 3714 qua
800 3617 894 3692 obiit
911 3617 1016 3692 infra
1032 3618 1216 3694 triduum.
1237 3619 1294 3695 Et
1313 3643 1386 3716 ego
1403 3617 1474 3693 hoc
1492 3618 1581 3707 vidi,
1602 3619 1654 3694 sic
1673 3619 1767 3696 deus
1785 3644 1847 3695 mc

258 3739 414 3814 adiuvet
438 3737 645 3815 etcetera.⁷⁸
671 3739 729 3816 Et
755 3738 808 3815 sie
833 3738 930 3814 fiat*
957 3764 1108 3838 semper
1134 3749 1417 3815 sacramentum
1443 3741 1652 3816 secundum
1680 3740 1847 3816 formam

258 3860 414 3959 appelli,
442 3869 481 3936 et
508 3861 564 3936 ita
591 3860 815 3936 observetur
841 3859 909 3935 in²⁶
938 3859 1135 3959 quolibet⁷⁰
1164 3886 1304 3957 genere
1333 3861 1560 3937 sacramenti
1590 3859 1846 3959 ubicumque⁷⁷

256 3984 519 4081 praestandum
534 3993 592 4060 est
608 3993 889 4060 sacramentum
906 4008 954 4057 ex
970 3992 1134 4080 utraque
1150 3993 1273 4082 parte.

355 4105 481 4182 F'acto
495 4113 735 4181 sacramento
749 4129 798 4182 em
812 4116 977 4204 atraque
991 4115 1116 4204 parte,
1130 4105 1262 4183 atatim
1276 4105 1540 4182 committatur
1555 4104 1737 4199 defemor
1751 4104 1845 4181 duo·

357 4223 427 4300 bas
440 4222 634 4300 militibus.

254 4347 394 4422 Fncro
413 4345 598 4444 siquidem
617 4354 855 4423 sacramento
872 4345 940 4421 in'⁸
957 4345 1028 4420 hac
1047 4344 1213 4433 forma,⁷⁹
1233 4345 1364 4422 statim
1382 4344 1646 4421 committatur
1664 4344 1845 4420 defensor

254 4563 320 4599 ⁴⁴⁴⁴⁴
331 4564 459 4626 alterius
475 4585 566 4643 qnam
580 4563 688 4643 plaga,
703 4565 772 4638 OB,
787 4565 863 4640 MA,
880 4563 956 4638 ΜΒ,
972 4563 1037 4625 ΟΕ.
1075 4563 1102 4598 ⁶¹
1113 4567 1187 4638 sive,
1203 4564 1243 4638 V,
1259 4564 1326 4638 οΟ,
1343 4563 1410 4638 ΟΕ,
1426 4563 1501 4624 MA.
1539 4560 1657 4638 “Om.,
1675 4562 1842 4638 MG,CM.

254 4664 280 4700 ⁸³
293 4668 373 4741 Om.,
393 4665 460 4741 LA,
479 4668 509 4727 Y
534 4665 621 4745 (†).
662 4663 782 4740 ⁸*Om.,
801 4666 870 4741 OB,
891 4666 968 4742 MA,
988 4665 1064 4726 MB.
1106 4663 1133 4698 ⁸⁸
1144 4663 1306 4741 radiando,
1326 4665 1395 4738 OA,
1416 4662 1484 4738 OB,
1507 4664 1586 4736 MC;
1607 4662 1743 4740 radiata,
1765 4663 1843 4738 MG,

255 4769 334 4841 CM;
364 4767 508 4846 (duellis)
538 4766 682 4843 radiatio,
707 4766 773 4827 ΟΟ.
821 4765 887 4800 ⁸⁸⁸⁸⁸
899 4768 979 4840 Om.,
1005 4768 1072 4842 LA,
1098 4767 1174 4840 MA,
1201 4766 1278 4842 MG,
1304 4765 1379 4841 CM,
1404 4765 1470 4826 OC.
1518 4763 1637 4839 ⁸⁸Om.,
1664 4763 1742 4838 MG,
1768 4763 1841 4824 ΟΜ.

253 4865 280 4901 ⁸⁹
291 4865 464 4946 appellare,
483 4867 561 4944 MG,
581 4866 655 4928 ΟΜ.
696 4863 816 4941 ⁸⁰Om.,
835 4867 904 4942 OB,
926 4867 1002 4943 MA,
1022 4867 1097 4927 ΜΒ.
1139 4863 1164 4899 ⁸¹
1177 4864 1298 4942 debeat,
1318 4866 1357 4941 V,
1378 4866 1445 4927 OB.
1488 4863 1576 4940 ⁶²de,
1597 4866 1671 4939 CM,
1691 4867 1721 4926 Y
1747 4863 1841 4942 (corr.

252 4969 322 5047 in);
340 4970 379 5031 de
395 4968 463 5044 boc,
481 4969 563 5042 MG;
581 4975 613 5030 in
630 4969 698 5045 boc,
715 4969 780 5030 OC.
820 4966 977 5043 ⁸⁸·⁶⁴Om.,
996 4968 1073 5045 MG,
1092 4968 1166 5028 ΟΜ.
1205 4964 1368 5040 ⁸⁸auditir,
1386 4965 1455 5041 OB,
1474 4967 1548 5027 ΜΒ.
1589 4963 1747 5040 ⁶⁶⁴'Om.,
1766 4966 1841 5027 MA.

253 5068 319 5105 ⁸⁸⁸⁸⁸
331 5073 411 5147 Om.,
431 5072 499 5133 OB.
541 5069 660 5143 ⁶⁸Om.‚
682 5071 757 5130 ΜΒ.
799 5067 958 5142 ⁶⁹·¹⁰Om.,
979 5068 1056 5142 MG,
1076 5069 1149 5129 ΟΜ.
1193 5066 1338 5143 nlilium,
1360 5069 1399 5144 V,
1422 5067 1499 5141 MG,
1520 5067 1595 5144 ΟΜ,
1616 5068 1672 5128 OC
1698 5067 1739 5144 (f.
1761 5065 1840 5145 vel).

252 5168 279 5205 τ’
291 5172 371 5247 Om.,
390 5170 459 5247 OA,
478 5171 518 5247 Y,
538 5170 616 5246 MG,
635 5170 710 5244 ΟΜ,
730 5170 787 5231 LA
810 5169 845 5248 (a
863 5169 976 5249 saltu),
997 5170 1066 5243 OB,
1086 5169 1163 5246 MA,
1183 5169 1258 5231 MB.
1299 5166 1326 5202 '⁸
1338 5176 1370 5229 et
1388 5169 1451 5230 hac
1471 5175 1589 5243 sancta,
1608 5169 1648 5242 V,
1669 5169 1746 5246 MG,
1767 5170 1841 5230 ΟΜ.

252 5271 281 5307 ⁷⁴
291 5273 356 5348 liet,
380 5273 419 5348 V,
444 5273 513 5346 OB,
538 5271 615 5332 MG.
661 5269 819 5345 “¹⁷⁶Om,
844 5271 914 5346 OB,
939 5271 1015 5346 MA,
1041 5270 1116 5330 MB.
1163 5267 1189 5303 ⁷²
1201 5272 1334 5347 utrique,
1360 5270 1438 5345 MG,
1464 5270 1538 5330 ΟΜ.
1587 5266 1653 5303 '''''
1665 5270 1745 5343 Om.,
1772 5270 1841 5345 OB,

253 5373 329 5448 MA,
344 5374 420 5434 MB.
