4394 6342
844 477 1158 540 INTRODUCTIO
1758 483 1806 552 25
1866 505 1869 512 ·

216 634 331 704 natus
352 627 477 704 frater
498 636 620 725 ponat
642 652 681 703 se
702 628 743 704 in
765 626 953 716 seisinam,
975 637 1014 704 et
1036 627 1089 704 εἰσ
1110 626 1298 703 moriatur
1320 626 1481 716 seisitus,
1504 627 1733 705 transmittit
1756 627 1806 704 ad

215 746 373 822 heredes
394 772 482 822 suos
506 746 700 845 quoddam
721 747 780 824 ius
803 746 1052 845 proprietatis
1075 772 1163 823 cum
1186 748 1268 824 iure
1289 746 1549 846 possessionis,
1574 747 1677 845 quod
1700 748 1806 845 sequi

216 864 399 940 deberet⁸⁸
420 865 588 964 primam
608 866 898 964 proprietatem,
921 877 960 943 et
982 867 1034 942 sic
1056 867 1103 942 de
1125 866 1263 942 herede
1285 865 1326 941 in
1346 865 1536 942 heredem.
1562 865 1668 942 Sed⁸⁴
1690 866 1807 966 primi

215 983 371 1062 heredes
387 984 510 1061 maius
526 977 584 1061 ius
600 984 742 1062 habent
758 1011 875 1084 quam
891 986 1047 1062 secundi
1063 985 1232 1074 heredes,
1251 985 1316 1061 sed
1334 1011 1486 1084 semper
1501 985 1677 1084 praeferri
1693 986 1806 1062 debet

215 1103 414 1201 possessio,
432 1103 553 1180 donec
568 1104 683 1202 primi
698 1104 855 1181 heredes
871 1104 1052 1182 evicerint
1068 1106 1127 1181 ius
1145 1131 1268 1182 suum.
1287 1106 1345 1182 Et
1363 1105 1394 1181 si
1411 1114 1542 1182 tamen
1559 1105 1684 1182 frater
1700 1115 1805 1204 post·

215 1231 331 1298 natus
353 1223 485 1321 plures
506 1223 683 1300 habuerit
705 1222 844 1311 filios,⁸⁶
867 1234 906 1301 et
929 1233 1135 1321 postnatus
1158 1250 1197 1300 se
1221 1232 1343 1323 ponat
1367 1223 1408 1297 in
1432 1224 1619 1314 seisinam,
1643 1224 1699 1301 ita
1723 1225 1806 1300 fieri

215 1344 328 1421 debet
344 1345 391 1420 de
407 1369 452 1420 eo
467 1341 539 1420 ut⁸⁶
555 1368 685 1442 supra.
703 1344 761 1419 Et
778 1343 829 1418 εἰσ
844 1344 988 1442 poterit
1005 1343 1055 1417 ad
1071 1344 1202 1442 plures
1218 1342 1387 1419 diversos
1404 1343 1560 1420 heredes
1577 1343 1806 1420 descendere

214 1461 273 1540 ius
291 1461 541 1563 proprietatis
559 1462 599 1538 in
617 1461 823 1550 infinitum,
841 1471 886 1540 ut
905 1487 993 1538 cum
1011 1463 1142 1560 plures
1161 1463 1220 1538 ius
1238 1463 1405 1538 habeant
1423 1463 1685 1562 proprietatis,
1705 1488 1805 1539 unus

215 1583 276 1657 vel
292 1581 423 1681 plures
439 1591 602 1680 possunt
618 1580 758 1656 habere
773 1581 832 1657 ius
850 1581 1032 1672 maius.)

317 1700 425 1793 Quid
437 1701 532 1778 iuria
546 1700 764 1799 prodentia.

216 1820 334 1895 Iunrs
347 1819 555 1917 prudentia
569 1829 626 1896 est
641 1820 858 1896 divinarum
872 1829 988 1918 atque
1002 1819 1259 1896 humanarum
1273 1846 1403 1896 rerum
1418 1820 1567 1908 notitia,
1584 1821 1674 1898 iusti
1690 1830 1806 1919 atque

214 1936 347 2014 iniusti
361 1939 529 2015 scientia.

316 2059 423 2152 Quid
440 2059 611 2157 oequitaa.

214 2177 419 2260 AEQurras
439 2175 595 2253 autem⁸⁷
614 2187 673 2254 est
691 2203 822 2254 rerum
840 2176 1104 2253 convenientia
1124 2202 1208 2275 quae
1228 2177 1269 2252 in
1288 2177 1446 2276 paribus
1465 2178 1588 2254 causis
1609 2178 1720 2277 paria
1740 2180 1804 2255 de·

214 2296 356 2373 siderat
373 2297 457 2373 iura
473 2306 513 2375 et
529 2297 657 2373 omnia
672 2298 767 2373 bene
784 2296 1053 2395 coaequiparat.
1072 2297 1131 2371 Et
1148 2296 1287 2373 dicitur
1304 2297 1463 2394 aequitas
1481 2298 1589 2396 quasi
1608 2297 1805 2396 aequalitas

213 2425 253 2492 et
263 2415 429 2492 vertitur
441 2415 481 2490 in
494 2414 619 2505 rebus,
632 2413 700 2491 id³⁸
711 2415 797 2492 est⁸⁹
809 2417 850 2490 in
862 2415 972 2492 dictis
985 2425 1024 2492 et
1039 2416 1152 2492 factis
1165 2415 1373 2491 hominum.
1389 2415 1546 2493 Iustitia
1559 2417 1599 2491 in
1612 2416 1804 2493 mentibus

213 2533 403 2610 iustorum
419 2534 588 2633 quiescit.
608 2536 707 2612 Inde
724 2545 794 2622 est,
811 2535 914 2633 quod
930 2533 990 2611 εἰ*0
1007 2534 1194 2610 velimus⁴²
1212 2535 1316 2633 loqui
1333 2537 1502 2634 proprie,
1521 2536 1689 2612 dicemus
1707 2536 1803 2612 iudi·

213 2654 314 2731 cium
336 2653 515 2753 aequum⁴²
539 2679 618 2730 non
640 2655 795 2744 iustum,
819 2653 886 2731 et⁴³
909 2653 1101 2741 hominem
1124 2655 1269 2730 iustum
1293 2679 1371 2730 non
1395 2680 1557 2753 aequum.
1582 2656 1803 2731 Abutentes

212 2783 343 2852 tamen
360 2774 417 2850 his
435 2772 758 2871 appellationibus
776 2773 934 2850 dicimus
952 2773 1144 2850 hominem
1162 2772 1341 2872 aequum⁴⁴
1360 2783 1399 2850 et
1418 2774 1600 2850 iudicium
1618 2773 1803 2850 iustum.⁴⁶

212 2892 242 2968 f.
257 2891 327 2985 db]
383 2891 535 2968 Differt
559 2916 652 2989 ergo
676 2892 843 2967 multum
868 2890 961 2967 iuris
985 2891 1194 2990 prudentia
1219 2918 1242 2967 a
1267 2891 1423 2968 iustitia.
1452 2893 1555 2968 Iuris
1582 2893 1683 2968 enim
1709 2918 1801 2990 pru·

211 3009 343 3086 dentia
368 3008 553 3107 agnoscit,
578 3017 617 3086 et
641 3008 788 3085 iustitia
811 3008 947 3086 tribuit
972 3007 1136 3107 cuique⁴⁶
1162 3009 1266 3107 quod
1291 3035 1404 3085 suum
1427 3018 1498 3086 est.
1527 3011 1630 3087 Item
1655 3011 1800 3088 iustitia

212 3129 334 3206 virtus
360 3138 429 3216 est,
455 3129 547 3205 iuris
572 3127 781 3228 prudentia
806 3128 963 3205 scientia
988 3138 1057 3204 est.
1087 3130 1191 3204 Item
1216 3129 1361 3206 iustitia
1388 3128 1583 3228 quoddam
1610 3155 1803 3206 summum

212 3246 383 3322 bonum‘⁷
399 3256 468 3336 est,
483 3248 576 3324 iuris
592 3247 800 3347 prudentia
816 3247 995 3324 medium.

312 3369 412 3462 Qaoe
425 3368 518 3444 iuria
532 3378 739 3468 praeopto.

212 3490 329 3564 Iunrs
343 3496 537 3588 praecepta
550 3495 641 3564 sunt
654 3487 730 3564 tria
742 3487 838 3561 haec:
852 3486 1009 3563 honeste
1024 3487 1162 3576 vivere,
1177 3486 1343 3562 alterum
1357 3513 1436 3562 non
1450 3488 1598 3576 laedere,
1615 3488 1673 3565 ius
1688 3513 1801 3565 suum

210 3605 442 3704 unicuique⁴⁸
457 3607 637 3684 tribuere.
656 3605 777 3682 Infini
827 3604 854 3639 ⁴⁹
871 3617 961 3683 sunt
977 3606 1070 3682 iuris
1086 3605 1241 3705 species,
1258 3605 1348 3704 quia
1364 3606 1505 3683 infiniti
1523 3615 1613 3683 sunt
1630 3607 1800 3683 homines

210 3738 249 3806 et
263 3729 422 3805 infinita
436 3737 527 3805 sunt
540 3752 612 3804 res.
628 3726 734 3802 Nam
748 3736 786 3802 et
801 3725 854 3802 εἰσ
867 3724 1058 3802 diceretur
1072 3725 1130 3802 ius
1146 3725 1251 3802 aliud
1266 3727 1459 3824 equinum,
1476 3727 1581 3802 aliud
1597 3726 1799 3815 asininum,

211 3847 316 3924 aliud
334 3847 464 3936 vineae,
486 3846 591 3922 aliud
611 3845 707 3943 agri,
728 3845 832 3921 aliud
853 3844 974 3933 Petri,
996 3845 1101 3924 aliud
1121 3845 1150 3921 J
1153 3844 1323 3920 ohannis.
1346 3845 1424 3921 Est
1446 3854 1576 3921 autem
1596 3845 1654 3922 ius
1675 3845 1800 3944 pubh·

209 3991 298 4043 cum
315 3968 418 4066 quod
435 3966 485 4041 ad
502 3974 647 4042 statum
664 3965 719 4042 rei
736 3965 923 4041 Romame
941 3963 1121 4063 pertinet,
1140 3973 1179 4042 et
1196 3963 1369 4040 consistit
1386 3965 1427 4039 in
1446 3965 1573 4052 sacris,
1592 3964 1660 4040 in⁵⁰
1679 3989 1799 4041 sacer·

210 4085 363 4164 dotibus
381 4084 477 4162 etin
493 4083 795 4182 magistratibus
816 4085 985 4160 Interest
1004 4084 1106 4160 enim
1123 4083 1177 4159 rei
1196 4082 1358 4183 publicar
1376 4093 1421 4160 ut
1440 4082 1606 4160 habeat⁶²
1626 4083 1800 4160 ecclesias

208 4280 235 4316 ⁸⁸
247 4279 349 4357 debet,
363 4281 408 4353 V;
422 4279 547 4354 debent,
560 4280 653 4342 MSS.
669 4300 733 4340 var.
769 4277 795 4312 ⁸⁴
808 4284 845 4355 ai,
860 4279 937 4355 MG,
953 4280 1026 4340 CM.
1064 4277 1089 4311 ⁸⁶
1102 4277 1193 4353 filias,
1209 4278 1278 4350 OA,
1292 4277 1359 4352 LA,
1376 4277 1449 4337 MC.
1487 4274 1513 4310 ⁸⁰
1525 4280 1614 4351 sicut,
1631 4277 1708 4351 MG,
1725 4279 1798 4338 CM.

209 4380 235 4415 ⁸⁷
248 4381 328 4458 Om,
350 4383 387 4455 P,
408 4382 481 4442 CM.
524 4379 590 4415 ’Μ’
601 4387 645 4456 et,
664 4382 741 4456 ΜΒ,
762 4380 840 4454 ΜΟ,
861 4381 934 4441 ΟΜ.
978 4379 1004 4413 ⁴⁰
1019 4381 1056 4455 -Ι-
1069 4383 1106 4455 ai,
1129 4380 1205 4454 MA,
1227 4379 1293 4439 ΟΕ.
1337 4377 1362 4411 ⁴¹
1374 4378 1523 4452 volumus,
1546 4379 1613 4454 ΟΕ,
1636 4381 1710 4452 ΟΜ,
1733 4381 1800 4440 MA

212 4481 326 4562 (corr.)
331 4527 340 4557 ,
362 4483 434 4544 HA.
478 4481 505 4516 ⁴²
516 4502 633 4560 equum
654 4489 695 4555 et,
716 4482 784 4555 OC,
806 4482 884 4557 MG,
906 4483 980 4554 CM,
1003 4483 1067 4542 ΜΒ
1095 4480 1131 4557 (*
1143 4480 1203 4558 et).
1247 4479 1314 4514 ⁴⁸⁴⁴
1326 4481 1405 4556 Om,
1429 4481 1503 4541 ΜΒ.
1548 4479 1614 4515 ⁴⁸⁴⁶
1627 4481 1707 4558 Om,
1730 4482 1797 4543 OB.

208 4581 235 4616 ⁴⁶
247 4582 375 4644 dicimus
388 4583 534 4644 iudicium
546 4602 664 4660 (equum
676 4603 737 4644 non
750 4587 864 4644 iustum
876 4591 907 4644 et
921 4581 1067 4642 iudicium
1080 4585 1205 4658 iustum,
1219 4581 1288 4656 OA,
1302 4581 1368 4658 LA,
1383 4582 1450 4656 ΟΕ,
1466 4582 1545 4655 ΜΟ;
1560 4583 1688 4644 dicimus
1704 4583 1799 4644 homi-

207 4703 277 4744 nem
291 4702 409 4760 (equum
423 4704 485 4744 non
501 4689 614 4746 iustum
629 4691 671 4759 et,
685 4684 732 4757 Y;
748 4683 876 4746 dicimus
892 4682 1037 4744 iudicium
1053 4704 1170 4762 tequam
1185 4703 1247 4743 non
1263 4687 1377 4744 iustum
1393 4693 1425 4745 et
1440 4684 1591 4745 hominem
1607 4689 1721 4746 iustum
1737 4705 1799 4745 non

207 4804 325 4862 (equum
340 4792 381 4859 et,
397 4786 479 4858 MA;
495 4785 623 4846 dicimus
639 4784 784 4845 iudicium
799 4805 862 4845 non
877 4788 990 4845 iustum
1005 4805 1122 4863 aequum
1138 4794 1180 4861 et,
1197 4785 1280 4857 MG;
1298 4785 1426 4847 dicimus
1443 4785 1588 4847 iudicium
1605 4807 1666 4846 non
1685 4791 1798 4847 iustum

208 4886 262 4946 sed
278 4904 396 4962 equum
412 4892 444 4946 et
460 4885 613 4947 hominem
629 4889 741 4947 iustum
758 4887 892 4946 sednon
909 4905 1035 4963 aequum.
1053 4885 1173 4960 differt,
1192 4888 1271 4959 CM;
1289 4887 1424 4949 dicemus
1443 4887 1588 4948 iudicium
1605 4908 1668 4949 non
1684 4893 1798 4949 iustum
1913 4921 1917 4926 ·

211 4985 268 5062 (-Ι-
281 4986 352 5064 sed)
379 5005 497 5063 aquom
520 4993 562 5060 et,
584 4986 656 5059 OC;
679 4985 807 5048 dicimus
830 4987 962 5047 iudicem
985 5007 1102 5065 {equum
1125 4996 1167 5063 et,
1191 4987 1273 5060 Azo;
1298 4987 1425 5050 dicimus
1449 4987 1602 5050 bominem
1625 5009 1742 5067 equum
1766 4997 1798 5050 et

206 5084 353 5146 iudicium
370 5090 495 5161 iustum,
512 5088 550 5160 P,
566 5087 605 5162 V,
622 5087 694 5147 HA.
734 5085 760 5119 ⁴⁰
773 5091 891 5164 cuique,
907 5088 947 5163 V,
964 5088 1005 5162 Y,
1022 5089 1104 5162 Aao;
1122 5093 1296 5167 unicuique,
1315 5091 1350 5164 P,
1370 5091 1449 5163 HA;
1468 5112 1537 5164 om,
1556 5091 1625 5165 OA,
1643 5091 1712 5164 OB,
1731 5092 1798 5166 OC,

208 5185 285 5260 MA,
300 5187 377 5262 ΜΒ,
393 5187 470 5262 ΜΟ,
486 5187 553 5262 ΟΕ,
568 5188 643 5260 CM,
659 5188 725 5264 LA,
742 5177 815 5249 ΜΟ.
853 5181 1003 5249 ⁴'b'onum
1018 5193 1052 5250 in
1067 5193 1142 5265 vita,
1158 5190 1236 5265 MG,
1252 5191 1325 5252 CM.
1363 5189 1390 5224 ⁴⁸
1401 5195 1520 5268 cuique,
1537 5193 1614 5266 MG,
1632 5194 1707 5266 cM,
1724 5194 1796 5254 MC.

206 5283 233 5319 ⁴⁰
245 5285 373 5346 infinita
388 5308 471 5361 vero,
487 5286 526 5361 V,
544 5288 616 5348 cM.
654 5287 681 5322 ³⁰
693 5295 734 5364 et,
751 5288 827 5362 MA,
843 5291 919 5365 ΜΒ,
936 5288 993 5350 ΟΒ
1015 5289 1051 5367 (*
1062 5289 1124 5368 ct).
1164 5289 1190 5324 ⁶¹
1201 5290 1346 5368 habeant,
1362 5293 1430 5369 OA,
1448 5292 1517 5367 OB,
1534 5294 1611 5368 MA,
1628 5295 1704 5369 MB,
1723 5295 1797 5368 MC,

207 5386 273 5462 ΟΕ,
290 5386 357 5462 LA,
372 5387 412 5464 Y,
428 5388 508 5462 HA;
524 5387 647 5464 habeat,
663 5389 729 5463 OC,
746 5391 823 5464 MG,
840 5391 914 5465 CM,
931 5391 966 5451 P.
