4392 6352
860 493 921 554 on
944 493 1218 556 norronraus
1764 501 1839 576 287

351 645 490 722 Coosoe
506 667 625 743 quare
640 643 808 720 inocotoe
824 643 987 738 fuerunt
1004 643 1273 741 stipulationes
1291 654 1330 722 et
1348 643 1611 742 obligationes.

251 765 453 840 Ismara
472 771 602 840 autem
620 772 711 839 sunt
728 762 945 840 huiusmodi
963 762 1230 861 stipulationes
1249 771 1289 839 et
1307 762 1559 860 obligationes
1579 762 1718 839 adhoc
1736 764 1841 861 quod

250 881 511 981 unusquisque
528 881 599 958 sibi
615 881 796 980 adquirat
810 882 914 979 quod
932 907 1001 958 sua
1017 881 1177 958 interest
1194 881 1225 958 si
1242 890 1377 957 contra
1394 907 1441 956 ea
1456 891 1598 979 agatur
1616 906 1700 980 quae
1717 882 1758 958 in
1775 882 1839 959 sti·

250 1000 489 1099 pulationem
504 1000 759 1076 deducuntur.
777 1000 882 1076 Etsi
898 1025 959 1076 res
976 999 1016 1077 in
1032 998 1281 1098 stipulatione
1299 1000 1464 1076 deducta
1482 999 1545 1076 alii
1562 1001 1688 1089 detur,
1707 1000 1839 1076 nihilo·

250 1119 280 1193 f.
297 1117 415 1211 100b]
470 1117 625 1194 minus¹⁹
649 1117 824 1194 intererit
848 1116 1127 1217 stipulatoris,²⁰
1153 1117 1243 1216 quia
1267 1117 1330 1194 ille
1356 1119 1421 1216 qui
1446 1119 1623 1217 promisit
1646 1117 1841 1197 tenebitur

250 1237 301 1312 ad
325 1237 507 1315 interesse
531 1236 593 1312 vel
617 1237 668 1312 ad
692 1260 849 1336 poenam
873 1237 905 1313 si
929 1260 1046 1336 poena
1071 1235 1190 1313 fuerit
1215 1236 1254 1312 in
1281 1235 1529 1334 stipulatione
1556 1237 1732 1314 deducta.
1761 1237 1841 1313 Per

250 1357 483 1455 scripturam
499 1381 590 1431 vero
606 1355 802 1453 obligatur
819 1355 914 1453 quis,
933 1362 978 1430 ut
995 1354 1026 1430 si
1044 1356 1129 1453 quis
1146 1354 1341 1454 scripserit
1358 1381 1397 1432 se
1415 1356 1564 1444 debere,
1582 1356 1660 1433 sive
1678 1356 1841 1455 pecunia

250 1483 455 1551 numerata
479 1473 529 1551 sit
555 1474 633 1550 sive
657 1499 748 1563 non,
774 1473 970 1571 obligatur
995 1498 1044 1549 ex
1070 1474 1273 1572 scriptura,
1300 1497 1369 1549 nec
1395 1472 1549 1550 habebit
1575 1475 1840 1574 exceptionem

250 1593 420 1693 pecuniae
438 1618 516 1668 non
532 1599 743 1669 numeratae
760 1599 895 1668 contra
913 1591 1157 1690 scripturam,
1175 1591 1268 1689 quia
1285 1591 1436 1691 scripsit
1455 1617 1496 1668 se
1515 1592 1663 1668 debere.
1685 1593 1742 1670 Et
1762 1619 1840 1669 non

250 1712 375 1790 solum
391 1711 587 1810 obligatur
603 1710 688 1808 quis
704 1735 775 1808 per
790 1710 918 1798 verba,
933 1710 1003 1785 sed
1021 1709 1341 1809 perscripturum
1358 1720 1397 1788 et
1415 1735 1485 1808 per
1502 1709 1662 1788 litteras.
1683 1712 1777 1787 Non
1795 1721 1840 1788 ut

248 1829 387 1907 litterae
408 1830 562 1928 quidem
583 1829 677 1929 ipse
697 1828 759 1904 rel
781 1828 909 1925 figura
930 1828 1148 1904 litterarum
1170 1828 1326 1926 obliget,
1350 1829 1417 1905 sed
1439 1830 1563 1906 oratio
1586 1829 1842 1927 significativa

250 1974 367 2047 quam
382 1947 605 2047 exprimunt
621 1946 769 2023 litterae.
787 1947 865 2022 Sed
880 1956 1087 2045 utrumque
1103 1956 1333 2045 cooperatur
1349 1948 1399 2023 ad
1416 1946 1700 2044 obligationem,
1716 1948 1840 2024 oratio

250 2067 505 2165 significativa
517 2065 630 2142 simul
642 2089 731 2141 cum
742 2063 884 2142 littera.
899 2063 1153 2141 Contrahitur
1165 2064 1281 2140 etiam
1295 2065 1479 2162 obligatio
1492 2089 1571 2140 non
1585 2065 1708 2142 solum
1722 2065 1839 2165 scrip·

250 2194 291 2261 to
304 2193 343 2262 et
356 2183 480 2262 verbis
493 2184 561 2260 sed
575 2208 772 2272 consensu,
788 2183 885 2260 sicut
900 2183 940 2259 in
954 2183 1212 2260 contractibus
1227 2183 1336 2258 bonae
1350 2181 1452 2272 fidei,
1467 2192 1512 2259 ut
1527 2183 1567 2258 in
1583 2182 1840 2282 emptionibus

249 2301 543 2390 venditionibus,
570 2301 822 2378 locationibus
850 2301 1177 2388 conductionibus,
1207 2299 1450 2377 societatibus
1479 2311 1518 2377 et
1546 2301 1750 2377 mandatis.
1782 2301 1840 2380 Et

250 2422 336 2498 ideo
363 2421 545 2498 dicuntur
570 2419 822 2518 obligationes
849 2419 1066 2496 huiusmodi
1093 2419 1266 2497 contrabi
1295 2445 1343 2494 ex
1371 2443 1569 2507 consensu,
1599 2419 1690 2517 quia
1716 2443 1840 2518 neque

250 2539 443 2639 scriptura
457 2565 580 2636 neque
596 2538 802 2638 presentia
817 2563 968 2636 semper
983 2546 1042 2614 est
1057 2537 1279 2614 necessaria.
1298 2537 1356 2614 Et
1372 2537 1587 2613 notandum
1604 2538 1708 2636 quod
1726 2537 1766 2613 in
1782 2537 1840 2614 bis

249 2656 508 2734 contractibus
523 2657 728 2732 nominatis
741 2665 903 2754 uterque
917 2655 1113 2753 obligatur
1126 2655 1248 2744 alteri,
1263 2655 1329 2732 sed
1344 2655 1384 2730 in
1397 2665 1534 2731 mutuo
1547 2655 1609 2732 vel
1622 2655 1841 2732 litterarum

249 2775 483 2872 obligatione
505 2782 545 2850 et
568 2774 650 2850 aliis
673 2773 850 2849 casibus²²
874 2773 1061 2873 pluribus,
1086 2772 1184 2851 sicut
1207 2773 1247 2848 in
1271 2774 1513 2849 commodato
1537 2783 1576 2850 et
1601 2773 1776 2872 deposito
1801 2782 1840 2849 et

249 2891 333 2970 aliis
346 2891 563 2969 huiusmodi
580 2892 699 2979 [unus
713 2900 869 2968 tantum
882 2891 1077 2989 obligatur
1092 2891 1237 2979 alteri].
1253 2892 1312 2967 Et
1327 2893 1451 2968 sinon
1466 2917 1490 2967 a
1504 2891 1694 2992 principio
1708 2900 1841 2969 tamen

249 3020 385 3110 postea
407 3019 536 3110 potest
559 3019 722 3110 uterque
745 3009 912 3110 incipere
936 3009 1048 3086 alteri
1072 3008 1235 3108 obligari
1258 3010 1319 3086 vel
1344 3009 1493 3086 ratione
1516 3034 1776 3109 expensarum
1799 3018 1838 3086 et

248 3127 476 3205 huiusmodi.

348 3247 414 3325 Dc
432 3244 728 3345 obligationibus
746 3269 832 3345 qooe
849 3247 958 3345 quasi
976 3269 1025 3323 eu
1043 3255 1244 3322 contracto
1262 3254 1484 3323 omcootor.

248 3363 430 3440 Drcruu
444 3363 531 3440 est¹¹
546 3363 595 3441 de
608 3363 905 3462 obligationibus
920 3389 1004 3462 quae
1018 3371 1231 3441 nascuntur
1247 3390 1295 3440 ex
1311 3363 1552 3440 contractu.²⁸
1569 3365 1627 3441 Et
1645 3365 1839 3440 sciendum

249 3482 353 3581 quod
375 3483 484 3580 quasi
507 3509 555 3560 ex
578 3490 778 3560 contractu
802 3491 1014 3559 nascuntur
1037 3482 1216 3571 actiones,
1241 3483 1339 3560 sicut
1362 3482 1607 3581 negotiorum
1629 3492 1839 3581 gestorum,

248 3599 391 3689 tutelae,
406 3601 599 3676 communi
615 3600 837 3689 dividundo,
854 3599 1009 3676 familia
1025 3601 1291 3690 herciscunda,
1309 3601 1408 3678 actio
1425 3627 1474 3678 ex
1490 3611 1732 3688 testamento,
1750 3626 1838 3677 con·

250 3716 394 3794 dictio*
408 3716 607 3805 indebiti,²⁶
623 3727 662 3794 et
677 3717 904 3794 huiusmodi.

349 3836 414 3912 De
432 3836 638 3913 traditione
653 3846 693 3913 et
708 3837 898 3913 iunctura.

249 3954 317 4028 Da
332 3952 566 4030 traditione²⁸
579 3954 649 4029 fiat
663 3963 708 4030 ut
723 3979 841 4052 supra
854 3954 895 4029 in
909 3954 1024 4030 titulo
1038 3955 1087 4030 de
1101 3955 1381 4032 donationibus.
1399 3956 1600 4044 Iuncture,
1616 3965 1661 4032 ut
1677 3956 1708 4034 si
1724 3956 1839 4055 plura

249 4080 365 4171 pacta
388 4072 591 4148 decadem
613 4071 917 4149 rededucantur
940 4073 980 4147 in
1003 4072 1302 4171 stipulationem.
1327 4073 1500 4149 Possunt
1522 4074 1637 4173 plura
1660 4083 1776 4173 pacta
1798 4075 1840 4150 in

250 4189 539 4290 stipulationem
556 4191 693 4267 deduci
710 4189 807 4267 sicut
824 4190 955 4289 plures
973 4217 1045 4279 rea,
1063 4200 1102 4268 et
1120 4192 1151 4268 si
1168 4191 1419 4268 incontinenti
1438 4192 1654 4268 adiciantur
1671 4192 1711 4266 in
1730 4192 1839 4268 initio

249 4316 481 4398 contractus,
501 4309 633 4386 insunt
652 4309 911 4385 contractibus
932 4318 970 4386 et
990 4309 1116 4407 legem
1138 4310 1233 4386 dant
1253 4310 1395 4386 eisdem
1416 4318 1455 4386 et
1476 4317 1696 4386 contractus
1717 4311 1838 4387 infor·

249 4435 369 4503 mant.
392 4426 435 4503 Si
453 4436 585 4503 autem
603 4453 652 4503 ex
671 4427 873 4503 intervallo
893 4451 971 4503 non
991 4427 1083 4504 sic.²⁷
1105 4427 1166 4504 Ut
1186 4427 1245 4504 si⁸⁸
1266 4429 1391 4528 primo
1412 4438 1570 4528 pactum
1591 4427 1839 4506 intervenerit

248 4543 326 4620 ne²⁹
339 4554 501 4644 peteret,
514 4555 552 4622 et
565 4554 702 4645 postea
713 4545 762 4622 de
773 4546 907 4622 eodem
919 4573 961 4622 re
973 4555 1018 4622 ut
1033 4554 1194 4646 peteret,
1209 4547 1378 4646 primum
1392 4555 1551 4646 pactum
1563 4573 1635 4647 per
1647 4548 1838 4646 posterius

249 4662 416 4753 eliditur,
431 4689 510 4739 non
524 4663 679 4762 quidem
693 4664 778 4763 ipso
792 4664 874 4740 iure
890 4665 956 4740 sed
971 4690 1045 4764 ope
1061 4665 1308 4764 exceptionis.

249 4827 376 4905 ²⁹nihil,
396 4829 465 4902 OA,
485 4829 552 4904 LA,
572 4829 641 4906 OC,
662 4829 729 4907 ΟΕ,
750 4830 828 4907 MG,
849 4829 924 4906 ΟΜ,
945 4831 1018 4892 ΜΟ.
1062 4829 1314 4909 ¹⁰stipulatoriae,
1335 4832 1404 4908 OB,
1426 4833 1502 4909 MA,
1525 4834 1606 4905 MB;
1630 4831 1838 4911 stipulatario,

250 4928 322 5004 ΟΕ,
342 4930 550 5008 stipulatorio,
570 4931 642 4992 ΜΟ.
683 4931 709 4966 ²²
721 4936 832 5006 causis,
851 4932 920 5007 OA,
940 4933 1007 5008 OC,
1026 4932 1092 5007 LA,
1114 4933 1190 4994 MG.
1232 4931 1317 4995 ”est
1337 4954 1442 5012 supra,
1463 4935 1502 5009 V,
1523 4934 1590 5010 OC,
1610 4933 1686 4996 MG.
1729 4931 1839 4994 ”con-

248 5037 362 5108 bactu,
380 5051 461 5092 nnnc
478 5037 580 5092 autem
598 5029 760 5093 dicendum
779 5039 827 5093 cst
845 5031 884 5093 de
902 5030 1141 5110 obligationibus
1161 5053 1227 5110 que
1245 5039 1414 5095 nascuntur
1433 5037 1521 5111 quasi
1540 5053 1579 5093 ex
1598 5039 1779 5107 contractu„
1798 5033 1836 5096 V.

251 5130 315 5166 ’ω’
327 5131 489 5193 conductio
504 5130 645 5207 indebiti,
661 5133 744 5206 MG;
760 5133 913 5195 condictio
927 5132 1075 5207 indebita,
1093 5135 1173 5206 MG;
1189 5133 1327 5196 condicio
1344 5133 1483 5210 indebiti,
1499 5135 1569 5207 OB,
1586 5135 1662 5209 MA,
1680 5135 1756 5210 ΜΒ,
1771 5132 1839 5208 OC,

250 5232 323 5296 CM.
363 5230 389 5266 ²⁶
401 5232 568 5294 traditione
585 5241 617 5294 et
633 5237 776 5295 iunctura
793 5232 832 5294 de
849 5233 1027 5309 traditione,
1044 5232 1113 5308 OA,
1132 5235 1198 5311 LA,
1216 5233 1284 5310 OC,
1302 5235 1380 5310 MG,
1398 5235 1473 5309 CM,
1492 5234 1560 5308 OB,
1579 5235 1655 5312 MA,
1675 5236 1751 5310 ΜΒ,
1772 5234 1838 5311 ΟΕ,

250 5334 323 5396 ΜΟ.
359 5333 385 5368 ²⁷
396 5354 458 5396 non
471 5340 523 5410 sit,
537 5336 576 5409 V,
591 5335 659 5411 OA,
673 5336 743 5409 OB,
756 5335 832 5410 MA,
848 5337 924 5413 ΜΒ,
939 5335 1006 5411 ΟΕ,
1021 5337 1095 5411 ΟΜ,
1111 5336 1176 5396 LA.
1214 5333 1241 5368 ¹⁸
1252 5341 1279 5398 si
1294 5339 1337 5410 in,
1352 5337 1421 5412 OB,
1437 5337 1514 5412 MB,
1530 5337 1604 5410 ΟΜ,
1621 5337 1687 5397 MA
1706 5335 1838 5414 (—si);

254 5435 306 5510 (ut
319 5439 346 5496 si
360 5443 432 5514 post
445 5435 573 5511 iactum,
588 5436 675 5512 OA).
714 5433 740 5468 ²⁹
751 5442 872 5512 utnon,
887 5436 956 5509 OB,
972 5437 1048 5511 MA,
1064 5437 1138 5497 ΜΒ.
