4392 6352
858 510 919 572 DE
941 511 1216 576 ACTIONIBUS
1761 526 1836 594 285

247 655 549 754 interrogatione
571 668 610 735 et
633 661 880 759 responsione
901 671 947 738 ut
970 663 1001 738 si
1025 662 1187 753 dicabu,
1204 662 1436 742 Promittis?
1458 664 1666 743 Promitto.
1690 667 1837 745 Dabis?

246 773 374 852 Deba.
389 775 548 853 Facies?
562 778 734 855 Batiam.
750 779 978 856 Bideiabea?
993 781 1216 860 Fidee‘aben
1234 782 1292 859 Et
1308 784 1430 859 omnis
1447 782 1535 860 talis
1552 784 1751 884 stipulatio
1768 797 1837 864 aut

247 892 292 969 fit
311 917 408 990 pure
427 903 496 970 aut
513 895 553 970 in
570 895 672 972 diem
689 905 758 973 aut
777 899 847 974 sub
865 899 1096 976 condicione.
1117 899 1235 989 Pure,
1255 910 1299 978 ut
1319 902 1350 978 si
1370 902 1531 992 dicatur,
1552 903 1702 979 tantam
1721 929 1836 1003 peca-

246 1013 350 1090 niam
365 1014 458 1091 dore
472 1015 660 1113 spondes?
675 1015 755 1091 sine
771 1016 898 1114 aliqua
914 1017 1151 1094 adiectione²⁶
1166 1020 1241 1095 diei
1256 1020 1318 1096 vel
1332 1020 1574 1110 condicionis,
1592 1023 1755 1121 pecunia
1771 1023 1837 1099 illa

247 1130 379 1208 statim
397 1133 478 1231 peti
498 1132 657 1232 poterit·
676 1134 754 1211 Sed
773 1135 804 1212 si
824 1135 903 1212 dies
923 1135 1111 1213 adiciatur
1130 1164 1206 1236 quo
1227 1139 1321 1214 solvi
1341 1139 1489 1227 debeat,
1511 1140 1643 1216 statim
1662 1141 1835 1230 debetur,

247 1252 313 1328 sed
333 1252 414 1350 peti
434 1277 513 1327 non
533 1252 677 1351 poterit
698 1263 788 1330 ante
808 1253 921 1344 diem,
942 1281 1011 1331 nec
1031 1257 1148 1331 etiam
1169 1282 1213 1332 eo
1234 1257 1308 1346 die,
1329 1258 1419 1356 quia
1440 1268 1546 1334 totus
1567 1259 1599 1335 is
1621 1259 1701 1336 dies
1722 1259 1835 1336 relin-

246 1369 379 1469 quitur
391 1369 549 1446 arbitrio
564 1370 755 1460 solventis,
769 1397 840 1447 nec
853 1383 1000 1450 certum
1014 1399 1093 1449 non
1107 1374 1179 1450 erit
1193 1401 1237 1452 eo
1251 1375 1312 1451 die
1326 1377 1496 1452 solutum
1509 1402 1588 1452 non
1603 1403 1694 1467 esse,
1710 1379 1835 1477 prius-

245 1515 362 1589 quam
380 1489 459 1566 dies
478 1488 716 1589 praeterierit.
737 1490 821 1566 Nec
840 1492 973 1568 eodem
991 1493 1106 1568 modo
1125 1502 1227 1569 recte
1245 1502 1354 1593 petet
1373 1494 1469 1593 quis,
1489 1495 1520 1570 si
1539 1497 1624 1594 quis
1644 1496 1714 1571 hoc
1733 1523 1835 1573 anno

244 1609 305 1684 vel
328 1633 458 1685 mense
483 1609 575 1684 dare
600 1608 808 1707 stipulatus
831 1619 901 1699 est,
927 1611 1000 1687 nisi
1025 1611 1200 1688 omnibus
1226 1613 1402 1711 partibus
1428 1614 1631 1713 preteritis
1657 1615 1748 1690 anni
1773 1615 1835 1691 vel

244 1725 394 1803 mensis.
417 1726 571 1804 Eodem
590 1729 705 1804 modo
727 1727 758 1804 si
780 1728 863 1827 quis
884 1728 1076 1806 hominem
1097 1731 1159 1806 vel
1180 1731 1348 1807 fundum
1370 1733 1579 1831 stipulatus
1601 1733 1733 1821 fuerit,
1756 1759 1835 1810 non

244 1853 346 1920 recte
364 1853 472 1944 petet
489 1853 697 1944 antequam
714 1854 869 1923 tantum
886 1847 1056 1947 spatium
1074 1848 1301 1948 praeterierit
1319 1851 1423 1948 quod
1442 1851 1543 1926 tradi
1562 1851 1695 1950 possit.

343 1965 389 2042 Si
405 1965 475 2062 fiat
491 1963 691 2063 stipulatio
708 1964 778 2040 aab
797 1966 1026 2043 conditione.

244 2083 323 2158 Frr
349 2082 548 2182 stipulatio
574 2083 780 2182 aliquando
805 2084 875 2159 sub
901 2084 1132 2175 condicione,
1158 2094 1204 2161 ut
1229 2086 1261 2162 si
1286 2086 1448 2175 dicatur,
1474 2087 1521 2163 Si
1547 2087 1676 2165 Titias
1701 2089 1834 2166 consul

241 2201 371 2296 factas
385 2201 507 2296 faerit
523 2210 674 2278 tantam
689 2203 891 2301 pecaniam
908 2203 1001 2280 dare
1017 2204 1204 2300 spondes?
1221 2204 1278 2281 Et
1295 2205 1510 2281 notandum
1526 2206 1631 2303 quod
1648 2206 1689 2280 in
1704 2206 1832 2282 condi·

243 2321 380 2397 cionali
405 2319 654 2421 stipulatione
678 2329 833 2396 tantum
858 2346 945 2419 spes
971 2307 1196 2420 concipitur,
1222 2331 1262 2398 et
1287 2321 1525 2398 condiciones
1552 2347 1635 2421 quae
1660 2324 1711 2399 ad
1736 2348 1832 2422 prae·

242 2440 401 2516 teritum
424 2440 486 2515 vel
509 2441 560 2516 ad
582 2463 749 2539 praesens
773 2448 927 2537 tempus
951 2439 1188 2528 referuntur,
1213 2449 1282 2517 aut
1307 2440 1439 2517 statim
1463 2441 1663 2518 infirmant
1687 2441 1832 2539 obliga-

244 2559 387 2634 tionem
413 2566 482 2633 aut
505 2557 661 2634 omnino
686 2582 766 2633 non
790 2557 1019 2633 differunt.²⁰
1046 2558 1107 2634 Ut
1133 2559 1164 2634 si
1191 2557 1353 2647 dicatum
1379 2559 1427 2635 Si
1452 2557 1540 2635 talis
1566 2558 1745 2646 vicerit,²⁷
1771 2559 1832 2635 vel

242 2679 374 2756 carnal
396 2678 525 2773 factus
546 2676 680 2772 fuerit,
701 2677 794 2753 dare
816 2677 1003 2775 spondes?
1027 2702 1118 2752 narn
1141 2676 1172 2752 si
1195 2677 1252 2753 ita
1273 2702 1351 2752 non
1375 2677 1506 2766 fuerit,
1530 2677 1624 2754 nihil
1646 2678 1761 2755 valet.
1789 2677 1833 2756 Si

242 2805 372 2873 autem
384 2823 445 2872 res
458 2796 513 2872 ita
526 2822 565 2872 se
578 2793 756 2884 habeant,
769 2795 901 2871 statim
913 2794 1028 2883 valet,
1043 2795 1133 2893 quia
1146 2821 1192 2871 ea
1205 2820 1290 2893 quae
1303 2821 1374 2894 per
1387 2821 1516 2872 rerum
1531 2805 1713 2873 naturam
1726 2806 1832 2873 certa

242 2923 333 2992 sunt
345 2914 477 2991 statim
488 2938 568 2989 non
578 2912 808 2990 morantur²⁸
820 2911 1105 3010 obligationem,
1120 2913 1293 3011 quamvis
1308 2914 1414 3012 apud
1427 2939 1497 2990 nos
1511 2914 1657 2990 incerta
1671 2915 1830 2990 fuerint.

340 3037 524 3113 Bactria
540 3035 829 3135 stipulationem
847 3036 1102 3112 deducantur.

242 3154 384 3230 Facrn
403 3154 547 3232 etiam⁸⁹
568 3155 608 3230 in
629 3153 941 3254 stipulationibus
963 3154 1219 3242 deducuntur,
1241 3162 1286 3229 ut
1307 3154 1338 3230 si
1360 3154 1467 3230 facta
1488 3154 1608 3230 fuerit
1630 3154 1830 3254 stipulatio

241 3275 386 3374 aliquid
400 3274 484 3350 fieri
499 3275 560 3350 vel
575 3298 654 3349 non
668 3273 763 3362 fieri,
781 3299 857 3371 quo
873 3297 963 3348 casu
979 3272 1170 3370 optimum
1185 3271 1259 3348 erit
1275 3297 1430 3371 poenam
1447 3273 1595 3349 adicere
1612 3297 1660 3350 ne
1678 3273 1828 3372 quanti·

240 3404 300 3470 tas
316 3393 575 3493 stipulationis
591 3391 640 3468 sit
654 3392 695 3468 in
709 3393 866 3479 incerta,
882 3391 944 3467 vel
959 3415 1109 3467 necesse
1125 3390 1174 3467 sit
1191 3391 1310 3467 actori
1326 3391 1491 3490 probare
1507 3391 1600 3489 quid
1616 3391 1696 3467 eius
1712 3392 1828 3467 inter-

241 3512 271 3587 f.
286 3513 378 3604 100]
435 3510 495 3586 sit.
514 3510 573 3586 Et
590 3510 658 3586 tali
676 3510 791 3586 modo
808 3509 997 3586 adiciatur
1012 3534 1139 3608 poena,
1157 3509 1216 3584 nt
1233 3511 1266 3586 si
1284 3509 1354 3584 boc
1369 3509 1520 3604 factam
1537 3533 1616 3584 noa
1634 3509 1718 3598 erit,
1737 3520 1830 3586 tanc

238 3629 392 3706 nomine
411 3652 537 3728 poenoe
557 3636 710 3705 tantum
731 3628 824 3704 dare
844 3629 1032 3727 spondes?
1054 3629 1159 3704 Item
1179 3627 1263 3703 loca
1285 3628 1529 3703 deducuntur
1549 3628 1591 3702 in
1613 3627 1828 3727 stipulatio-

240 3774 339 3837 nem,
361 3757 406 3824 ut
429 3748 460 3824 si
482 3747 597 3836 dicas,
618 3747 784 3823 existens
807 3745 997 3833 Exoniae,²
1019 3745 1155 3823 Hodie
1176 3745 1393 3822 Londonioe
1415 3745 1508 3822 dore
1530 3745 1718 3843 aportdea?
1740 3744 1828 3821 talis

239 3866 439 3966 stipulatio
454 3866 528 3943 erit
542 3865 687 3941 inutilis
703 3865 775 3942 nisi
791 3874 945 3963 tempus
961 3863 1149 3940 adiciatur
1166 3889 1242 3962 quo
1258 3864 1343 3939 fieri
1359 3863 1481 3963 possit
1498 3864 1538 3938 id
1554 3864 1657 3962 quod
1676 3864 1827 3939 deduci-

238 3994 305 4061 tur
324 3986 365 4061 in
382 3983 682 4083 stipulationem,
703 3983 793 4082 quia
811 3983 966 4059 omnino
987 3983 1059 4058 erit
1079 3982 1322 4082 impossibile,
1344 4006 1388 4057 ac
1409 3983 1440 4058 si
1460 3981 1545 4081 quis
1565 4007 1648 4058 rem
1668 3982 1828 4081 promit·

239 4110 339 4178 teret
354 4127 439 4201 quae
453 4103 494 4178 in
508 4129 638 4179 rerum
653 4113 794 4178 natura
809 4127 888 4178 non
904 4109 1014 4190 esset,
1030 4101 1091 4177 vel
1107 4126 1187 4178 esse
1203 4126 1282 4176 non
1297 4109 1439 4199 posset,
1456 4099 1517 4176 vel
1535 4101 1566 4176 si
1582 4126 1664 4177 rem
1680 4125 1828 4176 sacram

238 4221 300 4296 vel
320 4221 514 4320 publicam
536 4246 620 4319 quae
640 4229 798 4297 nonest
818 4220 859 4295 in
880 4219 1038 4296 alicuius
1060 4218 1179 4295 bonis.
1205 4219 1358 4310 <Item
1380 4219 1411 4295 si
1433 4220 1481 4294 de
1503 4245 1582 4294 una
1603 4245 1645 4294 re
1668 4219 1827 4294 senserit

240 4339 447 4437 stipulator
465 4348 503 4416 et
522 4340 569 4415 de
588 4339 663 4415 alia
682 4338 902 4438 promissor,
921 4362 1000 4414 non
1019 4337 1133 4425 valet,
1153 4363 1232 4413 non
1250 4336 1374 4434 magis
1394 4336 1523 4436 quam²
1543 4337 1575 4414 si
1596 4337 1645 4412 ad
1666 4337 1827 4413 interro·

238 4454 345 4554 gata³
360 4483 438 4533 non
453 4457 565 4534 esset⁴
580 4482 818 4556 responsum.
836 4457 940 4532 Item
954 4480 1033 4531 non
1047 4455 1152 4532 valet
1167 4456 1198 4532 si
1215 4455 1298 4555 quis
1315 4457 1371 4532 ita
1385 4453 1606 4554 stipuletur⁵
1624 4455 1727 4553 quod
1742 4455 1827 4553 quis

238 4575 482 4652 homicidium
500 4584 699 4675 perpetret
717 4575 777 4651 vel
795 4576 947 4651 furtum
964 4574 1025 4650 vel
1042 4574 1318 4664 huiusmodi>
1342 4574 1446 4650 Item
1464 4574 1496 4650 si
1515 4573 1599 4672 quis
1619 4573 1827 4671 stipulatus

239 4694 359 4770 fuerit
374 4695 440 4792 qui
457 4694 575 4770 alium
591 4695 775 4771 daturum
791 4694 851 4769 vel
870 4694 1068 4770 facturum
1083 4692 1302 4792 promiserit
1319 4718 1436 4791 quam
1453 4717 1541 4768 eum
1558 4691 1624 4791 qui
1642 4693 1683 4767 in
1699 4700 1826 4791 potes·

238 4819 320 4889 tate
333 4811 415 4888 sua'
428 4811 611 4903 extiterit,
623 4813 684 4889 vel
698 4812 729 4890 si
742 4813 826 4910 quis
839 4811 890 4888 ad
903 4838 949 4888 ea
961 4836 1045 4911 quae
1057 4811 1319 4907 interrogatus
1333 4810 1452 4887 fuerit
1466 4834 1545 4886 non
1558 4807 1826 4909 responderit*

238 5027 263 5062 ²⁵
275 5028 464 5105 condicione,
477 5031 545 5104 OB,
559 5030 635 5104 MA,
649 5030 725 5092 ΜΒ.
761 5028 827 5064 ²⁰⁴⁷
837 5029 899 5090 diff
900 5037 990 5090 erunt
1004 5038 1039 5091 ut
1053 5033 1080 5090 si
1093 5028 1167 5090 talis
1182 5032 1304 5104 vixerit,
1320 5030 1389 5104 OB,
1403 5029 1480 5103 ΜΒ,
1496 5029 1570 5088 MA
1607 5025 1634 5060 ²⁸
1644 5029 1826 5101 moriantur,

237 5129 305 5206 OA,
321 5130 399 5206 MG,
414 5133 489 5206 cM,
505 5132 568 5191 Mc
588 5130 682 5208 (corr.
699 5131 888 5209 morantur).
926 5128 952 5164 ²⁹
964 5138 1076 5207 antem,
1092 5131 1131 5204 V,
1147 5131 1223 5205 CM,
1239 5130 1314 5191 MA

319 5229 481 5304 ²Oxoniae,
502 5231 571 5306 OB,
591 5231 658 5306 OC,
679 5233 755 5306 ΜΒ,
776 5231 854 5306 MG,
875 5230 943 5305 ΟΕ,
963 5232 1038 5305 CM,
1060 5231 1126 5307 LA,
1148 5232 1185 5291 Y.
1229 5228 1370 5307 ²·⁴quanr
1390 5235 1417 5291 si
1438 5233 1631 5308 interrogata
1651 5250 1714 5291 non
1735 5236 1825 5304 esset,

237 5330 309 5404 Cll;
325 5352 416 5409 quam
430 5337 623 5412 interrogata
639 5339 731 5409 esset,
747 5333 814 5394 OB.
852 5331 1111 5411 ⁸interrogatum,
1128 5332 1166 5393 V.
1204 5329 1407 5409 'stipulatum
1424 5332 1493 5406 OB,
1511 5331 1587 5407 MA,
1605 5332 1680 5393 ΜΒ.
1719 5328 1825 5406 ⁰Om.,

237 5429 305 5506 OB,
322 5431 398 5509 MA,
415 5431 490 5494 ΜΒ.
528 5431 723 5510 'respondit
741 5433 808 5509 OC,
824 5433 891 5509 ΟΕ,
909 5434 992 5506 MG;
1009 5432 1248 5512 respondiderit,
1265 5434 1334 5509 OB,
1353 5432 1429 5507 MA,
1447 5433 1522 5495 ΜΒ.
