4432 6336
384 507 456 576 118
914 495 1136 558 BRACTON:
1159 496 1220 556 DE
1243 496 1437 558 LEGIBUS

380 649 668 748 imperpetuum
686 673 758 748 per
776 647 1005 748 praedictam
1024 647 1233 725 seruitium.
1254 648 1335 724 Per
1352 647 1423 723 hoc
1444 657 1574 724 autem
1593 647 1697 746 quod
1717 648 1820 736 dicit,
1842 673 1914 748 epo
1934 658 1973 725 et
1998 741 2002 749 ,

381 770 411 845 f.
425 768 521 863 arb]
578 767 734 848 heredes
751 771 837 860 mei,
855 768 1002 867 obligat
1017 796 1058 846 se
1075 778 1115 847 et
1130 770 1287 846 heredes
1304 795 1393 846 suos
1410 768 1461 845 κά
1477 769 1716 857 warentiam,
1734 771 1973 869 propinquos

382 888 448 967 et²²
474 900 652 979 remotos,
679 898 885 990 praesentes
909 900 949 969 et
975 892 1141 980 futuros,
1168 891 1202 968 ei
1228 891 1472 968 succedentes
1498 891 1539 967 in
1564 891 1769 968 infinitum.
1798 893 1878 968 Per
1902 892 1974 968 hoc

382 1022 512 1091 autem
534 1014 639 1112 quod
660 1013 765 1103 dicit,
789 1011 1134 1102 warantizabimus,
1157 1012 1316 1112 suscipit
1340 1013 1381 1089 in
1404 1038 1445 1090 se
1468 1012 1741 1111 obligationem
1766 1013 1816 1089 ad
1840 1014 1972 1091 defen·

382 1135 552 1213 dendum
565 1160 678 1212 suum
690 1142 887 1212 tenentem
900 1136 940 1212 in
953 1134 1190 1234 possessione
1203 1135 1258 1212 rei
1273 1135 1384 1224 datae,
1399 1145 1438 1212 et
1453 1135 1668 1232 assignatos
1682 1160 1771 1212 suos
1786 1145 1826 1212 et
1841 1161 1974 1212 eorum

381 1259 550 1347 heredes,
574 1267 613 1336 et
636 1283 767 1334 omnes
793 1257 886 1333 alios
910 1256 1120 1334 seeundum
1144 1257 1248 1355 quod
1273 1282 1393 1355 supra
1418 1256 1564 1332 dictum
1588 1265 1658 1346 est,
1683 1256 1716 1334 si
1741 1258 1843 1334 forte
1867 1265 1972 1335 tene-

381 1389 556 1456 mentum
574 1380 710 1456 datum
730 1378 778 1454 ab
798 1378 926 1477 aliquo
946 1387 1103 1478 petatur
1123 1378 1163 1452 in
1183 1377 1383 1455 dominico.
1405 1378 1485 1454 Per
1503 1377 1575 1454 hoc
1595 1387 1725 1455 autem
1746 1380 1849 1478 quod
1870 1380 1972 1468 dicit,

382 1499 700 1600 adquietabimus,
724 1499 872 1599 obligat
895 1526 936 1578 se
959 1510 999 1576 et
1021 1499 1178 1576 heredes
1202 1524 1290 1576 suos
1315 1499 1365 1576 ad
1390 1499 1693 1598 adquietandum
1718 1500 1750 1578 si
1775 1501 1859 1600 quis
1884 1501 1973 1600 plus

382 1624 536 1723 petierit
556 1622 711 1712 servitii,
731 1622 792 1698 vel
813 1620 917 1698 aliud
939 1619 1136 1698 servitium
1156 1647 1272 1720 quam
1291 1621 1332 1697 in
1353 1630 1463 1697 carta
1482 1621 1697 1698 donationis
1718 1623 1972 1700 contineatur.

382 1746 462 1820 Per
475 1745 545 1821 hoo
561 1753 691 1820 autem
705 1743 809 1843 quod
823 1742 927 1832 dicit,
943 1744 1208 1840 defendemus,
1222 1742 1369 1842 obligat
1385 1769 1425 1821 se
1441 1752 1480 1820 et
1495 1743 1652 1820 heredes
1669 1767 1757 1820 suos
1774 1746 1824 1821 ad
1840 1744 1973 1820 defen·

382 1866 551 1942 dendum
577 1865 608 1942 si
634 1865 718 1964 quis
743 1865 836 1942 velit
861 1865 1085 1943 servitutem
1109 1866 1307 1965 imponere
1333 1865 1388 1941 rei
1415 1865 1514 1942 datoe
1540 1873 1676 1942 eontra
1703 1865 1871 1942 formam
1897 1891 1974 1943 suae

382 1986 610 2063 donationis.
633 1988 736 2063 Item
757 2012 836 2063 non
856 1986 994 2064 suffieit
1015 1987 1046 2064 si
1067 2012 1149 2064 rem
1170 1987 1277 2063 illam
1297 1984 1358 2063 ei²⁸
1379 1985 1633 2063 warantinat²⁹
1655 1986 1727 2063 nisi
1749 1989 1972 2064 warantiza-

380 2111 479 2187 verit
493 2109 602 2187 eius⁸⁰
616 2107 909 2208 pertinentias,⁸¹
926 2108 1004 2186 sive
1018 2107 1229 2186 consistant
1244 2109 1285 2185 in
1299 2133 1461 2207 corpore
1475 2109 1552 2186 sive
1568 2110 1608 2185 in
1624 2109 1716 2186 iure.
1734 2110 1786 2185 In
1800 2133 1972 2209 corpore,

381 2243 427 2310 ut
444 2235 474 2310 si
493 2233 712 2332 pertineant
730 2229 955 2307 hameletti⁸²
973 2231 1038 2328 qui
1057 2256 1136 2306 non
1153 2229 1272 2307 sunt'⁸
1291 2231 1339 2307 de
1357 2254 1517 2330 corpore
1536 2231 1591 2307 rei
1610 2231 1720 2307 data.
1743 2231 1794 2307 In
1813 2232 1907 2320 iure,
1927 2241 1972 2308 ut

381 2351 440 2429 si⁸⁴
453 2350 672 2452 pertineat'⁸
687 2351 886 2428 advocatio
898 2352 939 2427 in
951 2351 1122 2450 proprio,
1134 2353 1195 2428 vel
1209 2349 1400 2428 servitus⁸⁸
1413 2351 1453 2425 in
1467 2350 1601 2428 aliena.
1618 2353 1722 2428 Item
1733 2352 1877 2451 poterit
1892 2377 1972 2428 esse

381 2473 644 2551 warantizatio
669 2473 781 2570 larga
805 2481 845 2550 et
870 2471 1015 2549 stricta.
1042 2471 1189 2570 Larga,
1215 2482 1260 2549 ut
1286 2471 1317 2549 si
1343 2471 1506 2561 dicatum,
1531 2471 1625 2571 Bpo
1651 2482 1690 2549 et
1716 2471 1874 2549 heredes
1898 2472 1973 2549 mei

381 2594 714 2674 warantizabimus
733 2593 803 2672 tat·
819 2603 858 2670 et
876 2593 1077 2672 heredibus
1094 2593 1184 2671 suis.
1204 2592 1384 2691 Largior,
1403 2602 1449 2671 ut
1467 2594 1499 2670 si
1519 2592 1660 2681 dieat,⁸'
1681 2594 1750 2671 tali
1768 2603 1807 2671 et
1827 2594 1971 2672 heredi·

382 2717 453 2795 bus
476 2716 554 2795 sads
578 2726 619 2796 et
642 2715 847 2816 assipnatis
872 2726 910 2793 et
935 2714 1137 2794 heredibus
1162 2716 1457 2814 assipaatorum.
1487 2716 1590 2792 Item
1615 2715 1842 2814 largissima,
1869 2726 1915 2793 ut
1941 2715 1972 2792 si

380 2841 495 2929 dieat,
515 2839 584 2917 tm·
602 2849 641 2917 et
660 2837 862 2916 heredibus
880 2837 1016 2915 suiset
1037 2836 1241 2936 assipnatis
1261 2847 1299 2914 et
1320 2861 1452 2913 eorum
1473 2836 1687 2925 heredibus,
1708 2846 1747 2914 et
1768 2837 1972 2935 assipnatis

380 2963 664 3060 ussipaatorum
686 2970 725 3038 et
746 2957 948 3038 heredibus
969 2982 1112 3036 eorum.
1135 2959 1194 3036 Et
1216 2958 1268 3034 sie
1289 2966 1445 3036 tenetur
1465 2958 1631 3035 donator
1651 2967 1691 3035 et
1712 2959 1793 3035 eius
1815 2959 1971 3036 heredes

380 3080 584 3158 omnibus⁸⁸
608 3079 860 3158 warantizare
884 3105 955 3179 per
978 3080 1136 3157 modum
1161 3080 1390 3169 donationis,
1415 3080 1447 3158 si
1472 3105 1533 3156 res
1558 3080 1651 3156 data
1675 3079 1725 3156 ad
1749 3089 1809 3158 tot
1834 3105 1971 3157 manus

380 3203 588 3293 devenerit,
614 3201 681 3280 et⁸⁹
706 3201 777 3278 hoo
802 3202 1031 3279 immediate.
1061 3202 1103 3278 Si
1130 3209 1260 3279 autem
1285 3200 1341 3279 ita
1366 3201 1480 3291 dicat,
1508 3201 1578 3279 tali
1602 3190 1641 3280 et
1667 3202 1868 3279 heredibus
1893 3202 1971 3279 suis

380 3323 726 3412 warantizabimus,
747 3324 778 3400 si
799 3322 888 3400 talis
909 3322 1070 3400 ulterius
1092 3322 1240 3400 dederit
1261 3323 1322 3400 vel
1345 3323 1609 3421 assignaverit,
1631 3349 1710 3399 non
1732 3332 1887 3401 tenetur
1908 3323 1972 3399 ille

382 3443 606 3545 principalis
636 3444 822 3522 feoffator
851 3443 992 3521 talibus
1022 3444 1273 3521 warantizare
1302 3444 1532 3533 immediate,
1564 3445 1631 3520 sed
1662 3469 1733 3543 per
1762 3443 1971 3533 medium,⁴⁰

381 3569 521 3648 scilieet
544 3569 648 3668 quod
669 3566 828 3666 quilibet
849 3576 958 3643 vocet
981 3568 1031 3642 ad
1053 3576 1271 3643 warantum
1292 3592 1406 3642 suum
1428 3566 1687 3656 ieoffatorem,
1711 3567 1759 3644 de
1781 3567 1908 3665 gradu
1931 3567 1972 3642 in

381 3690 548 3788 gradum
577 3689 828 3765 ascendendo.
860 3688 963 3764 Item
993 3687 1137 3787 poterit
1167 3713 1248 3764 esse
1276 3688 1464 3764 warantis
1495 3686 1640 3777 stricta,
1671 3698 1715 3766 ut
1747 3689 1778 3765 si
1808 3688 1970 3775 dicatur,

381 3811 451 3888 tali
463 3819 504 3887 et
517 3809 719 3888 heredibus
734 3811 812 3888 siais
827 3833 924 3910 quos
938 3810 986 3887 de
1000 3833 1122 3886 umore
1136 3809 1208 3886 sibi
1223 3809 1457 3909 desponsata
1471 3819 1694 3909 procreatos
1709 3809 1897 3898 habuerit,
1912 3810 1972 3885 hie

380 3958 471 4008 vero
490 3940 689 4008 coartatur
707 3932 970 4009 warantizatio
991 3932 1041 4007 ad
1061 3938 1216 4009 tantum
1236 3931 1392 4008 heredes
1414 3956 1613 4030 expressos
1635 3942 1674 4009 et
1696 3956 1774 4007 non
1794 3933 1845 4008 ad
1866 3931 1970 4008 alios.

382 4057 485 4134 Item
509 4055 687 4143 strictior,
711 4064 756 4131 ut
780 4054 811 4130 si
835 4054 949 4142 dicat,
972 4053 1065 4152 Epo
1089 4063 1128 4130 et
1152 4051 1309 4130 heredes
1334 4053 1409 4130 mei
1431 4052 1764 4131 warantizabimus
1790 4053 1870 4141 tibi,
1894 4080 1971 4152 quo

380 4200 471 4254 casu
497 4176 757 4253 exeluduntur
783 4202 806 4251 a
831 4175 1019 4252 warantis
1044 4174 1200 4251 heredes
1227 4174 1430 4251 donatarii.
1460 4175 1563 4251 Item
1590 4174 1840 4263 strictissima,
1868 4185 1914 4252 ut
1940 4175 1971 4251 si

380 4299 494 4386 dieat,
519 4299 612 4397 Epo
637 4295 895 4374 warantizabo
921 4295 1040 4384 vobis,
1065 4297 1174 4371 nulla
1199 4295 1306 4372 faeta
1331 4297 1524 4373 mentione
1551 4297 1598 4373 de
1623 4297 1825 4374 heredibus
1851 4295 1970 4372 dona·

380 4422 475 4498 toris
499 4420 559 4496 vel
581 4418 784 4495 donatarii.
811 4419 914 4494 Item
937 4419 1111 4515 quamvis
1135 4419 1176 4494 in
1200 4418 1406 4494 donatione
1431 4418 1661 4496 interveniat
1685 4419 1908 4517 homagium
1933 4428 1972 4495 et

380 4541 578 4617 servitium
599 4565 669 4639 per
688 4539 847 4615 modum
868 4539 909 4614 in
931 4539 1137 4615 donatione
1158 4539 1392 4638 appositum,
1416 4539 1589 4616 excusari
1612 4542 1755 4639 poterit
1778 4566 1803 4615 a
1822 4564 1970 4616 waran-

380 4663 436 4740 tia
465 4663 497 4739 si
524 4661 595 4737 hoc
624 4660 764 4737 adiciat
792 4661 833 4735 in
861 4669 970 4735 carta
997 4659 1226 4748 donationis,
1258 4686 1308 4736 ne
1336 4661 1418 4760 ipse
1448 4660 1509 4736 vel
1540 4660 1697 4737 heredes
1726 4661 1785 4738 sui
1814 4669 1971 4737 tenean-

380 4793 448 4861 tur
473 4783 523 4860 ad
548 4782 787 4870 warantiam,
814 4780 905 4880 quia
932 4780 972 4858 in
997 4779 1129 4857 multis
1155 4780 1303 4858 casibus
1330 4782 1449 4858 vincit
1475 4782 1676 4859 conventio
1703 4783 1839 4882 legem.
1870 4783 1971 4860 Cum

382 5005 609 5085 ²'propiaquos
634 5010 777 5082 remotos,
802 5004 870 5078 OB,
895 5004 971 5079 MA,
996 5004 1034 5064 Y.
1081 5002 1199 5077 ²⁸Om.‚
1224 5004 1293 5080 OB,
1318 5005 1395 5078 MA,
1420 5004 1495 5065 MB.
1543 5002 1774 5083 ²⁰varanuaet,
1800 5007 1869 5081 OB,
1896 5007 1971 5081 MA,

382 5107 458 5180 ΜΒ,
488 5107 529 5181 Y,
559 5104 632 5167 CM.
684 5103 750 5140 ⁸⁸⁸⁸⁸
762 5125 830 5166 eum
860 5106 1068 5182 pertinentiis,
1099 5104 1177 5178 MG,
1209 5105 1282 5165 CM.
1336 5103 1576 5180 ⁸’hammelectt
1607 5105 1778 5182 hameleeti,
1810 5107 1973 5184 hameleta,

384 5206 477 5267 MSS.
505 5227 570 5266 var.
617 5204 730 5281 ⁸⁸s1nt,
756 5204 825 5280 OA,
852 5205 918 5279 LA,
945 5205 1021 5279 ΜΟ,
1047 5203 1121 5278 ΟΟ;
1149 5204 1222 5279 fuit,
1250 5206 1328 5282 MG,
1356 5207 1428 5268 CM.
1478 5205 1507 5241 ⁸⁴
1517 5208 1598 5282 Om,
1626 5209 1693 5270 OB.
1744 5208 1770 5243 ⁸⁸
1782 5218 1972 5288 permaneat,

382 5305 427 5379 V;
445 5309 632 5385 pertineant,
650 5306 718 5368 OB.
758 5304 786 5340 ⁸‘
797 5310 942 5382 servitiis,
961 5305 1030 5382 OB,
1048 5308 1125 5382 MA,
1144 5307 1221 5381 ΜΒ,
1241 5307 1308 5382 ΟΕ,
1326 5308 1372 5381 Y;
1392 5313 1528 5385 servitia,
1547 5312 1612 5372 LA.
1654 5309 1824 5390 ”meana
1844 5314 1911 5388 ΟΕ,
1932 5315 1972 5390 Υ,

382 5408 456 5469 ΟΜ.
490 5405 787 5482 ⁸·0m.,MG,cM.
821 5405 940 5482 ⁸⁹Om,
953 5406 1022 5481 OB,
1037 5409 1113 5484 MA,
1125 5408 1202 5482 MB,
1216 5409 1255 5469 Y.
1291 5405 1462 5486 ⁴⁰m0dum,
1476 5411 1545 5486 OB,
1561 5414 1679 5489 MA,Y
1699 5413 1793 5492 (corr.
1808 5415 1971 5496 medium).
