4394 6342
381 519 430 592 70
911 514 1133 576 ueneror:
1156 515 1216 575 nn
1241 515 1432 578 iromus

380 663 507 762 primo
528 665 594 762 qui
616 663 808 761 decepit,‘'
830 663 904 741 ut‘⁸
926 665 977 741 ad
998 664 1125 742 minus
1147 675 1326 743 teneatur
1349 667 1399 743 ad
1421 666 1616 756 interesse,
1639 666 1670 743 si
1693 667 1832 746 habeat
1855 669 1970 744 unde.

383 787 425 861 Si
443 795 573 862 autem
591 785 696 873 nihil,
714 795 807 862 tunc
825 787 1100 864 recurrendum
1118 787 1191 864 erit
1209 787 1258 864 sd
1278 788 1488 864 feoffatum
1506 789 1554 865 de
1573 787 1729 864 consilio
1748 789 1872 877 curia,
1893 815 1973 865 non

381 907 430 982 de
447 908 541 997 iure,
559 918 598 985 et
617 908 669 984 sic
687 906 862 985 incidunt
881 908 921 984 in
939 907 1185 985 donationem
1204 909 1259 984 illi
1278 918 1446 1008 quatuor
1463 919 1684 987 contractus
1703 909 1971 998 irmominati,‘⁹

382 1029 535 1119 scilicet,
546 1029 614 1104 Do
626 1038 671 1105 ut
685 1029 817 1118 facias,
831 1029 951 1106 Facio
964 1039 1008 1107 ut
1022 1031 1100 1119 des,
1115 1030 1235 1106 Facio
1249 1040 1293 1107 ut
1308 1031 1439 1121 facias,
1454 1031 1522 1107 Do
1535 1042 1580 1109 ut
1594 1033 1672 1109 des.
1689 1033 1747 1107 Et
1761 1033 1814 1109 sic
1828 1032 1972 1132 poterit

381 1151 487 1249 sequi
512 1151 670 1228 donatio
694 1176 882 1228 excausa
906 1152 1145 1251 praecedente
1169 1153 1230 1228 vel
1255 1179 1304 1229 ex
1329 1178 1445 1230 causa
1469 1153 1735 1252 subsequente,
1762 1156 1973 1231 secundum

380 1273 583 1372 praedictos
603 1283 835 1362 contractus,
857 1273 952 1349 facit
973 1273 1074 1350 enim
1094 1275 1253 1351 modum
1271 1285 1329 1363 ut,
1349 1277 1382 1351 si
1400 1274 1672 1364 condicionem,
1693 1275 1785 1374 quia
1804 1301 1970 1353 causam.
2080 1281 2083 1286 '

381 1392 468 1470 Et⁵⁰
486 1395 590 1470 unde
607 1417 751 1484 versus,
770 1395 879 1472 Scito
898 1395 1003 1494 quod
1020 1406 1066 1472 ut
1085 1395 1221 1473 modus
1240 1395 1337 1484 est,⁸²
1356 1397 1391 1474 si
1409 1396 1591 1485 condicio,
1610 1397 1701 1496 quia
1720 1421 1845 1474 causa.
1869 1398 1973 1474 Item

381 1516 526 1613 poterit
546 1514 750 1616 pluribus⁸²
770 1516 854 1592 fieri
874 1516 1032 1594 donatio
1051 1543 1122 1616 per
1141 1519 1310 1607 modum,
1333 1517 1446 1595 simul
1468 1527 1507 1596 et
1528 1517 1746 1607 successive,
1768 1528 1814 1596 ut
1835 1518 1867 1595 si
1887 1519 1972 1618 quis

381 1638 513 1736 plures
530 1637 735 1714 habuerit⁶⁸
753 1637 864 1727 filios,
883 1648 922 1715 et
941 1640 994 1715 sic
1013 1639 1148 1716 fecerit
1168 1640 1415 1717 donationem
1434 1640 1692 1739 primogenito
1711 1650 1750 1717 et
1771 1640 1886 1729 dicat,
1904 1640 1973 1716 Do

380 1759 434 1834 Α.
452 1757 533 1856 filio
550 1783 634 1836 meo
651 1759 910 1857 primopeuito
928 1768 1078 1837 tautum
1097 1769 1241 1837 terram
1259 1769 1438 1848 etcetera,
1457 1760 1662 1836 terrendum
1680 1759 1751 1837 sibi
1770 1770 1809 1837 et
1827 1759 1972 1837 heredi·

383 1877 454 1953 bus
472 1877 551 1954 suis
569 1877 617 1955 de
637 1900 797 1976 corpore
816 1903 886 1955 suo
905 1878 1130 1977 procreatis,
1149 1889 1188 1955 et
1207 1879 1240 1955 si
1259 1877 1356 1955 tutes
1375 1878 1532 1956 heredes
1552 1904 1632 1955 uou
1651 1877 1840 1968 habuerit,
1861 1879 1922 1957 vel
1940 1878 1974 1955 si

382 1995 557 2074 habuerit
574 2007 612 2074 et
628 1997 852 2091 defecerint,
869 2007 963 2073 tuuc
978 2006 1122 2075 terrum
1137 1997 1243 2074 ilium
1259 1999 1310 2074 do
1324 1996 1404 2074 B.⁵⁴
1419 1997 1499 2096 filio
1517 2022 1602 2075 meo
1617 2006 1813 2098 postuuto,
1831 2008 1870 2075 et
1886 1997 1973 2075 uolo

381 2116 487 2216 quod
500 2126 605 2193 terra
618 2115 686 2194 illu
698 2117 891 2216 adipsum
904 2118 954 2194 B.
971 2126 1201 2205 revertatur,
1217 2116 1411 2195 teheuda⁶⁵
1426 2117 1498 2195 sibi
1513 2128 1551 2194 et
1567 2116 1769 2194 heredibus
1783 2118 1862 2194 suis
1878 2142 1974 2216 quos

381 2236 430 2314 de
445 2260 605 2335 corpore
620 2261 690 2313 suo
704 2245 927 2335 procreatos
943 2236 1131 2325 habuerit,
1146 2246 1185 2313 et
1200 2237 1234 2313 si
1248 2235 1375 2314 nullos
1391 2235 1487 2312 tutes
1503 2235 1691 2326 habuerit,
1708 2236 1770 2314 vel
1785 2238 1818 2313 si
1833 2236 1972 2314 habue-

381 2355 433 2432 rit
450 2365 489 2432 et
505 2354 729 2450 defecerint,
747 2365 840 2431 tuuc
856 2354 943 2433 volo
960 2365 999 2432 et
1017 2356 1183 2432 cmwedo
1199 2379 1272 2454 pro
1289 2381 1350 2432 rae
1368 2364 1406 2432 et
1424 2355 1624 2433 heredibus
1643 2357 1736 2433 meis
1754 2357 1859 2455 quod
1873 2379 1972 2457 prce·

381 2473 513 2553 dictu⁵⁸
527 2485 634 2553 terro
646 2482 864 2551 revertatur
878 2475 930 2551 ud
943 2475 989 2552 C.
1007 2474 1164 2553 tertium
1178 2473 1303 2572 fitium
1318 2499 1458 2563 meum,
1474 2473 1650 2552 habenda
1665 2485 1703 2552 et
1720 2475 1888 2552 teusudu
1901 2474 1974 2552 sibi

382 2604 421 2672 et
440 2593 642 2672 heredibus
659 2594 738 2671 suis
756 2595 806 2672 de
824 2617 984 2693 corpore
1004 2618 1074 2670 suo
1092 2595 1316 2692 procreatis,
1335 2602 1375 2670 et
1394 2593 1447 2670 sic
1467 2595 1516 2671 de
1535 2594 1722 2693 pluribus.
1743 2595 1802 2671 Bt
1821 2596 1855 2673 si
1873 2618 1972 2695 prce·

381 2714 475 2792 dicti
486 2715 554 2803 A„
566 2714 630 2803 B.,
644 2715 704 2802 C„
717 2712 799 2792 sice
812 2712 954 2791 talibus
967 2710 1169 2790 heredibus
1182 2713 1231 2790 de
1245 2738 1405 2813 corpore
1419 2739 1489 2791 suo
1504 2715 1717 2813 procreatis
1730 2713 1973 2802 decesserint,

382 2843 476 2910 tuuc
493 2833 580 2911 volo
600 2833 705 2933 quod
721 2832 909 2932 predicta
927 2843 1031 2911 terro
1049 2842 1268 2910 reuertatur
1286 2833 1338 2910 ud
1356 2858 1417 2910 rue
1436 2843 1475 2910 et
1495 2834 1547 2910 ud
1565 2833 1660 2910 aiios
1679 2831 1837 2910 heredes
1857 2857 1973 2922 ineos,

382 2954 485 3052 quod
503 2952 657 3051 quidem
674 2953 783 3030 fieret
802 2953 882 3029 sine
901 2953 1145 3051 expressione
1163 2978 1234 3051 per
1249 2953 1410 3028 tacitam
1428 2952 1698 3041 condicionem,
1716 2953 1789 3029 nisi
1807 2954 1973 3030 donator

382 3071 489 3148 aliud
510 3073 599 3149 inde
623 3072 831 3148 ordinaret.
857 3073 961 3148 Item
985 3072 1016 3148 si
1039 3071 1186 3169 largius
1210 3073 1280 3148 fiat
1304 3071 1473 3160 donatio,
1498 3081 1543 3148 ut
1568 3073 1599 3148 si
1625 3073 1787 3161 dicatrrr,
1810 3073 1879 3149 Do
1903 3071 1973 3150 tibi

382 3199 536 3268 tautum
552 3200 666 3267 terres
681 3201 859 3280 etceteru,
875 3189 1120 3267 hubeudum⁵'
1138 3202 1177 3268 et
1193 3189 1429 3267 teuersdura⁵³
1448 3191 1517 3268 tibi
1532 3201 1571 3268 et
1589 3190 1790 3269 heredibus
1806 3191 1895 3280 tuis,
1912 3189 1974 3268 vel

382 3311 444 3388 cui
459 3311 552 3389 dare
570 3310 630 3388 uel
648 3308 872 3407 arripucrd’
888 3311 930 3387 irs
947 3310 1028 3387 vita
1045 3311 1107 3387 vel
1121 3310 1163 3386 iu
1182 3319 1305 3386 morte
1322 3309 1452 3410 lepore
1470 3310 1675 3398 volueris,⁶⁰
1693 3309 1796 3386 valet
1815 3310 1973 3388 donatio

381 3441 545 3532 propter
566 3430 806 3507 voluntatem
827 3440 867 3507 et
889 3455 1116 3507 consensum
1138 3429 1334 3507 donatoris
1358 3430 1532 3528 quamvis
1555 3436 1691 3506 contra
1713 3431 1839 3527 legem
1860 3439 1973 3507 terrae

382 3549 466 3626 fieri
488 3549 676 3639 videatur,
700 3559 739 3626 et
763 3551 865 3626 unde
888 3550 919 3626 si
942 3549 1152 3647 legatarius
1176 3549 1342 3648 primam
1365 3548 1569 3625 habuerit⁶¹
1595 3548 1783 3637 saisinam,
1809 3537 1973 3626 si'heres

381 3679 492 3769 petat
512 3694 583 3767 per
604 3669 772 3757 assisam,
792 3669 1002 3767 legatarius
1022 3678 1158 3745 contra
1179 3669 1336 3745 assisam
1357 3677 1639 3766 competentem
1660 3667 1813 3744 habebit
1836 3692 1972 3768 excep·

381 3789 526 3865 tionem
546 3789 595 3864 de
615 3790 731 3865 modo
752 3789 980 3865 donationis.
1006 3789 1048 3864 Si
1070 3797 1201 3865 autem
1223 3789 1433 3887 legatarius
1455 3795 1568 3863 extra
1591 3786 1767 3864 seisinam
1789 3796 1900 3886 petat
1924 3813 1972 3862 ex

381 3907 496 4001 1219]
551 3931 667 3985 causa
684 3907 975 3985 testamentaria
993 3907 1032 3983 in
1052 3908 1139 3983 foro
1158 3907 1420 3996 ecclesiastico,
1440 3906 1607 3983 obstabit
1627 3908 1661 3983 ei
1679 3908 1786 4005 regia
1805 3906 1972 4005 prohibi·

380 4028 437 4104 tio
458 4027 520 4102 ne¹
545 4027 687 4104 iudices
708 4027 949 4104 ecclesiastici
973 4027 1197 4115 iudicarent,
1222 4026 1325 4126 quis²
1349 4052 1428 4102 non
1451 4024 1650 4102 haberent⁸
1674 4025 1973 4102 iurisdictionem

380 4175 504 4248 neque
518 4149 749 4227 coertionem
763 4152 813 4227 ad
828 4149 1010 4227 iudicium
1025 4175 1138 4226 suum
1152 4149 1430 4247 exequendum.
1449 4149 1491 4225 Si
1508 4157 1637 4224 autem
1653 4148 1693 4222 in
1709 4148 1796 4223 foro
1812 4146 1972 4223 seculari

382 4298 497 4372 agere
508 4271 673 4349 voluerit
687 4273 860 4371 quamvis
873 4272 945 4348 hoc
958 4271 1007 4349 sit
1021 4270 1250 4359 inauditum,
1264 4269 1359 4346 bene
1374 4269 1518 4369 poterit
1533 4294 1603 4367 per
1617 4269 1732 4345 breve
1748 4270 1972 4356 formatum,

381 4418 469 4470 cum
488 4396 609 4492 possit
630 4395 714 4492 quis
734 4393 955 4471 renuntiare
974 4392 1032 4468 his
1052 4418 1136 4492 quae
1155 4418 1228 4491 pro
1249 4418 1289 4469 se
1308 4402 1347 4469 et
1369 4389 1460 4468 suis⁴
1482 4390 1628 4466 fuerint
1649 4391 1869 4468 introducta
1891 4389 1972 4466 sine

381 4512 601 4612 praeiudicio
615 4512 788 4589 aliorum.
805 4514 882 4590 Est
897 4512 1071 4611 quadam
1086 4512 1243 4588 donatio
1258 4512 1413 4588 omnino
1429 4511 1500 4587 sub
1514 4512 1628 4587 modo
1644 4511 1852 4587 secundum
1869 4511 1972 4609 quod

382 4733 408 4768 ⁴⁷
420 4733 547 4812 decipit,
563 4734 639 4808 MA,
655 4734 731 4808 MB,
745 4735 783 4796 Υ.
820 4731 848 4766 ⁴⁸
859 4734 940 4809 Om.,
955 4733 1034 4806 MG,
1049 4734 1122 4795 CM.
1160 4731 1187 4765 ⁴⁰
1198 4736 1358 4808 nominati,
1374 4731 1443 4806 OA,
1459 4731 1528 4804 OB,
1545 4730 1622 4805 MA,
1638 4728 1714 4805 ΜΒ,
1731 4728 1797 4804 ΟΕ,
1814 4729 1881 4803 LA,
1898 4729 1972 4789 MC.

383 4833 501 4911 ⁵⁰Om.,
519 4834 613 4896 MSS.
632 4855 697 4895 var.
738 4833 857 4908 ΜΟΜ,
875 4835 944 4910 OA,
963 4835 1029 4909 LA,
1048 4836 1121 4896 CM.
1162 4831 1188 4867 ⁵²
1199 4833 1341 4912 pluribus
1360 4832 1458 4895 modis
1476 4832 1555 4908 fieri,
1573 4832 1647 4904 CM,
1668 4831 1706 4892 Y.
1746 4829 1908 4904 ⁸³habeat,
1927 4831 1972 4902 V;

381 4934 500 5011 babuit,
516 4936 561 5008 Y;
578 4934 716 5010 haberet,
733 4936 806 4997 CM.
844 4933 963 5011 ⁶⁴Om.,
979 4934 1049 5010 OB,
1065 4935 1141 5009 MA,
1158 4936 1233 4996 ΜΒ.
1272 4933 1484 5010 ¹'‘tenendam,
1502 4935 1576 5007 OA;
1593 4931 1729 5007 tenendi,
1747 4934 1814 4994 OB.
1854 4931 1972 5007 ¹⁵⁸Om.,

383 5036 460 5110 MG,
477 5037 550 5098 CM.
588 5035 655 5070 Μ’
667 5037 747 5110 Om.,
762 5038 831 5112 OA,
848 5036 918 5110 OB,
934 5037 1010 5110 MA,
1028 5039 1104 5112 MB,
1120 5037 1161 5111 Y,
1179 5036 1244 5096 CB.
1283 5034 1310 5069 ⁸⁹
1321 5040 1482 5113 assignare
1498 5035 1641 5108 voluerit,
1659 5035 1726 5097 OB.
1767 5034 1973 5110 ⁶⁰0m.,on,

383 5138 453 5211 OB,
469 5137 536 5213 LA,
554 5138 630 5213 MA,
647 5138 724 5213 ΜΒ,
740 5138 815 5214 ΜΟ,
832 5138 896 5198 HA
902 5159 911 5211 ς
929 5137 1070 5212 voluerit,
1089 5139 1168 5210 CM;
1187 5141 1218 5196 in
1235 5141 1301 5198 vita
1317 5137 1451 5199 volneris
1467 5138 1517 5198 vel
1534 5141 1566 5197 in
1584 5144 1692 5213 morte,
1711 5137 1777 5198 CB.
1816 5135 1843 5169 ⁸²
1855 5135 1973 5210 habuit,

384 5239 478 5299 MSS.
492 5259 557 5300 var.

467 5337 533 5414 ²et,
551 5339 620 5413 OA,
639 5338 711 5413 CE3
728 5341 816 5414 etsi,
833 5339 911 5415 MG,
930 5340 1005 5414 CM,
1023 5339 1090 5416 LA,
1109 5339 1172 5401 HA
1195 5339 1289 5417 (corr.
1309 5347 1341 5401 et
1359 5341 1429 5418 ne),
1448 5341 1512 5403 ΜΟ
1536 5341 1632 5418 (corr.
1651 5341 1720 5419 ne).
1761 5337 1892 5419 ''⁸quod
1911 5359 1973 5401 non

383 5438 521 5516 haberet,
537 5440 615 5514 MG,
629 5441 691 5500 CM
711 5440 770 5518 (-
780 5439 872 5516 non).
898 5439 1047 5514 'habent
1061 5439 1101 5514 V,
1116 5440 1191 5502 MA.
1218 5439 1301 5519 ⁴pro
1316 5445 1390 5518 suis,
1405 5441 1484 5516 MG,
1499 5442 1573 5502 CM.
