4374 6366
758 491 819 552 DE
843 492 1046 554 PLACITIS
1070 493 1259 557 CORONAE
1732 505 1806 574 429

217 640 366 729 domus,
384 665 463 716 non
481 639 581 718 erit⁸⁸
600 641 656 718 ita
674 642 772 719 sicut
791 643 840 718 de
858 669 990 720 uxore.
1012 644 1143 744 Ipsae⁵⁹
1161 671 1253 721 vero
1274 671 1452 724 accusare
1471 648 1681 725 tenentiu⁰⁰
1701 650 1762 726 vel
1784 677 1807 726 a

217 759 371 835 servitio
386 760 572 849 recedere,
589 759 758 860 alioquin
773 761 953 838 videntur
967 763 1192 840 consentire.
1213 764 1255 841 Si
1271 790 1362 840 vero
1378 765 1516 843 mulier
1530 792 1605 866 pro
1620 767 1807 844 maleficio

217 877 337 955 fuerit
353 879 618 967 condemnata,
634 879 817 957 differtur
833 881 1039 979 aliquando
1056 882 1231 958 executio
1245 883 1374 959 iudicii
1390 893 1597 983 postquam
1613 885 1807 962 redditum

217 995 336 1073 fuerit
354 996 548 1085 iudicium,
565 997 597 1073 si
614 1021 820 1096 praegnans
840 998 970 1087 fuerit,
990 1000 1110 1075 donec
1129 999 1293 1099 peperit,
1314 1002 1392 1078 sive
1410 1010 1502 1078 ante
1520 1002 1702 1079 delictum
1719 1029 1806 1102 per-

216 1122 415 1213 petratum
432 1116 650 1214 conceperit
668 1116 746 1192 sive
764 1127 864 1214 post.
884 1117 942 1194 Et
960 1118 1010 1193 ad
1028 1117 1100 1193 hoc
1119 1118 1214 1195 facit
1233 1118 1277 1194 ff.
1298 1121 1347 1196 da
1365 1119 1491 1218 poeoia
1509 1120 1535 1196 l.
1554 1121 1806 1219 praegnantis,

216 1232 246 1308 f.
263 1234 356 1326 152]
410 1231 477 1309 uhi
504 1233 644 1310 dicitur
669 1235 775 1332 quod
799 1235 1037 1333 praegnantis
1064 1235 1233 1313 mulieris
1260 1236 1452 1313 damnatae
1480 1262 1596 1336 poena
1624 1238 1807 1315 diffe1tur

216 1353 343 1449 quoad
359 1351 498 1450 pariat.
516 1353 602 1428 Nec
616 1352 665 1428 de
680 1378 725 1430 ea
741 1353 898 1452 quaestio
914 1354 1102 1431 habeatur
1118 1355 1301 1454 quamdiu
1318 1381 1525 1455 praegnans
1542 1355 1673 1446 fuerit,
1691 1357 1731 1433 id
1748 1365 1806 1434 est

215 1494 294 1545 non
307 1478 545 1568 torqueatur.

313 1589 380 1665 De
395 1588 505 1683 farto
524 1589 729 1684 manifesto
747 1599 787 1666 et
802 1589 1009 1689 probatore
1027 1601 1291 1688 cognoscente.

215 1709 321 1785 CUM
340 1708 448 1784 furto
465 1708 672 1786 manifesto
691 1709 948 1807 deprehensus
967 1709 1061 1786 sine¹
1080 1709 1209 1809 aliqua
1227 1708 1456 1809 probatione
1473 1711 1668 1808 cognoscit
1688 1710 1804 1787 latro-

213 1826 343 1903 cinum
358 1836 398 1903 et
413 1852 452 1904 se
468 1852 548 1904 esse
563 1827 764 1916 latronem,
780 1827 841 1903 vel
857 1829 1052 1925 cognoscit
1068 1827 1313 1904 homicidium
1328 1829 1389 1904 vel
1405 1829 1606 1918 roberiam,
1622 1828 1684 1905 vel
1700 1829 1804 1927 quod

214 1945 329 2021 aliam
348 1945 532 2022 feloniam
551 1945 697 2034 fecerit,
717 1946 778 2022 vel
798 1947 901 2044 quod
920 1947 1120 2044 utlagatus
1141 1947 1271 2034 fuerit,
1292 1947 1353 2022 vel
1373 1947 1528 2044 gaolam
1548 1946 1722 2044 fregerit,
1742 1945 1805 2022 vel

213 2089 378 2160 regnum
393 2063 637 2152 abiuraverit,
653 2063 714 2140 vel
729 2064 821 2162 quid
836 2065 914 2141 tale
931 2065 1066 2141 fecerit
1080 2090 1151 2163 per
1167 2065 1270 2163 quod
1286 2089 1414 2140 secum
1430 2089 1543 2140 suum
1558 2073 1692 2162 portat
1707 2063 1803 2140 iudi-

213 2183 325 2272 cium,
346 2181 490 2281 poterit
509 2182 686 2259 dominus
706 2208 787 2271 rex,
808 2183 839 2258 si
859 2182 1035 2271 voluerit,
1056 2183 1091 2259 ei
1112 2183 1317 2259 concedere
1337 2183 1458 2258 vitam
1479 2191 1517 2258 et
1538 2182 1711 2258 membra
1731 2206 1803 2280 per

213 2300 266 2377 sic
279 2300 383 2399 quod
398 2299 566 2398 patriam
581 2300 764 2377 deliberet
779 2327 803 2376 a
815 2300 1140 2390 malefactoribus,
1155 2326 1227 2400 per
1242 2326 1382 2400 corpus
1397 2301 1458 2377 vel
1473 2325 1544 2399 per
1558 2300 1726 2398 patriam
1741 2300 1803 2376 vel

212 2443 283 2517 per
302 2418 452 2516 fugam,
472 2419 682 2495 secundum
701 2420 804 2517 quod
823 2419 1043 2496 convenerit
1063 2419 1111 2495 de
1131 2443 1291 2494 numero
1312 2427 1351 2495 et
1372 2419 1419 2494 de
1438 2418 1565 2494 modo.
1586 2417 1803 2520 Appellare

212 2537 357 2635 poterit
376 2562 470 2635 quos
488 2535 652 2613 voluerit
670 2537 719 2613 de
738 2537 917 2613 societate
936 2544 975 2613 et
993 2537 1193 2613 latrocinio
1213 2536 1273 2612 vel
1293 2536 1368 2612 alia
1387 2562 1627 2636 quacumque
1646 2537 1801 2628 felonia,

212 2655 306 2731 dum
318 2663 450 2731 tamen
463 2655 495 2731 si
508 2653 558 2732 sit
572 2654 707 2753 aliquis
722 2655 845 2732 fidelis
860 2664 899 2732 et
914 2656 954 2730 in
968 2655 1104 2731 franco
1119 2655 1260 2754 plegio,
1277 2664 1316 2732 et
1330 2655 1529 2731 dominum
1543 2654 1720 2732 habuerit
1735 2655 1802 2753 qui

211 2772 339 2871 ipsum
359 2773 614 2861 advocaverit,
635 2782 675 2848 et
695 2773 788 2848 velit
808 2798 849 2849 se
868 2798 1012 2872 ponere
1032 2797 1149 2871 super
1169 2773 1348 2872 patriam.
1373 2772 1415 2850 Si
1436 2773 1559 2849 fidelis
1581 2773 1802 2871 appellatus

210 2916 283 2990 per
295 2892 463 2990 patriam
477 2891 597 2967 fuerit
610 2891 853 2980 deliberatus,
867 2891 1054 2990 probator
1067 2891 1231 2967 infidelis
1246 2891 1354 2990 quasi
1367 2890 1535 2968 mendax
1551 2899 1591 2967 et
1606 2890 1801 2968 convictus

208 3009 537 3085 condemnabitur.
555 3007 673 3100 <Er
688 3011 754 3108 qui
769 3009 822 3085 sic
835 3009 998 3086 convicti
1013 3007 1117 3086 sunt⁸
1127 3016 1166 3084 et
1176 3032 1304 3084 secum
1313 3033 1426 3083 suum
1435 3014 1596 3106 portant
1605 3007 1798 3095 iudicium,

209 3125 308 3204 sicut
329 3125 620 3204 sententialiter⁴
641 3127 897 3216 condemnati,
919 3126 1070 3203 nullum
1091 3126 1234 3203 habent
1257 3127 1456 3226 appellum
1477 3152 1610 3203 versus
1634 3125 1800 3225 aliquem

209 3243 363 3321 fidelem
379 3269 450 3320 nec
467 3245 672 3334 infidelem,
691 3245 780 3344 quia
798 3245 954 3322 omnino
972 3245 1171 3343 frangitur
1190 3270 1322 3320 eorum
1340 3245 1510 3324 baculus.
1531 3247 1610 3322 Sed
1629 3247 1800 3324 nouerit

209 3363 264 3438 ita
279 3363 327 3439 de
341 3362 560 3462 probatore,
578 3364 669 3462 quia
682 3363 772 3441 licet
786 3363 930 3440 crimen
944 3363 1142 3440 confessus
1159 3362 1290 3452 fuerit,
1307 3371 1438 3440 tamen
1455 3373 1618 3463 propter
1632 3364 1703 3440 hoc
1720 3391 1799 3441 non

208 3491 267 3557 est
283 3481 533 3572 iudicatus>
552 3480 595 3558 Si
611 3491 741 3558 autem
756 3482 797 3557 in
813 3482 981 3557 decenno
997 3507 1075 3558 non
1092 3480 1223 3570 fuerit,
1240 3505 1310 3557 nec
1326 3480 1524 3558 dominum
1539 3481 1715 3559 habuerit
1733 3482 1799 3581 qui

209 3600 370 3676 advocet
390 3624 490 3688 eum,
511 3609 550 3676 et
571 3598 740 3697 patriam
760 3599 1004 3687 recusaverit,
1027 3599 1131 3676 forte
1151 3608 1245 3676 tunc
1266 3624 1354 3675 cum
1376 3600 1506 3675 omnia
1526 3599 1628 3675 bona
1649 3599 1683 3676 ei
1705 3599 1797 3676 defi·

208 3721 311 3798 ciant
329 3729 368 3798 et
386 3747 457 3819 per
474 3720 544 3795 hoc
561 3720 701 3819 parsit
720 3719 959 3819 appellanti,⁵
978 3721 1164 3818 procedat
1182 3721 1364 3797 intereos
1384 3720 1566 3797 duellum.
1586 3721 1645 3797 Et
1664 3720 1798 3797 eodem

207 3843 323 3919 modo
339 3842 370 3919 si
386 3843 436 3918 ad
453 3842 652 3942 appellum
667 3840 884 3941 probatoria
901 3841 1074 3940 posuerit
1090 3839 1144 3918 se‘
1161 3842 1246 3940 quis
1264 3867 1380 3940 super
1396 3841 1565 3940 patriam
1584 3841 1631 3919 de
1648 3841 1798 3918 roberia

209 3975 248 4042 et
264 3964 476 4053 latrocinio,
492 3964 554 4040 vel
570 3964 647 4040 alia
663 3963 807 4040 felonia
824 3964 858 4039 ei
875 3962 1055 4062 imposita
1072 3989 1095 4038 a
1111 3963 1330 4062 probatore,
1349 3972 1388 4040 et
1404 3988 1475 4061 per
1492 3962 1660 4061 patriam
1678 3963 1798 4040 fuerit

207 4087 297 4164 inde
312 4087 412 4164 male
429 4086 609 4174 creditus,
624 4093 718 4162 tunc
733 4110 821 4161 cum
838 4085 888 4162 sit
904 4110 978 4184 par
994 4084 1192 4184 probatori
1210 4085 1395 4184 procedat
1413 4085 1514 4161 inter
1531 4110 1595 4162 eos
1614 4083 1795 4161 duellum.

209 4210 303 4285 Non
317 4209 419 4285 enim
431 4209 547 4285 habet
560 4207 640 4284 felo
653 4207 714 4284 vel
727 4207 829 4284 latro
843 4231 1075 4304 cognoscens
1087 4191 1221 4282 versus
1237 4207 1402 4305 aliquem
1417 4205 1570 4282 fidelem
1584 4230 1716 4283 vocem
1730 4206 1797 4304 qui

207 4331 300 4408 velit
315 4341 353 4407 et
369 4329 491 4430 possit
505 4356 544 4407 se
560 4354 703 4429 ponere
719 4353 836 4427 super
850 4328 1019 4428 patriam
1034 4328 1083 4406 de
1098 4327 1295 4405 fidelitate.
1314 4327 1416 4404 Cum
1432 4337 1562 4404 autem
1577 4327 1663 4425 quis
1678 4327 1795 4404 latro-

207 4453 349 4530 cinium
367 4453 427 4528 vel
446 4451 561 4528 aliam
580 4451 764 4528 feloniam
781 4450 1016 4549 cognoverit,
1035 4458 1074 4526 et
1093 4450 1278 4548 probator
1299 4448 1494 4526 devenerit
1513 4473 1642 4524 coram
1662 4447 1795 4547 aliqui·

207 4575 278 4651 bus
296 4574 361 4673 qui
378 4575 579 4650 recordum
595 4571 799 4650 habuerint
816 4573 863 4649 de
880 4571 1109 4671 cognitione,
1128 4580 1196 4648 aut
1214 4579 1435 4669 perseverat
1451 4571 1493 4646 in
1510 4571 1643 4646 eadem
1661 4569 1796 4646 volun·

206 4705 289 4774 tate
302 4721 431 4772 coram
446 4695 658 4772 iustitiariis
672 4704 741 4772 aut
756 4719 835 4771 non
850 4702 1081 4793 perseverat.
1100 4692 1144 4770 Si
1159 4702 1290 4770 autem
1305 4717 1384 4768 non
1399 4691 1712 4792 perseveraverit,
1729 4692 1796 4766 sed

206 4913 234 4948 ⁸⁸
245 4913 326 4989 Om,
339 4912 408 4988 OB,
422 4913 499 4988 MA,
512 4913 590 4988 ΜΒ,
602 4911 670 4987 CE,
683 4913 757 4973 cM.
791 4909 857 4945 Μ
868 4915 931 4990 ipsi
943 4932 971 4973 v.
986 4932 1014 4970 a.
1028 4917 1183 4984 tenentur,
1197 4910 1237 4984 V,
1252 4910 1333 4982 MA;
1347 4906 1477 4988 ipa(a)e
1490 4930 1519 4970 v.
1534 4930 1562 4969 a
1577 4913 1711 4980 tenetur,
1725 4906 1795 4979 OB,

207 5014 289 5087 MB3
303 5016 373 5092 ipsa
385 5034 415 5074 v.
430 5035 458 5074 a
473 5019 607 5089 nnaur,
620 5013 659 5075 Y.

288 5113 495 5192 ¹quandoque
515 5117 593 5190 sine,
612 5112 651 5186 V,
673 5113 740 5187 LA,
760 5113 835 5187 MC,
856 5112 934 5187 MG,
954 5112 1021 5185 OC,
1041 5113 1071 5173 Y
1095 5111 1264 5189 (quando).
1308 5109 1387 5172 ²sed
1408 5131 1442 5172 re
1462 5131 1535 5171 vera
1556 5109 1715 5188 utlagatus
1737 5129 1794 5169 nec

205 5215 259 5276 ille
276 5219 329 5294 qui
346 5234 475 5293 regnum
492 5212 680 5275 abiuraverit
696 5221 739 5288 et,
756 5213 825 5289 ΟΑ,
844 5213 922 5289 MG,
939 5212 1006 5274 OC.
1045 5211 1084 5246 ⁸⁴
1095 5221 1168 5275 sunt
1185 5219 1314 5291 portant
1331 5211 1393 5274 iud.
1412 5211 1463 5273 vel
1481 5232 1584 5274 secum
1601 5219 1691 5286 sent,
1709 5211 1793 5284 MG;

205 5321 278 5375 sunt
291 5308 422 5376 convicti
436 5321 518 5393 port.
532 5312 605 5375 inde
620 5311 682 5376 iud
699 5317 779 5376 sicut
793 5311 991 5393 generaliter,
1005 5315 1070 5376 OC.
1108 5312 1296 5393 ¹‘appellath
1311 5315 1389 5391 Mo,
1405 5314 1471 5377 OC.
1509 5311 1615 5390 ⁸0m.,
1630 5314 1699 5389 OA,
1716 5313 1794 5390 MG,

206 5417 273 5491 OC,
291 5417 363 5477 MC.
