4432 6340
404 468 480 538 250
938 462 1160 525 BRACTON:
1183 463 1245 524 DE
1266 464 1460 527 LEGIBUS

405 636 507 702 sura,
521 637 592 688 nec
606 611 679 690 erit
693 611 931 689 rationabilis
947 615 1144 713 praestatio
1158 615 1220 692 vel
1235 615 1431 692 auxilium.
1449 616 1527 710 Est
1543 613 1731 715 quaedam⁸
1747 617 1823 695 aha
1838 626 1996 717 proesta·

403 731 459 807 tio
477 755 561 830 quae
576 731 799 808 nominatur
815 731 1014 821 herietum,
1032 743 1071 810 et
1088 759 1172 832 quae
1189 733 1337 811 nullam
1354 734 1682 834 comparationem
1699 735 1814 813 habet
1833 737 1883 814 ad
1902 738 1996 813 rele-

404 849 522 939 vium,
545 849 687 928 soilicet
709 850 776 927 ubi
798 861 932 929 tenens
954 852 1051 928 liber
1074 852 1134 927 vel
1158 877 1289 930 servus
1312 852 1353 930 in
1376 863 1502 930 morte
1525 880 1596 930 sua
1618 854 1775 954 respicit
1798 855 1997 933 dominum

405 995 518 1048 suum
534 970 582 1047 de
597 995 674 1069 quo
689 968 870 1048 tenuerit⁹
887 971 935 1048 de
950 969 1097 1048 meliori
1115 971 1243 1048 averio
1261 996 1342 1061 suo,
1359 973 1421 1048 vel
1437 973 1487 1049 de
1503 973 1669 1050 secundo
1687 973 1844 1063 meliori,
1864 999 1996 1051 seeun-

404 1089 498 1165 dum
515 1087 705 1166 diversam
720 1090 893 1165 locorum
909 1088 1235 1179 consuetudinem,
1253 1115 1338 1189 quae
1355 1089 1510 1190 quidem
1526 1090 1723 1190 praestatio
1741 1093 1864 1191 magis
1883 1094 1929 1170 fit
1948 1094 1997 1170 de

404 1207 532 1306 gratia
547 1233 664 1306 quam
679 1207 726 1284 de
742 1206 835 1296 iure,
851 1218 889 1285 et
904 1234 989 1307 quae
1002 1208 1180 1284 heredem
1196 1234 1274 1284 non
1289 1209 1491 1307 contingit.

503 1450 569 1527 De
582 1450 756 1528 untedio
769 1449 962 1528 heredum.

403 1567 585 1644 Diorum
609 1579 667 1646 est
691 1594 811 1668 supra
833 1569 882 1645 de
905 1568 1107 1646 heredibus
1130 1569 1338 1647 maioribus
1361 1569 1560 1660 institutis,
1584 1579 1624 1648 et
1648 1571 1714 1670 qui
1738 1579 1921 1648 tenentur
1946 1571 1996 1648 ad

403 1684 583 1784 homagia
598 1696 637 1763 et
652 1688 804 1775 relevia,
819 1697 859 1764 et
874 1688 941 1787 qui
956 1689 1006 1765 ad
1022 1688 1259 1765 fidelitatem.
1278 1689 1397 1764 Nunc
1414 1696 1545 1765 autem
1560 1689 1765 1767 dicendum
1780 1700 1839 1768 est
1856 1691 1905 1766 de
1921 1690 1995 1768 illia

404 1807 469 1906 qui
485 1806 650 1884 minores
667 1817 757 1883 sunt
773 1816 813 1883 et
827 1807 933 1883 inira
947 1815 1112 1896 atatem,
1128 1814 1168 1884 et
1184 1833 1279 1906 quos
1294 1816 1451 1906 oportet
1466 1833 1547 1886 esse
1564 1809 1636 1884 sub
1651 1808 1776 1884 tutela
1791 1807 1858 1885 et²⁰
1875 1808 1995 1886 cura¹²

403 1925 567 2002 aliorum
579 1952 624 2002 eo
637 1926 740 2023 quod
753 1952 793 2002 se
805 1924 909 2025 ipsos
921 1925 1083 2024 regere²¹
1096 1951 1175 2002 non
1187 1934 1343 2015 norunt,
1357 1936 1396 2003 et
1409 1951 1574 2024 quorum
1587 1927 1745 2025 quidam
1760 1953 1840 2005 esse
1854 1927 1996 2006 debent

403 2045 474 2121 sub
488 2045 661 2121 custodia
675 2044 918 2120 dominorum
930 2069 1018 2121 cum
1031 2043 1144 2121 terris
1159 2054 1198 2121 et
1210 2044 1439 2122 tenementis
1453 2069 1537 2144 qua
1551 2055 1642 2122 sunt
1657 2046 1705 2122 de
1720 2047 1836 2122 feodo
1850 2072 1995 2135 eorum,

403 2172 442 2239 et
467 2163 624 2262 quidam
650 2163 721 2239 sub
745 2163 921 2240 custodia
946 2174 1153 2263 parentum
1179 2171 1219 2241 et
1245 2163 1511 2263 proximorum
1537 2164 1921 2262 consanguineorum,
1949 2174 1995 2242 ut

403 2283 630 2382 praedictum
651 2290 722 2371 est,
743 2281 811 2359 et²⁸
832 2281 969 2380 quibus
991 2282 1135 2358 dantur
1158 2281 1365 2380 aliquando
1386 2281 1563 2360 custodes
1585 2281 1637 2358 a¹⁴
1658 2283 1742 2359 iure
1763 2284 1812 2360 de
1835 2283 1995 2382 antiquo

404 2401 670 2490 leoffamento,
686 2411 725 2478 et
740 2401 947 2500 aliquando
962 2409 1158 2478 curatores
1175 2400 1224 2477 ab
1239 2401 1392 2478 homine
1406 2402 1472 2477 ubi
1489 2400 1573 2500 quis
1590 2401 1756 2500 aliquem
1772 2402 1995 2479 feoffaverit

403 2519 509 2596 inira
519 2529 672 2597 atatem
683 2518 922 2609 existentem,
935 2544 1023 2595 cum
1036 2520 1118 2618 ipse
1129 2528 1286 2595 curator
1298 2545 1378 2596 esse
1391 2545 1470 2596 non
1483 2520 1604 2620 possit
1617 2520 1790 2596 similiter
1802 2529 1842 2597 et
1854 2529 1994 2598 custos.

405 2637 604 2737 Competit
631 2639 786 2736 quidem
812 2638 1020 2736 aliquando
1046 2636 1200 2714 domino
1227 2637 1383 2738 capitali
1410 2637 1585 2714 custodia
1610 2649 1723 2716 terrae
1750 2664 1835 2738 quae
1860 2647 1920 2716 est
1946 2640 1995 2716 de

404 2759 519 2836 feodo
538 2783 608 2836 suo
624 2784 695 2858 per
712 2784 751 2835 se
769 2767 807 2834 et
824 2782 903 2833 non
919 2757 1093 2833 custodia
1110 2757 1271 2846 heredis,
1289 2781 1359 2833 nec
1376 2756 1624 2856 maritagium
1642 2783 1730 2834 cum
1746 2757 1855 2835 heres
1875 2758 1995 2835 luerit

402 2877 654 2966 maritandus,
669 2887 709 2953 et
722 2877 952 2975 quandoque
966 2876 1152 2974 competit
1167 2873 1349 2953 domino¹⁶
1364 2877 1539 2953 custodia
1554 2875 1765 2975 utriusque.
1783 2877 1888 2953 Item
1904 2886 1995 2953 sunt

402 2995 559 3072 heredes
579 2997 627 3073 de
646 2995 784 3094 quibus
802 3004 954 3071 constat
974 2995 1076 3093 quod
1096 2994 1259 3070 maiores
1280 3003 1382 3083 sunt,
1404 3003 1443 3069 et
1462 2996 1511 3071 de
1532 2995 1668 3093 quibus
1690 2994 1869 3072 constat¹‘
1891 2995 1994 3094 quod

403 3113 580 3203 minores,
594 3123 635 3190 et
648 3115 697 3191 de
711 3112 847 3211 quibus
863 3112 1023 3190 dubium
1038 3113 1110 3190 erit
1125 3123 1259 3190 utrum
1272 3113 1435 3190 maiores
1451 3113 1554 3190 sint¹⁷
1571 3114 1632 3190 vel
1647 3115 1824 3191 minores.
1843 3115 1901 3192 Et
1918 3139 1994 3213 quo

403 3259 506 3324 casu,
524 3259 613 3310 cum
631 3232 844 3310 constiterit
863 3232 966 3330 quod
985 3232 1150 3308 minores
1170 3231 1258 3320 sint,
1278 3232 1350 3308 sub
1368 3233 1542 3309 custodia
1560 3232 1804 3309 dominorum
1823 3257 1994 3309 remane·

404 3352 501 3430 bunt
515 3353 565 3429 de
578 3352 693 3428 feodo
706 3350 862 3427 militari
878 3352 997 3427 donec
1012 3350 1168 3449 plenam
1182 3349 1412 3427 habuerint¹⁸
1427 3360 1592 3439 aetatem,
1608 3351 1669 3427 vel
1683 3351 1847 3427 aliorum
1863 3374 1993 3428 secun·

404 3472 497 3547 dum
517 3469 668 3547 diversa
686 3495 830 3566 genera
846 3477 1166 3546 tenementorum.
1190 3469 1233 3546 Si
1253 3477 1384 3545 autem
1403 3470 1563 3545 dubium
1583 3470 1704 3547 fuerit
1724 3479 1858 3546 utrum
1876 3469 1994 3546 maio·

403 3588 493 3665 res¹⁰
520 3588 666 3666 luerint
693 3588 754 3664 vel
780 3586 986 3676 minores,²⁰
1014 3587 1054 3663 in
1080 3588 1151 3663 hoc
1179 3587 1296 3665 dubio
1323 3587 1364 3664 in
1390 3589 1566 3665 custodia
1592 3588 1846 3688 remanebunt
1873 3589 1995 3665 donec

402 3706 617 3784 constiterit
631 3708 678 3783 de
691 3715 815 3782 aetate.
832 3707 934 3784 Sunt
947 3716 1079 3817 autem
1091 3706 1249 3782 diversae
1257 3707 1389 3782 aetates
1399 3706 1609 3783 secundum
1618 3705 1879 3782 diversitatem
1887 3704 1993 3781 here-

403 3826 497 3901 dum
510 3834 549 3901 et
562 3834 880 3901 tenementorum.
895 3824 960 3901 De
974 3825 1090 3901 feodo
1103 3851 1195 3901 vero
1208 3825 1365 3902 militari
1378 3824 1533 3902 habebit
1547 3824 1655 3902 heres
1670 3824 1827 3924 plenam
1841 3833 1993 3900 aetatem

404 3943 433 4018 f.
449 3942 543 4035 86b]
600 3968 687 4019 cum
699 3942 919 4019 vicesimum
931 3943 1101 4042 primum
1113 3968 1259 4019 annum
1271 3942 1487 4041 impleverit
1501 3952 1540 4019 et
1552 3941 1773 4020 vicesimum
1786 3943 1996 4020 secundum

404 4059 589 4159 attigerit.
612 4061 655 4138 Si
673 4087 765 4138 vero
786 4060 905 4138 luerit
923 4060 1031 4140 heres
1051 4070 1091 4136 et
1110 4061 1212 4138 filius
1232 4061 1466 4150 sokemanni,
1487 4070 1582 4137 tunc
1602 4061 1757 4137 demum
1777 4086 1864 4136 cum
1885 4061 1994 4159 quin-

404 4180 525 4256 decim
549 4205 669 4256 annos
692 4180 952 4280 compleverit.
979 4181 1022 4255 Si
1045 4189 1176 4256 autem
1198 4179 1301 4256 filius
1325 4179 1538 4278 burgensis,
1561 4189 1656 4256 tunc
1679 4187 1833 4255 aetatem
1855 4179 1995 4255 habere

404 4298 643 4398 intellegitur
663 4323 751 4375 cum
773 4299 949 4375 denarios
971 4298 1132 4375 discrete
1154 4298 1305 4376 sciverit
1326 4323 1529 4375 numerare
1553 4307 1591 4374 et
1613 4323 1763 4396 pannos
1786 4297 1933 4386 ulnare,
1956 4305 1995 4374 et

405 4415 479 4491 aha
496 4417 652 4513 negotia
669 4424 833 4516 paterna
850 4415 1014 4493 similia²¹
1033 4440 1219 4493 exercere.
1241 4416 1320 4492 Sed
1338 4416 1390 4494 sie
1407 4441 1486 4492 uon
1504 4415 1715 4493 definitur'²
1732 4425 1880 4492 certum
1898 4424 1994 4491 tem·

404 4559 490 4632 pus,
507 4535 573 4610 sed
589 4560 659 4633 per
675 4558 828 4611 sensum
841 4544 882 4611 et
896 4533 1172 4612 maturitatem.
1190 4534 1355 4611 Femina
1370 4560 1461 4611 vero
1479 4533 1602 4634 plenoe
1618 4532 1789 4633 poterit²³
1807 4559 1888 4610 esse
1905 4541 1993 4608 aeta-

404 4652 454 4729 tis
476 4651 517 4728 in
539 4653 692 4751 socagio
714 4654 817 4729 omni
841 4678 931 4730 casu
953 4679 1042 4730 cum
1066 4654 1188 4752 possit
1210 4665 1249 4732 et
1273 4654 1367 4730 sciat
1391 4653 1522 4729 domui
1546 4679 1623 4730 suae
1647 4653 1860 4751 disponere,
1885 4662 1925 4729 et
1948 4677 1995 4728 ea

404 4770 423 4846 f
424 4792 533 4847 acere
546 4796 631 4870 quae
645 4771 841 4870 pertinent
856 4773 906 4849 ad
919 4771 1208 4870 dispositionem
1223 4783 1262 4850 et
1278 4771 1559 4848 ordinationem
1573 4772 1721 4859 domus,
1737 4780 1783 4847 ut
1799 4771 1894 4847 sciat
1910 4795 1995 4869 quae

402 4988 415 5025 ⁸
426 4990 560 5068 quidem,
572 4991 612 5067 V,
623 4991 692 5068 OA,
705 4993 771 5053 OC.
805 4989 964 5053 ⁹tenuerit
976 4994 1105 5069 respicit
1117 4992 1167 5066 de,
1179 4992 1218 5066 V,
1230 4991 1298 5066 OA,
1311 4993 1377 5053 OC.
1411 4989 1478 5026 ¹¹¹¹¹
1490 4990 1571 5065 Om.,
1584 4991 1652 5066 OA,
1666 4991 1733 5066 LA,
1746 4989 1812 5050 OC.
1836 4987 1863 5022 ¹²
1876 5008 1994 5067 gerere,

405 5093 474 5166 OB,
489 5093 566 5168 MA,
582 5093 657 5154 ΜΒ.
695 5091 721 5126 ²⁸
733 5094 813 5167 Om,
829 5094 898 5168 OB,
915 5094 954 5167 Y,
972 5093 1048 5154 MG.
1087 5090 1175 5169 ²⁴de,
1191 5094 1260 5168 OA,
1276 5094 1353 5170 MA,
1368 5093 1408 5154 Y.
1447 5091 1567 5170 11Ὀιιι.,
1583 5093 1652 5168 OB,
1669 5092 1745 5166 MA,
1762 5093 1837 5153 ΜΒ.
1876 5090 1996 5165 1Ὀιιι,

405 5193 474 5268 OB,
489 5193 565 5267 MA,
579 5193 656 5267 ΜΒ,
670 5192 737 5267 CB,
752 5194 830 5268 MG,
844 5195 883 5255 Y.
920 5193 945 5227 ²⁷
958 5200 1041 5270 sunt,
1055 5195 1094 5270 V,
1108 5195 1186 5270 MG,
1201 5195 1240 5255 Y.
1278 5193 1305 5228 ¹⁸
1316 5193 1461 5270 habeant,
1477 5194 1546 5268 OB,
1561 5195 1638 5270 MA,
1654 5195 1736 5267 MB;
1753 5193 1905 5269 hebuerit,
1921 5194 1995 5254 cM.

404 5290 471 5326 ²⁰⁴⁰
482 5296 615 5354 minores
633 5295 793 5354 extiterint
809 5292 858 5355 vel
874 5298 1016 5370 maiores,
1033 5295 1102 5368 OB,
1121 5295 1197 5370 MA,
1215 5296 1290 5356 MB.
1329 5293 1355 5328 ²¹
1367 5295 1521 5370 similiter,
1539 5296 1617 5370 MG,
1635 5296 1703 5370 OC,
1721 5295 1760 5357 Y.
1801 5293 1827 5329 ²²
1838 5293 1997 5369 diffinitur,

406 5391 500 5452 MSS.
536 5391 562 5425 ²⁸
574 5397 684 5470 possit,
698 5394 772 5469 MC,
787 5394 852 5455 LA.
