4374 6366
376 493 450 562 430
906 486 1130 548 BBAC'I'ON:
1153 485 1214 547 DE
1238 484 1431 548 LEGIBUS

376 661 416 714 se
430 635 636 712 retraxerit
650 633 992 734 quandocumque*
1007 646 1046 712 et
1060 635 1318 712 recordatum⁸
1333 635 1383 713 sit
1397 661 1421 712 a
1433 635 1652 714 vicecomite
1666 635 1719 714 et⁹
1734 639 1967 716 coronatori·

375 753 446 831 bus
459 753 521 830 vel
535 753 618 830 aliis
634 754 699 853 qui
713 754 915 829 recordum
929 753 1083 843 habent,
1100 754 1204 852 quod
1218 777 1348 831 coram
1362 753 1415 831 eia
1430 753 1674 831 latrocinium
1690 757 1882 853 cognovit,
1900 783 1965 833 ex·

374 879 469 948 tunc
487 871 688 948 habebitur
707 870 893 970 probator
911 896 986 970 pro
1004 871 1178 948 convicto
1198 881 1238 949 et
1257 870 1358 971 pro²⁰
1378 872 1633 950 condemnato
1653 883 1818 973 propter
1836 876 1966 974 cogni·

375 989 530 1068 tionem.
552 989 594 1066 Si
612 998 743 1066 autem
760 989 801 1064 in
818 989 953 1066 eodem
969 990 1170 1088 proposito
1188 1014 1317 1066 coram
1337 989 1549 1069 iustitiariis
1568 993 1881 1090 perseveraverit,
1900 993 1966 1069 ubi

376 1133 587 1206 numquam
601 1134 640 1184 se
655 1107 871 1197 retraxerit,
885 1117 979 1184 tunc
992 1132 1122 1184 coram
1136 1107 1216 1185 eis¹²
1232 1107 1370 1185 suam¹²
1385 1108 1432 1186 de
1447 1134 1547 1184 novo
1562 1109 1683 1186 faciat
1696 1111 1966 1209 cognitionem,

377 1236 416 1303 et
436 1225 581 1324 obliget
601 1251 641 1303 se
662 1227 712 1302 ad
732 1225 1035 1303 convincendum
1056 1234 1128 1315 tot,
1150 1235 1245 1324 quot
1267 1225 1533 1326 appellaverit,
1556 1237 1602 1304 ut
1623 1227 1762 1305 habeat
1784 1229 1966 1306 vitamet

374 1341 548 1421 membra
560 1352 606 1419 ut
617 1344 845 1444 praedictum
858 1353 927 1421 est.
944 1343 1061 1434 Quod
1076 1344 1230 1443 quidem
1243 1370 1355 1422 nemo
1369 1345 1403 1421 ei
1417 1347 1623 1422 concedere
1638 1346 1782 1445 poterit
1797 1346 1869 1424 nisi
1884 1347 1966 1446 ipse

375 1489 457 1552 rex,
478 1463 539 1538 vel
561 1463 786 1540 iustitiarius
809 1488 901 1540 suus
922 1463 970 1540 de
992 1463 1146 1562 speciali
1170 1463 1417 1561 permissione
1438 1461 1525 1540 vive
1546 1488 1650 1553 voce,
1673 1463 1735 1541 vel
1757 1489 1828 1564 per
1850 1466 1966 1542 breve

376 1605 489 1657 suum
505 1578 636 1679 quod¹⁸
652 1581 731 1658 tale
748 1577 847 1658 est.¹⁴

475 1699 603 1776 Breve
622 1699 727 1798 qaod
746 1723 815 1775 ree
835 1699 1007 1776 coaccedit
1027 1699 1241 1778 iactitioriie
1259 1707 1493 1798 potestateve
1514 1699 1746 1778 coracedeodi
1766 1699 1967 1799 probatori

476 1816 595 1894 vitam
611 1825 649 1894 et
663 1816 844 1894 membra.

375 1935 472 2012 Rnx
492 1932 764 2022 [iustitiario]²⁸
782 1934 956 2012 salutem.
976 1933 1111 2010 Scias¹'
1129 1935 1233 2033 quod
1249 1935 1492 2012 concedimus
1509 1933 1606 2010 tibist
1625 1943 1859 2035 potestatem
1876 1960 1965 2011 con·

375 2053 534 2130 cedendi
551 2053 621 2129 tali
641 2053 762 2130 vitam
780 2062 820 2130 et
838 2053 1022 2142 membre,
1042 2053 1108 2152 qui
1126 2077 1256 2129 coram
1275 2053 1344 2130 te¹⁸
1363 2052 1550 2153 probator
1569 2053 1734 2142 devenit,
1754 2063 1794 2131 et
1813 2053 1964 2130 latroci-

375 2172 484 2249 nium
502 2172 563 2248 vel
583 2171 699 2248 aliam
718 2172 902 2248 feloniam
921 2172 1114 2269 cognovit,
1134 2197 1206 2271 per
1225 2172 1278 2248 sic
1299 2172 1401 2271 quod
1422 2172 1542 2248 faciat
1563 2171 1746 2261 duellum,
1767 2170 1856 2247 vel²⁹
1876 2195 1965 2246 con·

375 2291 504 2368 vincat
531 2289 700 2389 quinque
728 2290 789 2365 vel
817 2297 877 2366 tot
903 2314 976 2388 per
1002 2313 1143 2388 corpus
1172 2315 1284 2365 suum
1313 2291 1373 2366 vel
1402 2316 1473 2389 per
1501 2290 1681 2389 patriam,
1712 2291 1762 2366 ad
1791 2290 1894 2388 quod
1925 2315 1965 2366 se

374 2407 559 2505 obligavit
576 2431 705 2484 coram
722 2407 802 2496 te,²⁰
819 2415 858 2484 et
875 2408 1086 2484 secundum
1103 2407 1207 2506 quod
1223 2406 1332 2484 nobis
1350 2405 1613 2506 significasti,²²
1632 2405 1721 2484 vel²¹
1739 2433 1826 2484 cum
1844 2407 1965 2506 pluri·

375 2526 405 2601 f.
422 2522 540 2619 152b]
595 2524 667 2602 bus
688 2525 719 2600 si
740 2525 790 2601 ad
811 2524 882 2600 hoc
903 2527 1030 2624 ipsum
1051 2523 1258 2602 inducere²⁸
1281 2524 1444 2625 possis.²⁴
1466 2527 1584 2603 Teste
1605 2534 1783 2603 etcetera.
1807 2527 1866 2602 Et
1889 2550 1967 2624 quo

374 2667 466 2720 casu
488 2643 694 2720 vicecomes
716 2642 926 2720 attachiare
948 2642 1062 2720 debet
1084 2668 1215 2720 omnes
1238 2643 1467 2743 appellatos,
1491 2654 1531 2722 et
1553 2644 1585 2721 si
1607 2645 1649 2720 in
1672 2645 1742 2719 hoc
1764 2644 1965 2743 negligens

375 2761 558 2849 extiterit,
576 2760 647 2837 fiat
664 2761 698 2836 ei
715 2761 829 2838 breve
846 2761 886 2837 in
902 2760 974 2836 hac
992 2761 1129 2838 forma.

477 2877 595 2972 Qvod
611 2877 817 2955 vicecomes
832 2877 1016 2956 attacbiet
1032 2903 1096 2956 eor
1111 2903 1208 2978 quoa
1222 2879 1409 2978 probator
1425 2880 1690 2979 appellaverit.

376 2997 473 3074 Rnx
491 2996 701 3074 vicecomiti
722 2996 896 3073 salutem.
917 2997 1168 3096 Praecipimus
1188 2998 1257 3074 tibi
1279 2999 1383 3097 quod
1404 2999 1435 3075 si
1456 2999 1621 3097 aliquem
1641 2998 1757 3076 babes
1776 2999 1968 3076 latronem

376 3115 624 3215 probatorem
647 3115 687 3191 in
710 3115 852 3193 balliva
873 3115 983 3204 tua‚²⁸
1007 3117 1073 3214 qui
1096 3115 1249 3215 publice
1272 3117 1470 3194 confessus
1495 3117 1615 3194 fuerit
1638 3117 1881 3194 latrocinium
1906 3116 1968 3193 vel

377 3234 493 3312 aliam
511 3235 694 3311 feloniam
713 3258 843 3310 coram
863 3234 1050 3311 serviente
1069 3235 1130 3311 vel
1148 3233 1317 3310 ballivo²⁸
1337 3233 1403 3312 et²⁷
1420 3225 1508 3311 'aliis
1528 3235 1659 3334 probis
1679 3234 1906 3324 hominibus,
1928 3242 1968 3311 et

376 3353 524 3452 aliquos
541 3353 589 3429 de
604 3353 784 3430 societate
801 3352 1054 3451 appellaverit
1072 3353 1119 3429 de
1136 3352 1348 3442 latrocinio,
1365 3352 1555 3442 roberia,²⁸
1573 3362 1698 3430 morte
1714 3353 1888 3442 hominis,
1906 3352 1968 3429 vel

377 3471 453 3547 alia
467 3471 622 3559 felonia,
637 3480 731 3548 tunc
744 3471 848 3569 ipsos
864 3471 944 3548 sine
959 3471 1089 3570 aliqua
1102 3470 1284 3547 dilatione
1300 3471 1501 3548 attachiari
1518 3471 1637 3548 facias
1654 3472 1864 3548 secundum
1879 3496 1968 3545 con·

378 3589 620 3666 suetudinem
634 3589 744 3687 regni
758 3588 892 3678 nostri,
909 3589 959 3665 ad
973 3589 1193 3666 habendum
1208 3615 1271 3666 eos
1287 3615 1417 3665 coram
1433 3589 1541 3666 nobis
1556 3590 1618 3666 vel
1633 3589 1789 3688 capitali
1805 3589 1967 3666 iustitia·

377 3707 435 3784 rio
452 3716 585 3784 nostro
602 3708 652 3783 ad
669 3708 1004 3785 summonitionem
1022 3715 1194 3785 nostram
1212 3709 1272 3783 vel
1290 3708 1410 3807 ipsius
1428 3707 1603 3807 capitalis
1622 3707 1816 3784 iustitiarii
1833 3707 1967 3784 nostri.

378 3827 497 3902 Teste
517 3835 694 3903 etcetera.
718 3825 822 3903 Item
843 3827 949 3902 aliud
971 3827 1172 3903 decadem
1195 3826 1358 3903 materia
1377 3825 1426 3902 de
1449 3826 1636 3925 capiendo
1658 3825 1874 3924 appellatos
1897 3850 1969 3924 per

377 3945 625 4044 probatorem
642 3953 682 4021 et
697 3945 946 4044 producendo
963 3969 1092 4021 coram
1110 3943 1332 4021 iustitiariis.
1686 4012 1688 4016 .

476 4063 543 4140 De
556 4063 742 4161 capiendo
755 4061 973 4162 appellator
983 4087 1056 4162 per
1068 4062 1315 4161 probatorem
1329 4064 1395 4162 qvi
1407 4087 1448 4139 rc
1462 4063 1657 4160 copaoacit
1672 4087 1752 4140 esee
1766 4063 1967 4140 latronem.

378 4181 475 4258 Rnx
498 4181 709 4258 vicecomiti
735 4181 909 4258 salutem.
937 4179 1189 4280 Praecipimus
1215 4181 1285 4256 tibi
1312 4181 1415 4279 quod
1441 4181 1522 4257 sine
1549 4181 1732 4257 dilatione
1757 4181 1887 4280 capias
1913 4181 1967 4256 A.

378 4324 493 4398 quem
506 4301 568 4388 Β.,
583 4301 648 4398 qui
662 4326 702 4376 se
715 4299 911 4398 cognoscit
926 4325 1007 4376 esse
1021 4300 1223 4390 latronem,
1239 4300 1278 4375 in
1294 4299 1400 4375 curia
1413 4306 1546 4375 nostra
1562 4323 1691 4374 coram
1706 4309 1884 4386 etcetera‚
1900 4322 1968 4396 ap·

378 4417 501 4517 pellat
516 4419 563 4494 de
579 4419 759 4494 societate
774 4429 813 4495 et
828 4417 1028 4494 latrocinio
1044 4418 1104 4493 vel
1121 4418 1197 4493 alia
1212 4419 1281 4494 tali
1297 4417 1452 4505 felonia,
1469 4415 1535 4493 et²⁹
1552 4416 1661 4494 illum
1677 4425 1836 4515 captum
1852 4441 1969 4514 quam

378 4535 490 4612 citius
506 4535 652 4635 poteris
668 4537 796 4626 ducas,
811 4535 874 4612 vel
889 4536 1018 4612 venire
1035 4536 1155 4613 facias
1172 4560 1301 4612 coram
1318 4537 1459 4612 eisdem
1475 4534 1686 4612 iustitiariis
1703 4534 1845 4610 nostris
1862 4532 1969 4632 apud

378 4704 595 4786 'quandoque
624 4706 701 4781 MG,
728 4707 794 4770 OC.
844 4705 1038 4781 ⁸recordum,
1065 4706 1105 4782 V,
1133 4705 1209 4767 MG.
1259 4704 1344 4780 ⁹vel,
1371 4705 1411 4779 V,
1438 4706 1484 4778 Y;
1513 4712 1544 4766 et
1572 4726 1601 4780 a,
1629 4702 1704 4764 MA.
1754 4701 1873 4778 ¹⁰Om,
1901 4701 1969 4776 ΟΕ,

379 4808 453 4869 CM.
498 4806 565 4842 ²²²²²
576 4828 621 4883 se,
644 4808 713 4882 OB,
737 4808 813 4882 MA,
839 4807 913 4867 ΜΒ.
960 4805 1026 4841 ²²²²²
1038 4807 1118 4881 Om.,
1143 4808 1221 4884 MG,
1246 4808 1311 4869 OC.
1358 4805 1385 4840 ²³
1397 4809 1577 4879 vicecomiti,
1601 4806 1670 4881 OB,
1697 4805 1772 4880 MA,
1799 4806 1875 4879 ΜΒ,
1901 4803 1969 4877 CE,

380 4908 455 4986 CM,
477 4909 545 4984 LA,
566 4909 607 4984 Y,
629 4908 704 4982 MC,
727 4908 796 4984 OA,
819 4909 886 4985 00,
909 4909 985 4970 MG.
1030 4905 1186 4983 ¹⁸sciatis,
1209 4907 1275 4983 OC,
1299 4907 1377 4982 MG,
1400 4908 1438 4968 V.
1483 4905 1620 4981 ιτνοΜε,
1644 4907 1685 4983 V,
1709 4906 1775 4982 LA,
1799 4906 1878 4983 MG,
1902 4906 1968 4968 OC.

379 5009 406 5044 ²⁸
416 5011 513 5084 vobis,
539 5010 605 5085 OC,
632 5009 709 5085 MG,
734 5010 800 5083 LA,
826 5010 899 5070 MC.
947 5007 1031 5083 ²⁹ut,
1054 5010 1094 5085 V,
1120 5009 1203 5082 MG;
1230 5016 1272 5083 et,
1297 5010 1337 5082 Y,
1363 5011 1430 5071 OC.
1477 5006 1504 5042 ²⁰
1515 5007 1612 5082 vobis,
1638 5007 1678 5081 V,
1704 5008 1770 5083 LA,
1798 5007 1875 5084 MG,
1901 5007 1967 5068 OC.

378 5108 627 5189 ²²significastis,
649 5110 690 5186 V,
711 5110 778 5187 LA,
801 5110 879 5185 MG,
901 5110 966 5172 OC.
1010 5108 1036 5144 ²²
1048 5113 1128 5185 Om,
1151 5110 1228 5187 MG,
1250 5111 1316 5173 00.
1360 5108 1559 5184 ’'deducere,
1582 5108 1649 5186 OC,
1672 5109 1748 5170 MG.
1793 5107 1969 5188 ²⁴poasitia,

379 5211 418 5288 V,
440 5212 507 5286 LA,
528 5212 605 5288 MG,
626 5211 692 5272 00.
736 5210 854 5293 ²⁸0m,
874 5213 943 5286 OA,
964 5212 1034 5287 OB,
1055 5213 1129 5272 ΜΒ.
1173 5210 1199 5244 ²⁸
1211 5210 1345 5285 ballivis,
1367 5212 1434 5288 LA,
1456 5213 1496 5287 Y,
1519 5210 1596 5285 MG,
1619 5211 1686 5285 OC,
1709 5211 1781 5272 MC.
1825 5207 1969 5269 ²⁸⁴'bal-

378 5313 442 5373 livo
462 5313 512 5374 vel
532 5311 656 5374 ballivis
677 5311 738 5389 vel,
758 5311 797 5373 V.
841 5309 867 5346 ²¹¹
879 5311 940 5388 vel,
961 5313 1001 5389 V,
1023 5311 1092 5387 OB,
1115 5312 1191 5387 MA,
1214 5314 1291 5388 ΜΒ,
1314 5312 1387 5374 οΜ.
1432 5311 1459 5346 ²⁸
1470 5311 1592 5374 roberia
1615 5311 1675 5386 vel,
1699 5313 1767 5387 OB,
1792 5313 1872 5385 MA,
1893 5312 1968 5373 ΜΒ.

378 5413 405 5448 ²⁹
417 5415 497 5487 Om.,
512 5415 582 5489 OB,
596 5415 672 5491 MA,
687 5416 762 5474 ΜΒ.
