4392 6352
859 481 920 542 na
942 481 1217 544 aenomaus
1763 490 1838 560 293

248 631 385 720 oleum.
405 631 495 720 Quo
511 656 603 708 casu
620 632 652 708 si
668 631 885 709 huiusmodi
902 659 961 710 res
979 642 1176 732 petantur,
1195 631 1334 710 sufficit
1352 634 1383 710 si
1400 633 1662 732 implacitatus
1679 643 1838 711 tantim-

249 749 337 826 dem
356 749 534 826 restituat
553 750 657 848 quod
676 751 725 828 sit
743 750 912 827 eiusdem
931 751 1124 850 ponderis,
1143 749 1332 840 numeri,²⁶
1352 751 1503 849 generis
1522 761 1562 828 et
1580 777 1778 840 mensurae,
1799 761 1838 828 et

247 869 351 946 unde
371 869 461 968 quia
481 868 635 968 praecise
654 894 733 944 non
753 869 996 968 compellitur
1016 872 1066 946 ad
1086 896 1168 946 rem
1189 895 1272 969 quae
1293 870 1452 969 petitur,
1473 869 1547 946 erit
1569 869 1668 945 actio
1690 871 1730 944 in
1751 895 1838 969 per·

248 1012 381 1065 sonam
399 1012 487 1064 cum
504 988 765 1087 implacitatus
783 1013 853 1088 per
872 988 1100 1065 solutionem
1118 987 1349 1065 tantundem
1368 987 1491 1088 possit
1509 988 1673 1065 liberari.

349 1111 449 1206 Qaoe
463 1111 513 1189 ait
529 1112 628 1188 actio
644 1110 777 1189 mista.

247 1232 359 1310 Esr²⁶
371 1234 516 1312 etiam²'
529 1234 629 1310 actio
640 1236 764 1313 mixta
775 1244 858 1312 tam
870 1236 911 1312 in
922 1261 1004 1312 rem
1018 1261 1134 1334 quam
1147 1236 1187 1310 in
1200 1261 1415 1334 personam.
1431 1235 1490 1312 Et
1503 1235 1589 1311 ideo
1603 1245 1693 1312 sunt
1708 1235 1838 1311 mixtae

247 1352 337 1451 quia
352 1354 515 1429 mixtam
529 1353 671 1431 habent
686 1379 842 1431 causam
858 1353 909 1430 ad
923 1361 1142 1453 utrumque,
1159 1355 1256 1431 sicut
1273 1363 1332 1431 est
1348 1354 1482 1430 divisio
1498 1353 1720 1430 hereditatis
1737 1354 1839 1430 inter

246 1470 448 1547 coheredes
463 1471 670 1570 participes
686 1473 747 1548 vel
763 1472 812 1548 de
827 1471 1041 1571 proparte²⁸
1057 1497 1231 1548 sororum
1246 1473 1307 1548 vel
1324 1472 1398 1547 alio
1414 1473 1529 1548 modo
1546 1472 1595 1548 de
1610 1471 1837 1571 proparte,²’

247 1591 457 1666 secundum
472 1590 575 1688 quod
592 1615 651 1665 res
668 1589 787 1667 fuerit
804 1589 1010 1666 dividenda
1025 1589 1173 1666 ratione
1191 1616 1444 1689 personarum
1461 1589 1522 1667 vel
1539 1591 1687 1667 ratione
1704 1591 1759 1666 rei
1775 1590 1837 1666 vel

246 1707 457 1805 utriusque.
476 1709 534 1782 Et
550 1707 684 1784 eodem
699 1710 815 1784 modo
831 1709 862 1785 si
878 1734 937 1785 res
955 1707 1160 1784 dividenda
1177 1708 1297 1784 fuerit
1313 1709 1413 1784 inter
1431 1708 1573 1785 vicinos
1591 1733 1669 1784 non
1686 1708 1836 1784 cohere-

247 1826 325 1914 des,
343 1827 404 1900 vel
422 1826 454 1902 si
472 1824 733 1924 distinguendi
751 1825 868 1902 sunt⁸⁰
888 1827 983 1903 fines
1002 1852 1185 1923 agrorum
1203 1827 1304 1903 inter
1321 1826 1463 1902 vicinos
1483 1835 1522 1903 et
1541 1826 1718 1903 baronias
1738 1825 1836 1925 per⁸²

246 1943 490 2022 rationabiles
510 1944 649 2021 divisas
667 1944 729 2020 vel
748 1943 847 2044 per³²
865 1943 1204 2020 ambulationem.⁸⁸
1226 1946 1277 2021 In
1296 1943 1433 2043 quibus
1452 1945 1601 2022 casibus
1620 1945 1836 2021 huiusmodi

247 2064 413 2141 actiones
431 2065 612 2140 videntur
630 2089 710 2140 esse
729 2063 859 2139 mixtae
877 2072 959 2139 tam
978 2064 1018 2138 in
1036 2089 1118 2138 rem
1137 2088 1253 2160 quam
1272 2063 1312 2137 in
1332 2089 1548 2162 personam,
1568 2088 1656 2138 cum
1677 2063 1836 2161 quilibet

246 2210 379 2260 eorum
395 2184 444 2259 sit
461 2193 569 2261 actor
584 2193 623 2260 et
639 2209 738 2261 reus.
755 2185 882 2260 Actor
897 2192 1029 2259 tamen
1045 2183 1119 2259 dici
1136 2184 1280 2282 poterit
1297 2183 1360 2260 ille
1378 2184 1443 2282 qui
1461 2184 1569 2283 prius
1587 2185 1636 2260 ad
1654 2184 1836 2260 iudicium

245 2305 522 2406 provocaverit.
537 2306 595 2379 Et
608 2306 665 2381 ita
676 2312 909 2402 comparata
923 2314 1014 2381 sunt
1029 2306 1204 2402 quaedam
1218 2304 1384 2380 actiones
1400 2303 1482 2380 sola
1495 2305 1623 2402 gratia
1638 2305 1692 2380 rei
1707 2329 1835 2403 perse-

245 2426 416 2525 quendae,
440 2425 530 2502 vel⁸⁴
553 2425 635 2501 sola
656 2424 785 2523 gratia
808 2449 931 2524 poenae
955 2423 1266 2524 persequendae,⁸⁶
1292 2434 1330 2501 et
1355 2426 1408 2502 sic
1434 2434 1525 2501 sunt
1548 2424 1750 2523 simplices,
1774 2424 1836 2500 vel

245 2548 374 2645 gratia
391 2546 602 2643 utriusque,
621 2555 659 2622 et
678 2545 730 2621 sic
747 2544 866 2621 sunt⁸⁸
884 2544 1067 2643 duplices,
1086 2546 1147 2621 vel
1163 2554 1246 2621 tam
1264 2546 1305 2620 in
1322 2571 1404 2620 rem
1423 2571 1540 2643 quam
1558 2546 1599 2621 in
1618 2571 1835 2644 personam,

246 2676 284 2743 et
303 2667 354 2743 sic
373 2665 490 2743 sunt⁸⁷
507 2666 649 2753 mixtae,
668 2666 708 2741 in
727 2690 809 2741 rem
825 2665 975 2741 ratione
993 2665 1048 2741 rei
1066 2665 1301 2764 principalis,
1319 2665 1360 2741 in
1378 2690 1583 2764 personam
1602 2665 1730 2763 gratia
1749 2692 1835 2765 per-

246 2787 435 2862 sonalium
464 2786 766 2885 praestationum.
800 2787 953 2877 <Item
982 2786 1105 2861 mixta
1135 2810 1216 2862 esse
1246 2785 1391 2884 poterit
1419 2793 1458 2862 et
1487 2785 1651 2862 mixtam
1682 2811 1836 2862 causam

246 2907 385 2983 habere
406 2909 615 2983 seeundum
635 2906 737 3004 quod
759 2906 878 2983 fuerit
897 2907 952 2983 rei
972 2907 1232 3005 persecutoria
1252 2916 1292 2983 et
1311 2905 1485 3005 poenalis,
1506 2917 1545 2982 et
1566 2906 1623 2983 ita
1643 2907 1715 2983 erit
1736 2931 1835 3005 quae·

245 3027 339 3104 libet
353 3027 452 3103 actio
465 3027 506 3103 in
519 3052 612 3103 rem.
628 3027 883 3125 Persequitur
896 3026 997 3103 enim
1013 3052 1094 3103 rem
1110 3027 1234 3126 ipsam
1250 3036 1289 3103 et
1304 3052 1460 3126 poenam
1476 3036 1639 3127 propter
1654 3027 1836 3103 iniustam

247 3148 516 3225 detentionem.
534 3147 593 3221 Et
609 3149 743 3224 eodem
758 3147 872 3223 modo
889 3147 936 3224 de
953 3147 1102 3224 actione
1118 3147 1158 3222 in
1176 3173 1256 3224 rem
1273 3156 1313 3224 et
1328 3148 1368 3222 in
1385 3173 1602 3246 personam,
1621 3156 1659 3223 et
1676 3148 1732 3224 ita
1748 3172 1836 3247 pos·

248 3278 339 3344 sunt
362 3294 442 3344 esse
466 3269 596 3344 mixta
620 3276 659 3344 et
682 3267 844 3344 mixtam
867 3267 1006 3344 habere
1030 3292 1185 3343 causam
1210 3268 1386 3365 quaelibet
1411 3267 1616 3344 criminalis
1642 3278 1681 3344 et
1706 3268 1836 3356 civilis,

247 3389 326 3465 sive
342 3387 490 3464 oriatur
505 3413 554 3464 ex
569 3388 756 3465 maleficio
771 3387 833 3463 vel
849 3387 1017 3486 quasi>
1039 3388 1141 3465 Sunt
1158 3389 1333 3485 quaedam
1350 3413 1433 3487 quae
1450 3387 1658 3488 aliquando
1676 3389 1837 3465 fuerunt

246 3517 504 3607 perpetuaret
525 3510 666 3584 durare
687 3507 811 3585 solent
832 3509 912 3585 sine
932 3509 1118 3607 temporis
1139 3507 1434 3607 praefinitione.⁸⁸
1455 3508 1589 3585 Hodie
1612 3507 1731 3584 vero⁸⁹
1754 3509 1837 3584 iere

246 3653 377 3705 omnes
402 3629 508 3704 infra
531 3637 636 3705 certa
658 3639 837 3727 tempora
860 3628 1078 3705 limitantur
1102 3653 1174 3728 pro
1199 3629 1355 3705 defectu
1381 3630 1665 3728 probationum,
1692 3629 1758 3706 et⁴⁰
1784 3631 1837 3706 sic

246 3747 364 3824 sunt⁴²
381 3749 624 3847 temporales,
642 3749 852 3826 secundum
867 3750 1108 3848 quarumdem
1124 3750 1318 3826 actionum
1336 3749 1586 3827 diversitates.
1606 3751 1706 3827 Fere
1725 3749 1837 3827 dioo⁴²

247 3869 385 3962 f.1oa]
441 3877 604 3967 propter
620 3895 681 3946 res
700 3895 783 3967 quae
802 3869 850 3945 de
867 3868 949 3946 iure
967 3869 1142 3967 gentium
1161 3868 1384 3968 pertinent⁴⁸
1405 3869 1455 3946 ad
1473 3895 1653 3946 coronam
1674 3878 1836 3970 propter

245 3989 490 4089 privilegium
518 3990 619 4087 regis
647 3991 745 4066 sicut
773 3991 820 4066 de
847 3991 960 4066 rebus
989 4015 1073 4088 quae
1099 3990 1140 4065 in
1167 3990 1309 4066 nullius
1338 3990 1446 4066 bonis
1476 3999 1567 4066 sunt
1594 4015 1665 4066 nec
1693 3989 1836 4065 habent

246 4109 455 4186 dominum.
487 4111 590 4187 Item
619 4112 667 4186 de
694 4111 807 4187 rebus
836 4118 875 4186 et
903 4109 1159 4186 libertatibus¹
1188 4136 1272 4208 quae
1301 4111 1498 4209 pertinent
1527 4110 1577 4185 ad
1607 4108 1836 4208 dignitatem

247 4230 404 4307 domini²
423 4229 524 4328 regis
542 4241 581 4308 et
599 4256 791 4320 coronam,
810 4230 862 4308 et³
881 4232 922 4307 in
940 4231 1078 4330 quibus
1096 4231 1244 4308 casibus
1264 4231 1414 4307 nullum
1432 4242 1586 4329 tempus
1606 4231 1727 4306 currit
1747 4255 1834 4306 con-

244 4361 308 4427 tra
325 4352 453 4449 ipsum
470 4351 501 4427 si
519 4360 629 4450 petat
646 4377 733 4428 cum
751 4352 915 4451 probare
932 4378 1011 4428 non
1028 4351 1167 4429 habeat
1185 4377 1347 4441 necesse,
1366 4361 1405 4428 et
1424 4352 1505 4428 sine
1523 4352 1751 4450 probatione
1769 4349 1834 4426 ob

244 4471 381 4549 tinebit
405 4471 436 4548 si
459 4472 719 4571 implacitatus
742 4482 959 4550 warantum
982 4497 1061 4549 non
1083 4471 1261 4548 habuerit
1283 4496 1353 4548 nec
1378 4472 1581 4570 specialem
1605 4473 1834 4560 libertatem,

245 4685 271 4722 ²⁵
283 4689 363 4762 οΒ.,
377 4689 446 4764 οΒ,
460 4690 536 4766 ΜΛ,
551 4689 626 4750 ΜΒ.
661 4688 868 4768 Mquasa
883 4691 952 4766 oa,
967 4692 1044 4765 ΜΛ,
1057 4691 1134 4764 ΜΒ,
1149 4691 1215 4751 ca.
1252 4688 1279 4723 ²⁸
1289 4697 1391 4767 parte,
1407 4689 1476 4764 οΒ,
1491 4691 1567 4766 ΜΛ,
1583 4690 1657 4751 ΜΒ.
1695 4687 1834 4767 epam,

244 4788 313 4864 OB,
331 4789 407 4865 MA,
425 4790 501 4865 ΜΒ,
520 4791 596 4852 MG.
636 4788 663 4825 ⁸⁰
674 4793 748 4865 sint,
764 4792 805 4865 V,
822 4790 899 4853 MG.
939 4789 965 4824 ⁸²
977 4800 1009 4851 et
1026 4811 1094 4870 per,
1113 4790 1187 4864 MC,
1206 4792 1272 4852 LA.
1312 4789 1448 4869 ⁸²·⁸⁸per
1465 4790 1769 4869 perambulationem,
1787 4791 1833 4864 V;

243 4887 549 4966 perambulationem,
566 4880 635 4964 OC,
651 4891 731 4963 MA;
749 4889 1090 4969 perambulationibus,
1108 4892 1184 4952 MG.
1224 4888 1289 4924 ⁸⁸⁸⁸⁸
1302 4891 1382 4965 Om,
1401 4893 1479 4967 MG,
1497 4892 1570 4952 CM.
1610 4890 1637 4926 ⁸⁰
1648 4890 1737 4967 fiunt,
1755 4891 1834 4967 MG,

243 4988 309 5050 OC.
349 4986 476 5063 ’'fiunt,
494 4990 561 5065 OC,
579 4991 655 5052 MG.
695 4989 723 5025 ⁸⁸
733 4995 983 5069 praesumptione,
1002 4992 1078 5067 MA,
1097 4992 1173 5065 ΜΒ,
1193 4992 1273 5064 CM;
1291 4991 1480 5067 definitione,
1500 4991 1576 5053 MG.
1618 4990 1736 5066 80ΟΜ,
1757 4992 1833 5067 MA,

243 5088 320 5163 ΜΒ,
338 5088 406 5150 οΒ.
446 5087 511 5122 ⁴⁴⁴⁴⁴
524 5089 604 5165 om,
623 5089 691 5166 οΒ,
710 5092 786 5167 ΜΛ,
804 5091 879 5151 ΜΒ.
920 5089 947 5125 ⁴²
959 5092 1039 5167 οΒ.,
1058 5091 1127 5166 οΒ,
1147 5091 1222 5166 ΜΛ,
1242 5092 1317 5153 ΜΒ.
1358 5090 1384 5125 ⁴⁸
1396 5099 1550 5170 spectem,
1570 5093 1639 5167 οΒ,
1659 5093 1735 5170 ΜΒ,
1756 5095 1832 5169 ΜΒ,

244 5187 310 5264 ca,
325 5189 399 5249 cu.

325 5286 546 5352 ²libertatibus
564 5297 597 5352 et
615 5287 831 5369 dignitatibus,
848 5292 888 5367 V,
907 5293 989 5364 MA;
1008 5290 1224 5372 dignitatibus,
1243 5292 1318 5356 ΜΒ.
1359 5291 1464 5370 ²Om.,
1484 5295 1553 5371 OB,
1573 5295 1649 5370 MA,
1670 5298 1746 5374 ΜΒ,
1766 5297 1832 5373 CE,

243 5389 316 5450 CM.
355 5387 459 5464 ⁸Om.,
476 5391 546 5466 OB,
562 5390 629 5467 ΟΕ,
646 5391 719 5454 CM.
