4432 6336
663 410 724 470 DE
748 410 1050 483 ADQUIRENDO
1073 411 1230 472 RERUM
1254 410 1456 473 DOMINIO
1784 418 1857 485 118

268 559 329 636 vel
345 560 531 660 quasdam
547 559 793 650 cbirotbccua,
809 562 870 638 uel
886 572 945 640 tot
960 562 1150 650 decanos,
1167 573 1206 639 et
1221 563 1262 638 in
1278 587 1355 660 quo
1371 587 1462 638 casu
1479 571 1613 638 tenens
1631 561 1746 639 habet
1762 561 1856 638 elec-

268 678 423 767 tionem,
447 687 582 756 utrum
605 680 766 757 istorum
792 680 937 757 solvere
961 681 1065 769 velit,
1090 691 1130 758 et
1153 707 1275 757 unum
1300 680 1485 757 solvendo
1506 680 1702 756 liberatm.
1729 679 1858 756 Haec²⁴

268 797 396 874 omnia
415 806 455 875 et
474 797 591 897 plura
610 797 685 875 alia
704 799 945 876 consistunt²⁶
966 799 1007 876 in
1026 799 1237 876 redditibus
1258 808 1297 877 et
1318 799 1606 876 redditionibus.
1630 800 1707 876 Est
1725 807 1858 876 tamen

268 918 463 1015 quoddam
487 944 609 1015 genus
634 918 808 994 redditus
833 919 899 1017 qui
924 919 1041 995 datur
1066 919 1115 994 ab
1141 919 1269 1017 aliquo
1294 919 1563 1018 percipiendus
1589 919 1704 995 dere
1731 919 1859 1018 aliqua

268 1043 375 1112 certa
397 1060 485 1112 cum
507 1035 744 1114 districtione
767 1038 828 1114 vel
852 1037 943 1126 sine,
968 1038 1135 1136 quinon
1159 1038 1300 1114 dicitur
1323 1037 1532 1128 servitium,
1558 1036 1651 1114 sed²⁸
1676 1038 1785 1136 quasi
1810 1064 1859 1114 ex

269 1156 524 1233 feoffamento
549 1156 712 1232 liberum
736 1166 1010 1245 tenementum,
1036 1157 1084 1233 de
1109 1183 1186 1254 quo
1212 1157 1316 1232 infra
1341 1157 1490 1233 dicetur
1515 1157 1563 1234 de
1589 1157 1725 1234 assisis.
1755 1158 1859 1234 Item

270 1285 360 1352 sunt
380 1276 555 1373 quaedam
576 1274 731 1352 servitia
752 1299 835 1374 quae
856 1275 1052 1374 pertinent
1073 1278 1123 1352 ad
1144 1274 1342 1353 dominum
1364 1275 1580 1375 capitalem,
1602 1287 1642 1353 et
1664 1302 1748 1376 quae
1770 1302 1858 1353 con·

270 1392 411 1470 sistunt
432 1394 473 1468 in
496 1393 739 1483 factionibus,
761 1403 801 1470 et
823 1395 924 1471 fiunt
947 1420 995 1471 ex
1018 1395 1293 1472 consuetudine
1316 1395 1364 1472 de
1387 1396 1552 1471 termino
1575 1397 1616 1471 in
1639 1396 1858 1485 terminum,

270 1514 377 1591 etde
399 1513 535 1613 quibus
555 1521 711 1612 oportet
731 1515 834 1612 quod
854 1515 924 1590 fiat
944 1515 1088 1591 mentio
1109 1512 1150 1589 in
1171 1515 1374 1613 scriptura,
1396 1514 1463 1591 et²'
1486 1514 1655 1613 alioquin
1677 1515 1758 1614 peti
1781 1540 1859 1592 non

269 1641 465 1734 potenmt.
490 1633 551 1710 Ut
575 1634 607 1710 si
629 1633 791 1722 dicatur,
815 1632 882 1711 at²⁸
904 1633 1083 1728 faciendo
1106 1633 1196 1710 inde
1218 1643 1362 1710 rectam
1386 1633 1438 1711 ad
1461 1634 1606 1710 casiam
1630 1635 1776 1711 donum
1798 1634 1861 1711 sai

268 1763 306 1830 et
322 1753 505 1831 heredum
520 1777 691 1840 mortua,
706 1753 753 1829 de
769 1750 962 1851 quindena
976 1753 1020 1828 io
1035 1752 1280 1851 quindenam,
1296 1751 1357 1828 vel
1373 1753 1421 1830 de
1439 1753 1561 1830 tribua
1577 1754 1802 1852 septimam
1818 1754 1860 1830 in

269 1881 346 1948 tres
360 1871 607 1970 septimanas,
622 1870 791 1971 quolibet
806 1895 908 1948 anno
922 1871 971 1949 de
986 1871 1149 1948 termino
1162 1870 1204 1948 in
1220 1871 1437 1949 terminant.
1457 1872 1561 1949 Item
1575 1872 1754 1967 faciendo
1768 1872 1859 1950 inde

269 1999 327 2067 tot
341 2014 477 2068 arurae
491 2000 529 2066 et
544 2000 603 2067 tot
617 2014 820 2078 messuras,
835 2001 893 2068 tot
907 1989 1147 2085 saltationes,
1161 1999 1201 2067 et
1216 2015 1300 2090 quae
1315 1991 1444 2067 omnia
1459 1991 1656 2091 pertinent
1672 1991 1722 2067 ad
1737 1990 1857 2067 domi-

268 2132 337 2185 nos
356 2108 461 2185 feodi
479 2134 528 2184 ex
546 2108 774 2185 tenementis
793 2110 844 2185 sic
864 2109 964 2184 datis
982 2109 1109 2186 liberis
1129 2109 1355 2198 hominibus,
1374 2119 1414 2187 et
1433 2111 1665 2210 proveniunt
1685 2136 1734 2186 ex
1753 2121 1857 2188 tene-

267 2229 417 2318 mentis,
433 2237 473 2304 et
488 2229 561 2304 dici
576 2227 789 2327 potenmt²'
805 2228 972 2304 feodalis
988 2228 1066 2304 sive
1082 2228 1280 2328 praedialia
1295 2229 1460 2318 servitia,
1477 2239 1517 2306 et
1533 2255 1611 2306 non
1628 2230 1857 2329 personalia,

267 2347 338 2424 nisi
356 2346 755 2447 rationepraedionrm
771 2357 810 2424 et
827 2357 1146 2424 tenementorum.
1167 2349 1271 2425 Item
1290 2349 1434 2448 poterit
1453 2349 1536 2448 quis
1556 2349 1721 2426 feoffare
1740 2349 1858 2425 alium

266 2492 338 2567 per
355 2466 587 2557 seriantiam,
604 2492 689 2566 quae
705 2467 859 2566 quidem
874 2466 1080 2566 multiplex
1098 2494 1178 2544 esse
1196 2470 1351 2566 poterit,
1370 2478 1408 2545 et
1426 2468 1529 2545 unde
1547 2470 1722 2567 quaedam
1740 2468 1857 2568 perti·

266 2587 389 2664 nent⁸⁰
409 2588 460 2664 ad
478 2588 607 2686 ipsum
626 2587 824 2664 dominum
845 2587 1086 2675 leoffantem,
1107 2595 1146 2664 et
1165 2588 1340 2685 quadam
1361 2587 1412 2663 ad
1430 2588 1559 2686 ipsum
1579 2613 1721 2686 regem.
1744 2587 1805 2664 Ut
1826 2588 1857 2663 si

267 2708 418 2783 dicatur
437 2731 509 2805 per
527 2707 724 2783 servitium
743 2705 940 2804 equitandi
960 2731 1048 2782 cum
1068 2706 1223 2781 domino
1244 2731 1324 2794 suo,
1344 2706 1406 2782 vel
1427 2706 1593 2795 domina,
1615 2707 1680 2804 qui
1701 2707 1858 2806 proprie

267 2825 448 2902 dicuntur
466 2823 755 2924 Rodcnythes,³²
775 2826 836 2900 vel
854 2851 925 2924 per
943 2823 1167 2901 servitium³¹
1186 2824 1342 2901 tenendi
1360 2824 1503 2923 placita
1523 2825 1776 2914 dominorum,
1797 2825 1858 2902 vel

267 2946 451 3045 portandi
477 2945 608 3021 brevia
634 2945 738 3020 infra
764 2954 870 3020 certa
895 2944 990 3032 loca,
1017 2944 1078 3020 vel
1104 2945 1285 3042 pascendi
1312 2944 1523 3041 leporarius
1548 2942 1615 3019 et³⁸
1644 2968 1768 3033 canes,
1796 2945 1858 3021 vel

266 3066 443 3144 mutandi
465 3091 565 3154 aves,
587 3066 649 3140 vel
669 3064 885 3140 inveniendi
908 3089 1019 3139 arcus
1040 3073 1078 3140 et
1101 3063 1275 3161 sagittas,
1297 3062 1358 3138 vel
1380 3062 1574 3162 portandi,
1598 3073 1636 3140 et
1659 3064 1707 3138 de
1727 3063 1856 3140 huius·

266 3186 370 3261 modi
396 3185 584 3261 seriantiis
610 3209 688 3260 non
714 3183 858 3281 poterit
883 3192 1010 3260 certus
1037 3208 1219 3260 numerus
1245 3181 1527 3281 comprehendi.
1556 3183 1614 3260 Et
1641 3183 1857 3260 huiusmodi

267 3306 421 3382 servitia
441 3305 570 3380 omnia
591 3302 664 3380 dici
686 3311 872 3401 poterunt
892 3301 1109 3390 intrinseca,
1132 3301 1222 3401 quia
1243 3302 1283 3377 in
1304 3302 1419 3379 cartis
1441 3311 1480 3378 et
1502 3300 1570 3376 in³⁴
1592 3302 1856 3380 instrumentis

267 3434 358 3501 sunt
387 3422 650 3521 exprimenda,
679 3431 718 3498 et
746 3419 909 3498 dominis
937 3419 1166 3519 capitalibus
1195 3421 1460 3497 remanebunt.
1490 3421 1665 3498 Etcum
1694 3432 1857 3521 propter

265 3543 477 3618 exercitum
501 3540 601 3638 regis
625 3547 665 3615 et
688 3539 824 3638 patriae
848 3539 1050 3617 tuitionem
1075 3564 1153 3615 non
1177 3540 1290 3628 fiunt,
1315 3539 1401 3616 ideo
1426 3566 1475 3616 ex
1497 3539 1640 3616 talibus
1666 3540 1855 3617 servitiis⁸⁸

265 3659 417 3737 nullum
441 3657 686 3759 competere⁸⁸
713 3656 894 3734 deberet⁸²
922 3657 1182 3756 maritagium,
1209 3683 1279 3733 nec
1305 3658 1479 3735 custodia
1505 3659 1660 3735 domino
1686 3660 1855 3758 capitali,

265 3806 344 3857 non
360 3780 484 3878 magis
502 3804 618 3878 quam
637 3779 684 3856 de
703 3777 866 3875 socagio
887 3777 1137 3853 Contrarium
1155 3786 1287 3853 tamen
1304 3777 1468 3853 habetur
1486 3778 1534 3853 de
1553 3779 1720 3876 quadam
1740 3779 1854 3855 abba-

264 3898 359 3976 tissa
380 3897 430 3974 de
451 3896 648 3993 Berkinge
671 3894 773 3972 iuter
795 3894 939 3994 placita
961 3920 1045 3994 quae
1069 3903 1283 3994 sequuntur
1305 3920 1436 3992 regem
1461 3921 1563 3972 anno
1587 3897 1716 3994 regis³⁸
1742 3898 1855 3974 Hen-

264 4019 513 4095 rici—coram
531 4016 731 4095 Willelmo
750 4016 798 4093 de
818 4015 1006 4114 Ralegha,
1026 4025 1065 4092 et
1084 4040 1168 4114 quae
1187 4016 1429 4115 recuperavit
1448 4018 1662 4093 custodiam
1682 4028 1722 4095 et
1741 4018 1854 4094 mari·

264 4141 415 4237 tagium
433 4141 480 4216 de
497 4139 636 4216 herede
653 4138 853 4214 cuiusdam
869 4136 1035 4214 tenentis
1053 4137 1123 4225 sui,
1143 4137 1208 4235 qui
1226 4137 1382 4214 tenebat
1401 4147 1664 4214 tenementum
1684 4164 1796 4215 suum
1815 4139 1855 4215 in

264 4262 435 4340 manerio
452 4262 500 4338 de
515 4259 713 4357 Berkinge
730 4285 801 4357 per
817 4257 1014 4335 servitium
1031 4257 1228 4356 equitandi
1245 4282 1333 4334 cum
1350 4284 1396 4334 ea
1414 4259 1462 4334 de
1479 4259 1650 4334 manerio
1668 4260 1708 4335 in
1725 4285 1854 4336 mane·

266 4384 377 4472 rium,
402 4383 505 4481 quod
530 4381 684 4481 quidem
710 4381 751 4457 S.
776 4380 825 4456 de
850 4381 1021 4478 Segrave
1045 4405 1123 4456 non
1148 4380 1391 4479 approbavit.
1419 4381 1522 4458 Sunt
1547 4389 1586 4458 et
1612 4381 1686 4458 alia
1711 4407 1855 4479 genera

266 4503 454 4581 seriantiae
482 4528 566 4602 quae
596 4503 645 4580 ad
674 4501 872 4579 dominum
900 4500 1106 4599 capitalem
1133 4525 1212 4577 non
1241 4501 1449 4600 pertinent,
1479 4502 1547 4579 sed
1577 4503 1626 4579 ad
1657 4504 1855 4581 dominum

264 4721 429 4798 ²⁴ethaec,
449 4723 489 4798 V,
509 4721 578 4796 OB,
600 4721 674 4781 MA.
718 4719 957 4796 ²⁶conatituunt,
979 4720 1057 4795 MG,
1079 4721 1152 4780 CM.
1195 4717 1314 4795 2Ὀιη,
1335 4720 1404 4797 OB,
1427 4721 1503 4796 MA,
1526 4722 1601 4783 MB.
1645 4721 1764 4795 ’'Om,
1785 4722 1854 4797 OB,

265 4824 341 4899 MA,
363 4823 439 4901 ΜΒ,
460 4823 526 4885 CE.
569 4821 595 4856 ²⁸
607 4823 687 4898 Om.,
708 4821 777 4898 OB,
798 4822 875 4894 MA,
896 4821 970 4881 ΜΒ.
1014 4818 1041 4854 ²⁹
1052 4828 1193 4899 possunt,
1215 4822 1254 4895 V,
1277 4821 1353 4882 MG.
1398 4820 1424 4856 ⁸⁰
1436 4826 1583 4900 pertinet,
1604 4824 1673 4900 OB,
1696 4824 1765 4899 OA,
1787 4824 1854 4900 LA,

265 4923 332 4999 CB,
359 4925 435 4998 MA,
462 4925 525 4984 MC
557 4922 756 5001 (quoddam).
806 4921 831 4956 ⁸²
845 4921 1069 5000 Bodknightes,
1097 4923 1141 4994 V;
1171 4922 1393 5000 Bodcnythtes,
1423 4923 1650 5001 Rodcnychtes,
1678 4925 1853 5001 redomites,

264 5024 460 5098 redomitbes,
478 5023 669 5100 redonicbea,
687 5023 863 5098 rodomitea,
882 5023 976 5084 MSS.
996 5045 1061 5084 rar.
1103 5023 1129 5057 ⁸²
1141 5029 1278 5099 servitia,
1296 5026 1336 5100 V,
1357 5026 1431 5087 MA.
1474 5025 1571 5102 ³⁸rel,
1592 5028 1660 5101 OB,
1681 5027 1756 5102 MA,
1779 5030 1853 5090 MB.

264 5123 385 5199 “om,
411 5125 489 5200 MG,
517 5125 591 5185 ΟΜ.
641 5123 845 5200 ⁸³seriantiis,
874 5124 941 5200 LA,
969 5125 1037 5201 OC,
1065 5125 1142 5199 MG,
1172 5127 1245 5201 CM,
1275 5126 1348 5186 MC.
1399 5125 1425 5160 ⁸⁰
1437 5135 1553 5205 petere,
1583 5129 1651 5204 OB,
1681 5131 1757 5206 ΜΒ,
1787 5131 1853 5191 MA

268 5225 364 5300 (corr.
385 5225 519 5304 comp).
561 5222 721 5299 8⁷debent,
742 5226 811 5300 OB,
831 5224 898 5299 OC,
920 5225 996 5300 MA,
1017 5227 1094 5302 MG,
1117 5226 1189 5288 cM.
1233 5226 1260 5262 ⁸⁸
1272 5234 1359 5307 regni
1382 5233 1476 5308 tegis,
1497 5232 1537 5304 V,
1559 5231 1626 5308 OC,
1649 5233 1731 5306 MG;
1753 5238 1853 5312 regui,

265 5326 337 5386 ΜΟ.
