4432 6336
403 481 452 556 74
934 474 1156 536 seueros:
1178 475 1240 534 ns
1264 475 1456 538 suerrus

402 625 529 703 minus
552 634 591 701 et
614 625 912 702 feoffamentum
933 623 1147 724 incipiantss
1172 625 1305 702 eodem
1327 637 1514 724 tempore,
1538 625 1626 704 licet
1651 625 1764 703 simul
1789 635 1892 704 stare
1916 653 1994 704 non

402 744 607 844 possunt,¹⁸
622 769 693 820 nec
708 744 867 842 paribus
883 743 1059 844 passibus
1076 745 1267 834 incedant,
1284 770 1407 822 unum
1423 770 1557 822 eorum
1574 743 1783 845 praecedit¹⁰
1801 756 1841 823 et
1859 753 1938 824 stat
1955 755 1994 824 et

404 864 509 941 aliud
527 874 585 941 est
604 865 646 939 in
663 863 859 963 pendenti,
879 889 1077 963 quousque
1096 864 1237 941 existat
1256 864 1426 940 condicio
1446 865 1507 941 vel
1527 891 1606 941 non
1625 864 1777 942 existat.
1801 865 1844 942 Si
1864 875 1995 943 autem

403 983 509 1060 non²⁰
528 983 668 1060 existat
688 983 859 1059 condicio
876 983 1109 1060 terminatur
1127 993 1346 1082 utrumque,
1367 983 1507 1061 scilicet
1528 993 1790 1061 tenementum
1810 1010 1898 1062 cum
1917 997 1994 1065 ter·

403 1106 507 1183 mino
527 1107 589 1183 vel
609 1107 779 1194 feodum,
801 1115 840 1183 et
861 1133 881 1182 e
903 1104 1106 1182 contrario.
1130 1105 1173 1182 Si
1195 1114 1326 1182 autem
1346 1106 1488 1183 existat
1509 1106 1681 1183 condicio
1702 1107 1834 1184 statim
1855 1108 1995 1186 desinit

403 1255 484 1305 esse
499 1227 699 1316 terminus,
717 1237 757 1304 et
774 1227 933 1304 feodum
948 1228 1010 1305 vel
1026 1236 1290 1304 tenementum
1308 1228 1411 1326 quod
1429 1228 1478 1303 ab
1495 1228 1604 1305 initio
1623 1229 1766 1328 incepit
1785 1239 1824 1306 et
1841 1230 1883 1306 in
1899 1254 1993 1331 pen-

403 1350 510 1428 denti
526 1349 666 1439 extitit,
683 1349 760 1425 iam
776 1350 931 1426 firmum
947 1360 1120 1427 remanet
1137 1359 1176 1426 et
1192 1356 1312 1438 tenet,
1329 1359 1368 1426 et
1384 1349 1572 1427 terminus
1590 1350 1791 1439 evanescit,
1810 1359 1849 1426 et
1867 1378 1888 1428 c
1905 1376 1993 1427 con·

401 1472 534 1561 trario,
549 1481 588 1550 et
603 1472 656 1547 sic
669 1480 782 1547 nocet
796 1471 997 1548 heredibus
1012 1481 1295 1548 antecessorum
1310 1470 1512 1548 conventio
1528 1497 1576 1548 ex
1592 1471 1823 1550 condicione.
1841 1472 1994 1550 Poterit

403 1594 504 1671 enim
522 1593 607 1692 quis
625 1593 847 1669 renuntiare
863 1618 936 1691 pro
954 1619 994 1670 se
1011 1603 1050 1670 et
1068 1591 1145 1669 suis
1162 1591 1237 1668 iuri
1254 1594 1358 1692 quod
1377 1591 1476 1692 pro¹¹
1497 1591 1564 1670 se²²
1582 1593 1846 1671 introductum
1866 1603 1935 1683 est,
1955 1603 1995 1670 et

402 1712 656 1791 ideoheredi²⁸
668 1738 747 1789 non
760 1712 929 1789 infertur
940 1713 1078 1790 iniuria
1091 1715 1158 1791 sed
1169 1714 1366 1802 damnum,
1379 1741 1427 1791 ex
1441 1737 1517 1814 quo
1531 1713 1619 1792 talis
1632 1714 1834 1792 conventio
1847 1716 1994 1814 placuit

403 1833 644 1922 antecessori,
663 1831 754 1932 quia
773 1832 905 1908 scienti
924 1843 963 1910 et
982 1833 1126 1910 volenti
1145 1858 1223 1909 non
1242 1834 1287 1910 fit
1306 1833 1462 1910 iniuria:
1483 1843 1522 1910 et
1542 1834 1598 1910 ita
1616 1834 1787 1910 condicio
1807 1833 1885 1912 sive
1905 1859 1993 1910 con·

401 1953 531 2031 ventio
545 1952 663 2031 vincit
678 1953 814 2052 legem.
832 1952 950 2042 Quod
966 1961 1097 2029 autem
1112 1952 1252 2030 dicitur
1266 1953 1308 2029 in
1323 1952 1625 2052 praecedentibus
1642 1953 1745 2052 quod
1762 1963 1891 2053 potest
1909 1955 1993 2052 quis

402 2073 625 2148 renuntiare
644 2097 718 2170 pro
738 2097 778 2148 se
797 2079 837 2148 et
857 2071 934 2149 suis
955 2071 1156 2148 heredibus
1177 2071 1236 2148 his
1257 2097 1342 2171 quae
1362 2098 1436 2172 pro
1458 2071 1525 2150 se¹⁴
1546 2073 1769 2149 introducta
1790 2080 1893 2163 stmt,
1915 2098 1993 2149 non

402 2201 532 2290 potest
547 2201 679 2267 tamen
696 2191 917 2268 renuntiare
934 2190 991 2268 his
1009 2217 1093 2290 quae
1111 2217 1184 2290 pro
1202 2191 1284 2269 aliis
1302 2193 1524 2268 introducta
1541 2201 1643 2281 sunt,
1662 2193 1872 2270 secundum
1890 2192 1994 2291 quod

402 2309 564 2386 inferius
590 2309 738 2386 dicetur
762 2309 811 2385 de
834 2308 1121 2408 exceptionibus
1146 2310 1186 2386 in
1211 2309 1326 2388 titulo
1351 2311 1399 2387 de
1424 2310 1755 2410 prohibitionibus.
1783 2312 1887 2388 Item
1912 2319 1994 2387 esto

403 2430 507 2527 quod
521 2428 657 2526 aliquis
671 2427 856 2505 dimiserit
871 2439 1015 2506 terram
1028 2428 1197 2527 aliquam
1211 2429 1260 2505 ab
1275 2429 1384 2506 initio
1398 2430 1439 2505 in
1452 2429 1609 2506 vadium
1623 2438 1662 2507 et
1677 2431 1748 2508 sub
1762 2431 1994 2520 condicione,

402 2547 460 2625 ita
484 2548 556 2623 ut²⁸
583 2548 614 2624 si
640 2547 804 2647 pecunia
828 2547 926 2624 su0²⁸
952 2547 1013 2624 die
1039 2548 1167 2625 soluta
1191 2574 1271 2624 non
1298 2549 1430 2638 fuerit,
1457 2550 1560 2648 quod
1586 2559 1693 2626 terra
1719 2550 1874 2649 pignori
1901 2553 1994 2628 data

402 2666 627 2744 remaneat²'
646 2667 836 2744 creditori.
857 2668 915 2744 Et
933 2667 973 2743 in
991 2667 1062 2742 hoc
1080 2691 1171 2744 casu
1191 2668 1222 2743 si
1241 2669 1404 2767 pecunia
1422 2667 1519 2745 suo²⁸
1538 2668 1600 2746 die
1619 2668 1746 2746 soluta
1763 2694 1843 2746 non
1862 2670 1993 2758 fuerit,

402 2787 614 2864 remanebit
627 2798 733 2865 terra
747 2787 799 2864 sic
812 2787 1074 2886 impignorata
1088 2787 1162 2887 ipsi
1176 2787 1355 2864 creditori
1370 2814 1440 2887 per
1455 2789 1715 2865 condicionem
1731 2814 1779 2864 ex
1794 2788 1994 2866 voluntate

403 2905 584 2984 debitoris
603 2907 856 3007 suppositam,
875 2917 914 2984 et
933 2907 985 2983 sic
1004 2907 1076 2983 erit
1095 2909 1127 2983 si
1144 2907 1258 2982 unica
1275 2917 1314 2984 et
1334 2918 1439 2984 certa
1458 2907 1538 2984 dies
1558 2917 1791 3008 apponatur.
1815 2909 1893 2986 Sed
1912 2919 1993 2986 esto

402 3028 506 3126 quod
525 3027 610 3126 quis
629 3026 833 3126 pecuniam
851 3027 908 3102 ita
928 3029 1059 3104 credat
1079 3028 1315 3103 reddendam
1336 3027 1386 3103 ad
1407 3027 1538 3126 plures
1558 3028 1755 3116 terminos,
1777 3039 1816 3106 et
1837 3029 1940 3127 quod
1962 3030 1993 3105 si

403 3145 580 3223 debitor²⁹
603 3146 643 3221 in
666 3145 795 3244 aliquo
818 3146 980 3223 istorum
1002 3146 1256 3224 terminorum
1279 3147 1319 3222 in
1343 3146 1531 3224 solutione
1557 3145 1781 3235 defecerit,⁸⁰
1805 3149 1908 3246 quod
1932 3174 1993 3225 res

401 3266 664 3364 impignorata
680 3274 877 3342 remaneat
895 3266 1085 3342 creditori.
1106 3265 1336 3342 Cessatum⁸²
1355 3267 1396 3341 in
1413 3266 1539 3365 primo
1557 3268 1734 3357 termino,
1754 3275 1915 3367 paratus
1935 3278 1993 3345 est

400 3394 533 3462 tamen
551 3385 701 3461 debitor
720 3385 942 3463 satisfacere
961 3384 1001 3460 in
1020 3384 1157 3461 ultimo
1176 3385 1342 3462 termino
1361 3386 1423 3461 vel
1443 3395 1533 3462 ante
1553 3387 1601 3462 de
1619 3396 1716 3476 toto,
1738 3388 1921 3486 quaeritur
1943 3411 1993 3465 an

401 3513 532 3581 teneat
557 3504 738 3581 condicio.
765 3505 933 3581 Videtur
957 3505 1061 3603 quod
1087 3503 1150 3595 sic,
1179 3503 1269 3604 quia
1293 3529 1373 3581 non
1398 3504 1484 3581 est⁸²
1511 3506 1755 3583 satisfactum
1781 3507 1992 3584 condicioni

402 3625 612 3700 secundum
629 3624 733 3723 quod
749 3624 938 3712 convenit,
956 3624 1047 3722 quia
1064 3623 1104 3698 in
1121 3634 1297 3722 tempore
1314 3634 1372 3701 est
1390 3625 1478 3723 plus
1496 3635 1536 3701 et
1553 3627 1691 3714 minus,
1711 3634 1750 3703 et
1769 3635 1826 3702 est
1845 3652 1991 3702 verum.

404 3744 482 3820 Sed
501 3752 583 3820 esto
604 3743 707 3842 quod
727 3743 877 3819 debitor
897 3743 953 3819 ita
972 3744 1205 3841 respondeat
1225 3744 1329 3842 quod
1350 3745 1399 3820 ad
1420 3743 1522 3820 diem
1542 3771 1656 3821 suum
1675 3745 1781 3821 venit
1802 3744 1991 3844 paratus⁸⁸

401 3863 623 3939 satisfacere
645 3871 683 3938 et
705 3862 909 3960 pecuniam
931 3862 1153 3939 solvendam
1176 3862 1359 3939 obtulerit
1383 3862 1453 3938 sub
1475 3864 1695 3940 testimonio
1718 3865 1929 3963 proborum
1953 3875 1991 3942 et

401 3981 584 4080 legalium
601 3981 810 4071 hominum,
830 3982 895 4080 qui
914 3981 986 4056 hoc
1005 3980 1135 4059 dicant
1155 3981 1226 4058 sub
1244 3981 1464 4058 testimonio
1483 3983 1587 4058 visus
1607 3983 1677 4071 sui,
1699 3985 1765 4082 qui
1784 3984 1993 4062 viderunt⁸⁴

401 4099 430 4174 f.
445 4099 540 4193 aab]
596 4099 800 4198 pecuniam
816 4107 1058 4175 numeratam
1075 4124 1314 4198 quacumque
1331 4099 1427 4176 hora
1444 4099 1529 4190 diei,
1548 4126 1636 4178 cum
1652 4110 1739 4178 tota
1756 4103 1835 4180 dies
1853 4103 1992 4180 cedat⁸⁵

400 4216 575 4306 debitori,
592 4219 779 4294 liberatur
796 4217 956 4294 debitor.
975 4219 1034 4295 Et
1050 4219 1154 4296 unde
1172 4228 1327 4317 oportet
1343 4219 1571 4296 creditorem
1589 4223 1692 4320 quod
1710 4223 1880 4322 qualibet
1897 4223 1993 4300 hora

401 4338 476 4414 diei
496 4364 536 4414 se
555 4337 732 4414 exlriheat
751 4337 802 4413 ad
821 4337 1084 4436 recipiendum
1103 4347 1142 4415 et
1163 4339 1222 4415 sui
1242 4338 1393 4437 copiam
1414 4338 1544 4430 faciat,
1567 4350 1605 4416 et
1626 4341 1682 4417 ita
1703 4342 1805 4439 quod
1827 4342 1921 4419 nihil
1942 4343 1991 4420 sit

401 4459 505 4556 quod
520 4457 590 4534 sihi
605 4457 742 4534 debeat
757 4457 954 4556 imputari.
972 4457 1015 4534 Si
1031 4466 1161 4534 autem
1176 4457 1327 4534 debitor
1342 4459 1391 4535 sit
1407 4457 1447 4533 in
1462 4484 1572 4536 mora
1586 4460 1774 4538 creditore
1791 4471 1991 4560 praesente,

401 4575 554 4652 amittet
570 4575 731 4665 debitor,
750 4577 811 4652 vel
828 4577 860 4654 si
877 4601 1044 4676 praesens
1063 4576 1183 4652 fuerit
1201 4586 1240 4653 et
1258 4576 1461 4676 pecuniam
1480 4603 1558 4654 non
1577 4578 1764 4658 hahuerit.
1786 4582 1899 4658 Idem
1919 4583 1991 4659 crit

400 4782 426 4820 ²⁷
438 4787 603 4862 incipiunt,
618 4784 658 4860 V,
675 4783 743 4858 OB,
760 4783 836 4844 ΜΒ.
875 4779 901 4817 ²⁸
913 4787 1044 4861 possint,
1063 4781 1132 4859 OB,
1149 4783 1226 4859 MB,
1244 4783 1321 4845 MG.
1360 4783 1564 4862 ²⁹proecedat,
1581 4785 1651 4860 OB,
1669 4787 1744 4847 ΜΑ.
1785 4785 1904 4866 ²⁰Om.,
1922 4788 1991 4863 OB,

401 4885 430 4945 Y
451 4884 507 4962 (-1-
519 4885 612 4965 non).
650 4883 715 4918 ²²²²²
727 4884 993 4960 Om.,MG,CM.
1033 4883 1059 4918 ²⁸
1071 4885 1151 4961 0m.,
1168 4885 1238 4962 OB,
1255 4884 1332 4961 MA,
1350 4886 1426 4960 ΜΒ,
1445 4887 1483 4947 Y.
1523 4884 1550 4920 ²⁴
1561 4908 1594 4950 se
1612 4895 1643 4948 et
1659 4909 1718 4967 pro
1735 4893 1798 4951 suis
1816 4889 1992 4964 heredibus,

401 4986 479 5060 MG,
500 4986 575 5062 cM,
596 4986 626 5046 Y
650 4986 709 5062 (-
719 4984 808 5065 pro),
829 4985 859 5046 V
883 4985 942 5063 (-
951 4986 1041 5065 pro).
1084 4984 1214 5065 ¹‘quod,
1236 4987 1276 5063 V,
1297 4988 1373 5062 ΜΒ,
1396 4987 1474 5062 MG,
1497 4990 1570 5050 CM.
1613 4988 1719 5066 ²⁶sua,
1741 4992 1811 5067 OA,
1832 4992 1899 5067 LA,
1922 4993 1992 5067 OB,

401 5085 477 5162 ΜΒ,
498 5086 564 5164 CE,
584 5085 658 5148 Mc,
700 5085 885 5163 ²'remanet
906 5088 974 5160 ΟΑ,
995 5088 1062 5163 LA,
1083 5088 1156 5148 MC.
1199 5085 1304 5165 28ειιει,
1326 5089 1419 5151 MSS.
1442 5109 1507 5151 var.
1551 5089 1617 5126 ²⁹⁴⁰
1628 5091 1763 5154 creditor
1784 5099 1817 5155 in
1839 5095 1991 5156 solutione

400 5189 434 5246 in
457 5184 561 5264 aliquo
585 5187 708 5248 illorum
732 5186 893 5263 defecerit,
918 5187 996 5262 MG,
1022 5188 1095 5248 CM.
1142 5187 1207 5248 ³¹si
1231 5198 1384 5252 cessatum
1409 5195 1462 5267 sit,
1487 5192 1532 5266 Y;
1558 5201 1711 5256 cessatum
1735 5204 1793 5273 eat,
1818 5197 1886 5273 OC,
1912 5198 1991 5273 MG,

400 5286 474 5348 cM.
513 5285 613 5347 ”non
631 5287 837 5361 satisfactum,
856 5288 923 5363 LA,
942 5288 1010 5350 OB.
1051 5286 1170 5363 ⁸⁸Om.,
1189 5290 1257 5366 OB,
1278 5290 1353 5352 ΜΒ.
1395 5290 1567 5371 uvideant,
1587 5295 1665 5371 MG,
1686 5298 1759 5359 CM.
1801 5296 1828 5332 ⁸⁸
1839 5297 1931 5376 cedit,
1950 5300 1991 5376 V,

400 5386 478 5463 MG,
491 5385 559 5449 OB.
