4432 6336
639 460 699 520 DE
723 459 1026 532 ADQUIRENDO
1049 460 1207 520 RERUM
1230 460 1432 522 DOMINIO
1760 473 1832 540 185

342 612 449 688 ltem
465 635 649 710 perquer
666 634 851 710 pascuas
870 611 1098 710 adquiratur
1114 611 1313 710 possessio.

242 730 273 806 f.
288 728 382 823 48b]
438 731 526 805 Pur
552 755 647 828 quas
673 754 857 829 personas
883 730 992 806 nobis
1020 729 1275 828 adquiratur²⁸
1302 730 1521 807 videndum.
1551 733 1609 808 Bt
1637 734 1833 811 sciendum

242 850 346 948 quod
362 874 434 948 per
449 849 716 948 nosmetipsos,
734 859 773 926 et
791 875 862 948 per
879 849 1017 926 liberos
1036 856 1075 924 et
1093 876 1163 948 per
1182 875 1310 926 servos
1329 876 1424 948 quos
1445 850 1515 927 sub
1534 859 1727 951 potestate
1745 879 1831 930 nos-

240 976 304 1044 tra
317 967 511 1056 habemus,
526 967 689 1044 scienter
703 978 742 1044 et
755 967 993 1066 ignoranter,
1010 969 1103 1045 dum
1118 979 1249 1047 tamen
1265 969 1413 1046 factum
1430 995 1563 1047 eorum
1579 981 1618 1048 et
1632 973 1832 1071 negotium

240 1085 495 1163 necessarium
513 1088 631 1164 fuerit
649 1096 688 1163 ct
706 1086 977 1186 approbatum.
997 1088 1077 1162 Per
1094 1113 1234 1176 servos,
1250 1097 1334 1165 tam
1350 1089 1435 1166 illos
1453 1091 1518 1187 qui
1536 1099 1627 1167 sunt
1644 1091 1686 1166 in
1703 1102 1830 1191 potes-

239 1216 321 1285 tate
339 1215 473 1283 nostra
490 1232 606 1305 quam
623 1213 735 1282 extra
752 1215 995 1306 potestatem.
1017 1208 1119 1284 Item
1138 1217 1220 1284 tam
1238 1234 1309 1307 per
1327 1207 1470 1285 alienos
1489 1235 1606 1307 quam
1624 1210 1723 1309 per²⁴
1741 1237 1829 1310 pro-

240 1325 357 1425 prios,
377 1325 469 1402 dum
487 1333 617 1402 tamen
635 1325 830 1402 bonafide
849 1325 1081 1424 possessos.²⁵
1101 1327 1180 1401 Per
1199 1327 1377 1425 proprios
1398 1327 1634 1426 adquirimus
1654 1330 1719 1428 qui
1739 1340 1831 1408 sunt

239 1455 351 1523 extra
365 1454 610 1545 potestatem,
626 1445 693 1521 sed
706 1455 838 1521 tamen
854 1443 947 1519 nihil
963 1443 1169 1542 accipimus
1187 1454 1394 1542 antequam
1410 1470 1573 1544 corpora
1590 1447 1737 1525 fuerint
1754 1449 1828 1526 dis·

239 1565 443 1641 rationata.
461 1565 564 1641 Item
579 1590 650 1664 per
664 1563 803 1640 liberos
820 1564 1067 1661 adquirimus
1085 1563 1183 1640 sicut
1199 1590 1270 1662 per
1286 1575 1566 1663 procuratores,
1585 1569 1772 1657 custodes,
1790 1578 1829 1645 et

239 1691 445 1773 curatores,
465 1689 511 1758 ut
530 1682 561 1758 si
580 1682 733 1760 nomine
752 1693 885 1759 nostro
905 1682 1081 1780 stipulati
1101 1683 1248 1760 fuerint
1269 1693 1549 1782 procuratores,
1570 1686 1630 1762 vel
1652 1688 1829 1765 custodes

239 1805 391 1880 nomine
419 1812 551 1878 nostro
578 1803 619 1878 in
644 1801 882 1901 possessione
909 1811 947 1878 et
975 1826 1044 1878 nos
1073 1802 1365 1900 recognoverint
1393 1805 1444 1879 ad
1470 1804 1637 1881 heredes.
1670 1807 1828 1898 <Dum

238 1931 367 1998 tamen
387 1946 521 1998 verum
539 1921 717 1997 heredem
737 1920 1000 2020 propinquum
1019 1921 1080 1996 vel
1100 1921 1415 2020 propinquiorem
1436 1922 1755 2021 recognoverint²⁶
1778 1928 1829 2002 ad

238 2039 426 2129 heredem,
447 2039 513 2115 et²'
533 2065 611 2116 non
631 2038 761 2116 ante.²⁸
782 2040 841 2115 Bt
860 2065 948 2116 cum
966 2040 1074 2116 heres
1095 2041 1314 2138 recognitus
1335 2041 1465 2130 fuerit,
1488 2043 1549 2118 vel
1569 2053 1660 2119 ante
1680 2047 1827 2122 venerit

238 2167 276 2235 et
295 2159 517 2257 homagium
538 2159 684 2248 fecerit,
705 2167 744 2235 et
765 2158 947 2235 obtulerit
968 2159 1122 2236 domino
1144 2184 1213 2236 suo
1234 2159 1421 2259 quidquid
1442 2161 1489 2238 de
1510 2161 1593 2238 iure
1614 2162 1742 2239 facere
1762 2165 1826 2239 de-

238 2276 367 2364 beat,²⁹
389 2277 480 2375 quia
502 2303 580 2354 non
601 2277 705 2354 valet
727 2285 934 2377 antequam
957 2277 1012 2354 ita
1034 2278 1100 2354 sit:
1124 2278 1215 2377 quia
1237 2279 1307 2355 etsi
1329 2306 1444 2357 verus
1467 2281 1517 2357 sit
1538 2281 1658 2370 heres,
1683 2284 1827 2381 poterit

236 2396 488 2475 hereditatem
505 2423 691 2474 recusare.
709 2399 768 2473 Et
784 2399 887 2474 unde
905 2398 936 2474 si
955 2398 1131 2474 dominus
1150 2399 1325 2496 capitalis
1342 2400 1383 2474 in
1401 2400 1539 2476 seisina
1556 2401 1687 2489 fuerit,
1707 2402 1827 2478 donec

237 2516 388 2594 sciverit
408 2516 492 2615 quis
512 2516 561 2593 sit
579 2517 699 2605 heres,
718 2517 779 2592 vel
799 2516 920 2592 donec
938 2516 1046 2592 heres
1066 2516 1212 2592 venerit
1234 2516 1283 2592 ad
1304 2518 1432 2614 ipsum
1452 2519 1627 2596 facturus
1649 2528 1826 2610 etcetera‚

236 2637 297 2712 vel
318 2634 394 2711 alia
411 2635 559 2711 ratione
579 2660 830 2733 quacumque,
851 2635 1025 2734 quamvis
1044 2635 1147 2711 dicat
1168 2636 1271 2735 quod
1292 2637 1341 2712 sit
1362 2637 1403 2712 in
1424 2637 1561 2713 seisina
1582 2638 1653 2715 sub
1672 2641 1826 2715 nomine

235 2753 324 2830 talis
339 2754 500 2843 heredis
517 2779 595 2830 non
611 2755 726 2842 valet,
743 2755 833 2852 quia
848 2780 920 2853 per
936 2755 1005 2829 hoc
1024 2779 1101 2830 non
1118 2755 1191 2831 erit
1207 2755 1314 2831 heres
1332 2756 1372 2830 in
1390 2755 1538 2831 seisina.
1560 2757 1602 2833 Si
1620 2783 1711 2833 vero
1730 2758 1826 2834 alius

236 2899 353 2973 quam
370 2900 484 2951 uerus
501 2875 609 2951 heres
629 2875 678 2951 sit
697 2874 737 2950 in
755 2874 903 2962 saisina,
923 2875 984 2949 vel
1002 2900 1115 2949 verus
1134 2874 1242 2950 heres
1263 2883 1302 2950 et
1322 2875 1417 2951 alius
1437 2901 1477 2950 se
1498 2876 1615 2951 iaciat
1634 2876 1825 2966 heredem,

237 2993 267 3069 si
290 2993 466 3092 capitalis
489 2993 665 3070 dominus
688 2993 910 3091 homagium
934 3018 1072 3092 capere
1094 2993 1198 3081 velit,
1224 2993 1276 3068 sic
1300 2993 1423 3069 illud⁸⁰
1448 2996 1587 3093 capiat,
1613 2995 1719 3071 salvo
1744 2995 1826 3071 iure

235 3113 436 3191 cuiuslibet
455 3115 516 3190 vel
533 3114 622 3190 talis
640 3113 826 3189 nominati
846 3115 911 3212 qui
932 3137 971 3189 se
990 3112 1136 3188 faciat³²
1155 3112 1344 3188 heredem.
1365 3112 1451 3189 Et⁸²
1471 3115 1604 3190 eodem
1624 3117 1738 3191 modo
1759 3116 1824 3191 ad·

236 3231 402 3331 quiritur
419 3233 535 3308 surdo
553 3242 592 3309 et
609 3243 718 3309 muto
735 3233 975 3320 naturaliter,
994 3233 1081 3308 licet
1100 3233 1255 3309 omnino
1274 3233 1406 3310 audire
1424 3259 1502 3309 non
1521 3244 1684 3333 possunt
1703 3261 1825 3333 neque

235 3352 351 3451 loqui,
376 3353 425 3427 ad
449 3352 735 3428 similitudinem
759 3350 839 3428 eius
863 3351 928 3450 qui
951 3361 1009 3428 est
1034 3351 1139 3427 infra
1162 3359 1326 3440 aetatem,
1351 3351 1441 3449 quia
1464 3352 1605 3428 talibus
1631 3352 1826 3429 descendit

235 3471 293 3546 ius
313 3497 462 3547 merum
482 3481 520 3548 et
540 3470 758 3569 proprietas
778 3471 876 3547 sicut
897 3469 1070 3560 aliis>⁸⁸
1092 3469 1195 3547 Item
1216 3496 1288 3568 per
1307 3479 1588 3568 procuratores,
1611 3496 1699 3548 cum
1721 3472 1826 3549 infra

234 3601 386 3667 aetatem
402 3590 509 3666 nobis
527 3591 633 3665 facta
649 3589 768 3666 fuerit
785 3589 942 3666 donatio
959 3599 998 3666 et
1015 3591 1180 3665 donator
1196 3589 1304 3664 nobis
1323 3590 1470 3666 dederit
1488 3601 1715 3679 curatorem,
1735 3593 1825 3690 quia

233 3711 359 3787 minor
385 3710 569 3785 affectum
594 3708 784 3785 retinendi
807 3708 947 3783 habere
972 3733 1051 3784 non
1077 3709 1232 3807 poterit,
1258 3733 1337 3784 non
1362 3708 1486 3806 magis
1512 3735 1629 3807 quam
1655 3711 1824 3788 furiosus

235 3829 315 3905 sine
332 3836 521 3917 curatore,
541 3827 632 3926 quia
649 3837 803 3905 nonest
823 3827 927 3903 aliud
945 3827 993 3902 de
1013 3827 1065 3904 eis
1084 3827 1156 3903 nisi
1176 3827 1225 3903 ad
1245 3827 1531 3905 similitudinem
1551 3829 1630 3905 eius
1651 3830 1716 3928 qui
1737 3829 1824 3905 dor·

233 3949 367 4026 mienti
391 3949 563 4048 pluviam
586 3949 628 4023 in
650 3973 810 4023 manum
834 3945 1048 4046 proiecerit.
1075 3947 1133 4022 Bt
1158 3946 1224 4044 qui
1250 3947 1420 4044 accipere
1446 3947 1558 4024 debet
1584 3957 1622 4024 et
1649 3949 1824 4037 retinere,

235 4077 388 4166 oportet
405 4069 508 4166 quod
522 4066 661 4143 habeat
678 4066 915 4142 intellectum
931 4063 1166 4164 recipiendi⁸⁴
1183 4063 1248 4140 et⁸⁸
1266 4065 1466 4141 retinendi.
1486 4066 1589 4141 Item
1607 4067 1672 4164 qui
1690 4091 1824 4142 curare

234 4188 346 4266 debet
366 4195 405 4264 et
423 4187 637 4264 custodiam
656 4186 806 4274 habere,
827 4192 982 4283 oportet
1002 4184 1136 4260 eodem
1155 4185 1270 4260 modo
1291 4185 1395 4283 quod
1414 4182 1553 4260 habeat
1575 4184 1822 4273 intellectum,

235 4309 325 4408 quia
349 4308 379 4382 si
403 4307 590 4383 minorem
612 4305 674 4381 vel
699 4305 900 4392 furiosum,
924 4303 1086 4379 liberum
1111 4304 1171 4379 vel
1196 4327 1349 4379 servum
1374 4303 1519 4379 miseris
1545 4313 1590 4379 ut
1615 4304 1822 4402 possideas,

233 4451 477 4525 nequaquam
500 4424 639 4501 videris
664 4448 824 4522 percos
848 4421 1124 4522 possessionem
1150 4421 1447 4521 apprehendisse
1472 4422 1563 4520 quia
1587 4423 1824 4499 intellectum

233 4573 312 4624 non
330 4546 484 4622 habent.
507 4545 611 4620 Item
631 4544 678 4620 de
698 4541 827 4630 serris,
849 4567 919 4639 per
939 4539 1119 4617 servum⁸⁰
1141 4540 1242 4616 enim
1263 4541 1430 4617 alienum
1451 4541 1688 4640 adquirimus
1709 4567 1823 4641 quem

233 4665 434 4742 bonafide
457 4663 707 4764 possidemus,
731 4661 822 4759 quia
845 4659 1033 4736 credimus
1059 4659 1194 4735 illum⁸⁷
1219 4668 1395 4736 nostrum
1420 4685 1511 4749 esse,
1537 4686 1617 4736 non
1640 4660 1822 4739 habentes

233 4884 259 4919 ²⁸
271 4885 456 4963 adquiritur,
476 4883 555 4957 MG,
576 4882 650 4957 CM,
670 4882 700 4941 Y
707 4903 716 4953 ;
738 4879 919 4958 adquiratur
939 4880 1103 4958 possessio,
1124 4876 1163 4953 V,
1184 4878 1251 4951 OC,
1272 4878 1301 4938 Y
1327 4876 1470 4955 (a-itur).
1513 4876 1541 4911 ²⁴
1552 4879 1632 4954 Om.,
1654 4878 1724 4954 OB,
1746 4879 1823 4954 MA,

233 4986 310 5061 ΜΒ,
331 4985 372 5061 Y,
392 4984 469 5045 MG.
513 4981 538 5016 ²⁵
550 4981 773 5061 possideamus,
794 4979 839 5052 V;
861 4978 1064 5058 possidemus,
1086 4980 1164 5053 MG,
1186 4980 1266 5052 CM;
1288 4983 1501 5058 possessionis,
1524 4980 1596 5052 003
1619 4999 1822 5058 possessores,

234 5087 305 5160 cE;
328 5105 497 5164 possessos,
520 5084 589 5158 OA,
614 5083 680 5159 LA,
703 5082 772 5155 OB,
796 5083 872 5154 MA,
896 5082 973 5156 ΜΒ,
996 5081 1035 5141 Y.
1082 5078 1108 5113 ²⁰
1121 5084 1344 5159 recognoverit,
1369 5082 1435 5156 LA,
1460 5080 1526 5142 OC.
1572 5079 1730 5156 ²⁷¹²⁸Om.,
1755 5083 1820 5145 OC.

233 5184 259 5220 ²⁹
270 5185 393 5262 debeat,
416 5185 456 5259 V,
480 5185 564 5256 MG;
588 5183 727 5258 deberat,
751 5183 831 5254 CM;
855 5181 989 5256 debebit,
1014 5183 1087 5254 LA;
1112 5181 1250 5256 deberet,
1275 5183 1341 5243 OC.
1389 5182 1415 5215 ⁸⁰
1426 5182 1523 5258 illam,
1550 5184 1617 5258 LA,
1643 5185 1721 5260 MG,
1747 5185 1820 5246 CM.

233 5286 360 5360 ⁸¹iacit,
379 5286 418 5362 V,
438 5286 510 5357 OC;
531 5283 605 5358 iac,
624 5284 700 5345 MG.
743 5281 808 5317 ⁸²⁴⁸
820 5283 900 5356 Om,
921 5284 986 5344 LA.
1028 5281 1055 5317 ³⁴
1066 5282 1268 5361 percipiendi,
1289 5284 1329 5359 V,
1350 5285 1428 5360 MG,
1449 5286 1521 5346 CM.
1565 5283 1723 5360 ³⁴’³⁵0m.,
1745 5288 1821 5346 ΜΒ.

232 5385 259 5420 ⁸⁰
270 5390 429 5459 servitum,
444 5386 522 5461 MG,
538 5384 611 5445 CM.
649 5382 674 5417 ⁸⁷
686 5387 798 5461 ipsum,
814 5384 883 5459 OB,
900 5384 976 5460 MA,
992 5384 1068 5458 ΜΒ,
1084 5384 1150 5459 OE,
1167 5386 1212 5458 Y;
1229 5383 1359 5460 nullum,
1376 5387 1448 5448 CM.
