4432 6336
644 520 704 579 DE
727 518 1031 591 ADQUIRENDO
1054 517 1211 579 RERUM
1235 517 1437 579 DOMINIO
1766 523 1839 596 117

248 669 581 748 warantizabimus
597 670 667 747 tali
684 679 723 746 et
740 669 942 748 heredibus
957 669 1036 746 suia
1055 679 1204 746 tautam
1223 679 1367 746 terram
1385 692 1473 744 cum
1489 667 1733 767 pertiuentiis
1751 692 1838 743 cou-

250 799 312 866 tra
329 814 461 866 omues
479 797 616 889 genter
632 791 921 888 imperpetuum
939 813 1011 888 per
1029 787 1258 888 preadictum
1278 786 1488 876 semitium,
1508 787 1579 862 hoc
1598 787 1671 864 erit
1691 787 1838 864 intelle

247 910 418 1007 gendum
431 917 583 986 tantam
598 917 742 984 terram
757 933 845 984 cum
860 906 1101 1007 pertinentiis
1118 906 1165 983 de
1181 905 1357 982 omnibus
1373 905 1535 982 servitiis
1552 915 1590 982 et
1607 904 1838 982 secularibus

249 1026 448 1104 demendis
477 1052 561 1125 quae
590 1027 639 1103 ad
669 1026 843 1103 dominos
874 1025 979 1101 feodi
1009 1025 1205 1124 pertinent
1235 1025 1384 1101 ratione
1414 1024 1587 1121 praedicti
1616 1024 1837 1100 tenementi.

250 1146 394 1245 Igitur⁹
418 1146 573 1224 servitia
597 1171 680 1245 quae
704 1146 901 1245 pertinent
925 1147 975 1221 ad
999 1145 1197 1221 dominum
1221 1170 1353 1241 regem
1377 1169 1449 1243 pro
1475 1142 1621 1221 iustitia
1645 1144 1706 1221 vel
1732 1169 1838 1243 pace,

248 1264 345 1344 sicut
365 1275 476 1344 sectae
497 1267 547 1342 ad
566 1265 792 1341 comitatum
812 1263 879 1342 et²⁰
899 1264 1154 1352 hundredum,
1176 1272 1215 1340 et
1236 1272 1315 1340 tres
1337 1271 1447 1340 sectae
1469 1263 1765 1361 prenominatae,
1789 1263 1839 1340 ad

246 1387 411 1475 crurias,¹²
435 1385 579 1462 auxilio
600 1384 821 1473 vicecomiti,
845 1393 884 1460 et
905 1385 955 1459 ad
978 1384 1072 1460 fines
1095 1408 1315 1460 communes
1337 1391 1377 1458 et
1399 1382 1687 1471 misericordias,
1711 1382 1837 1460 exclu-

248 1505 406 1596 duntur,
421 1504 537 1583 cum²²
553 1530 631 1581 non
646 1503 866 1603 pertineant
883 1503 933 1578 ad
948 1504 1121 1580 dominos
1139 1502 1342 1579 feodorum
1358 1503 1424 1579 sed
1441 1502 1490 1578 ad
1507 1526 1650 1599 regem,
1667 1501 1740 1578 nisi
1756 1502 1838 1600 ipse

248 1626 424 1703 dominus
442 1623 574 1703 feodi²⁸
593 1623 730 1700 adhoc
748 1622 963 1722 specialiter
980 1647 1020 1698 se
1036 1621 1264 1720 obligaverit
1282 1622 1323 1697 in
1339 1630 1447 1697 carta
1466 1646 1545 1697 sua.
1566 1621 1720 1698 Poterit
1737 1622 1839 1698 enim

248 1747 424 1822 dominus
448 1745 478 1821 si
500 1743 665 1821 voluerit
687 1769 728 1820 se
748 1742 920 1840 obligare
944 1741 993 1818 ad
1017 1741 1198 1828 indebita,
1221 1750 1260 1817 et
1282 1740 1404 1815 teneri
1428 1748 1467 1816 et
1491 1739 1621 1815 debita
1642 1741 1838 1816 remittere

248 1865 279 1941 si
300 1862 475 1952 voluerit,
497 1872 543 1939 ut
565 1863 596 1940 si
617 1863 764 1938 tenenti
787 1887 856 1938 suo
878 1860 1051 1937 remittat
1074 1861 1299 1946 custodiam,
1321 1858 1570 1956 maritagium
1593 1869 1631 1936 et
1655 1859 1838 1935 relevium

247 2007 335 2060 cum
360 1982 567 2060 evenerint.
594 1983 660 2057 Ea
684 2007 775 2056 vero
801 2005 885 2079 quae
910 1979 1107 2078 pertinent
1134 1979 1184 2055 ad
1211 2003 1342 2076 regem
1369 1978 1564 2055 remittere
1590 1975 1669 2054 non
1696 1986 1836 2077 potest,

246 2101 417 2199 obligare
434 2109 565 2178 tamen
581 2109 710 2198 potest
727 2109 767 2176 et
783 2125 942 2175 onerare
959 2126 998 2176 se
1015 2099 1154 2197 ipsum.
1176 2098 1276 2188 <In
1293 2096 1556 2196 praeiudicium
1574 2097 1718 2173 domini
1735 2096 1838 2194 regis

247 2247 317 2298 nec
340 2227 535 2298 tenentem
559 2219 793 2317 adquietare,
817 2244 905 2295 cum
929 2217 1145 2294 huiusmodi
1170 2241 1354 2316 personas
1378 2216 1575 2293 hominum
1599 2213 1838 2315 requirant,¹⁴

248 2343 344 2418 sicut
363 2341 466 2417 visus
485 2341 609 2416 franci
627 2338 757 2437 plegii,
777 2348 816 2415 et
835 2338 911 2414 alie
929 2363 1012 2436 quae
1032 2337 1253 2413 introductu
1271 2344 1362 2412 sunt
1381 2361 1454 2434 pro
1474 2360 1568 2433 pace
1588 2345 1626 2411 et
1646 2335 1838 2411 communi

247 2459 426 2537 utilitate.
443 2459 528 2536 Nec
546 2458 661 2534 etiam
677 2458 854 2534 dominus
872 2482 917 2533 ea
934 2456 1128 2532 remittere
1145 2455 1289 2553 poterit
1305 2455 1452 2531 tenenti
1470 2479 1550 2544 suo,
1569 2454 1601 2531 si
1617 2455 1701 2553 ipse
1718 2454 1837 2530 domi·

247 2606 320 2657 nus
332 2580 549 2657 huiusmodi
561 2578 757 2654 libertates
770 2576 946 2653 habuerit
959 2601 982 2650 a
996 2575 1151 2651 domino
1165 2600 1256 2671 rege
1269 2597 1476 2662 concessas,
1491 2598 1570 2648 non
1583 2573 1707 2672 magis
1721 2598 1840 2672 quam

248 2699 376 2776 facere
391 2698 463 2775 sub
478 2724 517 2774 se
533 2697 768 2786 iustitiorios,
783 2695 969 2794 cumipse
984 2694 1109 2769 inhac
1125 2702 1237 2792 parte
1255 2693 1304 2769 sit
1321 2692 1546 2768 iustitiarius
1563 2693 1707 2768 domini
1724 2694 1837 2790 regis,

248 2819 348 2896 nisi¹⁶
372 2820 454 2918 ipse
479 2816 576 2894 rex²⁸
602 2818 751 2892 factum
776 2825 815 2892 et
841 2812 1120 2890 concessionem
1144 2811 1288 2887 domini
1316 2810 1515 2887 feoffantis
1542 2811 1836 2886 confirmaverit.

250 2939 329 3014 Sed
350 2947 444 3014 tunc
465 2962 513 3014 ex
535 2933 824 3012 confirmatione
844 2929 1016 3009 domini²⁷
1040 2930 1141 3028 regis
1166 2932 1314 3007 iactum
1337 2929 1482 3005 domini
1504 2928 1746 3016 roboretur‚²⁸
1768 2953 1838 3005 nec

248 3057 393 3156 poterit
414 3056 590 3132 dominus
611 3064 746 3131 contra
767 3054 916 3129 factum
938 3077 1050 3128 suum
1071 3050 1212 3138 venire,
1234 3073 1322 3124 cum
1343 3047 1412 3124 hoc
1434 3074 1513 3124 non
1535 3049 1584 3125 sit
1606 3050 1657 3124 ad
1680 3048 1838 3125 alicuius

248 3176 510 3277 praeiudicium
531 3175 603 3252 nisi
624 3198 736 3250 suum
757 3171 970 3272 proprium.
993 3171 1079 3246 Nec
1098 3169 1181 3268 ipse
1203 3195 1272 3244 rex
1294 3177 1429 3244 contra
1451 3192 1561 3245 suam
1581 3167 1837 3244 confirmatio

248 3321 348 3386 nem,
372 3296 475 3394 quod
498 3293 652 3393 quidem
677 3289 816 3367 aliter²⁹
840 3298 949 3367 esset.
978 3289 1056 3364 Sed
1080 3287 1296 3363 huiusmodi
1319 3287 1515 3363 libertates
1540 3295 1695 3363 tantum
1720 3287 1837 3384 perti·

249 3427 343 3493 nent
364 3416 413 3492 ad
435 3440 566 3513 regem
587 3422 625 3489 et
647 3436 725 3487 non
747 3411 796 3487 ad
818 3409 995 3499 alium>
1021 3409 1125 3484 Item
1146 3405 1298 3505 poterit·
1312 3405 1397 3504 quis
1419 3405 1578 3481 feoffari
1600 3405 1649 3481 ab
1672 3406 1746 3481 alio
1768 3431 1839 3504 per

248 3535 399 3611 diversa
415 3558 559 3632 genera
575 3531 818 3608 servitiorum
836 3525 1053 3614 faciendo,²⁰
1070 3525 1210 3602 scilicet
1229 3525 1425 3602 servitium
1442 3526 1483 3600 in
1500 3524 1677 3613 denariis,
1696 3534 1735 3601 et
1753 3527 1838 3601 red·

248 3653 375 3730 dendo
395 3653 579 3750 scutagia,
600 3660 639 3727 et
657 3675 729 3749 per
748 3647 968 3726 seriantiam
987 3671 1106 3721 unum
1125 3645 1186 3720 vel
1206 3644 1348 3743 plures.
1369 3644 1428 3720 Et
1447 3643 1551 3719 unde
1572 3643 1603 3720 si
1623 3653 1778 3720 tantum
1798 3644 1839 3719 in

248 3774 413 3852 denariis
430 3773 511 3848 sine
527 3769 700 3866 scutagio
716 3767 777 3844 vel
793 3765 985 3854 seriontia,
1002 3764 1063 3841 vel
1080 3764 1110 3841 si
1129 3763 1178 3838 ad
1196 3765 1273 3839 duo
1290 3771 1468 3839 teneatur
1487 3763 1556 3838 sub
1574 3763 1838 3852 disiunctione,

249 3891 417 3970 scilicet²²
439 3891 489 3967 ad
510 3897 655 3967 certam
677 3913 758 3963 rem
780 3884 949 3961 dandam
971 3909 1044 3982 pro
1067 3881 1232 3970 servitia,
1256 3881 1316 3956 vel
1341 3880 1536 3979 aliquam²²
1559 3881 1774 3957 summam²³
1799 3882 1840 3958 in

248 4010 426 4099 denariis,
452 4008 549 4085 illud
574 4014 838 4085 tenementum
864 4003 937 4080 dici
965 4001 1109 4100 poterit
1136 4001 1342 4098 socogium.
1374 4000 1417 4076 Si
1444 4009 1574 4077 autem
1601 4000 1838 4098 superaddat

248 4132 466 4229 scutagium
480 4137 519 4205 et
535 4126 732 4205 servitium
747 4123 888 4222 regale,
903 4122 991 4198 licet
1008 4121 1057 4197 ad
1072 4145 1195 4195 unum
1210 4119 1376 4207 obolum,
1393 4118 1453 4195 vel
1470 4119 1690 4195 seriantiam
1706 4144 1838 4195 secun-

249 4253 341 4328 dum
359 4250 463 4349 quod
479 4246 654 4345 superius
673 4245 904 4329 dictumest,
921 4240 1017 4316 illud
1035 4239 1109 4316 dici
1127 4238 1271 4337 poterit
1290 4238 1448 4313 feodum
1465 4237 1640 4314 militare.
1662 4239 1840 4314 Incerta

248 4395 338 4446 vero
355 4369 403 4445 de
420 4365 625 4444 donatione
642 4362 872 4462 quandoque
891 4359 1054 4436 adicitur
1071 4357 1148 4432 haec
1165 4357 1348 4445 clausula,
1365 4357 1424 4431 Et
1443 4381 1514 4456 epo
1533 4368 1572 4434 et
1590 4356 1746 4433 beredee
1764 4358 1839 4435 mei

248 4485 581 4564 warantizabimus
601 4482 670 4560 tali
689 4491 727 4558 et
747 4480 949 4558 heredibus
968 4478 1047 4554 suia
1067 4475 1260 4564 tautuu,²⁴
1279 4476 1341 4552 vel
1362 4475 1431 4552 tali
1451 4486 1490 4553 et
1510 4474 1711 4553 beredibue
1731 4475 1837 4552 aue‘

248 4607 309 4685 vel
332 4605 537 4703 assignatis
561 4612 600 4680 et
626 4600 827 4678 beredibus
852 4598 1147 4696 assignatorum,
1172 4596 1234 4672 vel
1259 4596 1464 4693 assignatis
1489 4596 1773 4693 assignatorum
1799 4605 1838 4673 et

248 4752 380 4805 eorum
401 4723 614 4810 beredibua,
633 4730 672 4798 et
692 4716 997 4819 adquietabimus
1017 4726 1056 4793 et
1076 4714 1328 4810 defendemus
1349 4714 1402 4790 eis
1422 4725 1545 4792 totam
1567 4723 1710 4790 terrum
1731 4714 1837 4792 diam

248 4872 335 4923 cum
359 4842 615 4945 pertiuentiis,
640 4839 850 4916 secundum
876 4835 978 4934 quod
1005 4833 1232 4932 pradictum
1257 4842 1327 4921 est,
1355 4842 1490 4910 contra
1517 4831 1675 4909 omuea'‘
1702 4843 1838 4931 pentes

248 5049 352 5123 ⁹ideo,
367 5048 444 5121 MG,
460 5047 532 5108 CM.
569 5042 596 5078 ²⁰
606 5041 666 5117 vel,
680 5042 720 5117 V,
736 5040 817 5111 MA;
831 5037 880 5098 vel
895 5038 946 5112 ed,
961 5038 1029 5112 OB,
1046 5036 1119 5096 ΜΒ.
1156 5034 1182 5068 ²¹
1195 5039 1321 5108 curiam,
1337 5035 1403 5110 LA,
1419 5035 1498 5106 MC;
1515 5035 1555 5095 ad
1570 5054 1645 5107 cur„
1662 5034 1755 5096 MSS,
1772 5055 1836 5096 aar,

248 5150 274 5186 ²²
286 5150 366 5223 Om,
386 5147 463 5222 MG,
482 5146 555 5206 CM.
596 5142 622 5177 ²⁸
634 5141 715 5215 Om,
733 5142 802 5216 OB,
821 5139 898 5214 MA,
916 5139 993 5212 ΜΒ,
1013 5137 1080 5212 CE,
1098 5137 1155 5197 Y..
1178 5134 1203 5168 ¹⁴
1216 5140 1387 5213 requirunt,
1406 5137 1446 5210 V,
1466 5136 1543 5212 MG,
1563 5137 1636 5197 CM.
1678 5134 1744 5170 ²²²²²
1756 5136 1837 5212 Om„

248 5253 314 5325 LA,
328 5250 402 5312 Mc,
438 5248 557 5321 17Οιιι.,
571 5243 638 5317 LA,
653 5243 725 5305 MC.
761 5240 788 5274 ²⁸
800 5239 973 5315 roboretur,
987 5240 1027 5314 V,
1041 5239 1107 5313 LA,
1124 5227 1196 5299 MC.
1233 5235 1260 5271 ²⁹
1272 5237 1362 5313 alter,
1378 5237 1455 5311 MG,
1471 5238 1544 5298 CM.
1582 5236 1608 5270 ²⁰
1621 5238 1836 5312 facienda‚V;

249 5350 393 5424 iaciend,
408 5349 478 5424 OB,
493 5348 566 5407 CM.
603 5344 630 5378 ²²
641 5347 679 5418 si,
695 5343 772 5417 MG,
789 5342 861 5404 CM.
899 5338 1079 5418 ²²·²⁸aliqua
1096 5359 1223 5414 summa,
1241 5340 1307 5414 LA,
1323 5339 1396 5400 Mc,
1435 5338 1500 5373 22222
1512 5340 1592 5416 om.)
1611 5341 1688 5416 ΜΕ,
1705 5341 1780 5415 CM,
1797 5342 1835 5402 Y·

248 5451 274 5488 ²⁸
286 5471 389 5513 omnes
405 5448 541 5510 homines
557 5453 600 5520 et,
616 5445 683 5518 LA,
700 5444 773 5505 MC.
