4394 6342
634 511 695 572 DE
718 509 1020 584 ADQUIBENDO
1043 510 1200 572 RERUM
1224 510 1426 572 DOMINIO
1778 518 1826 585 63

235 663 265 739 f.
281 664 350 756 16]
405 661 565 739 senserit
583 663 631 738 de
646 688 726 739 una
743 688 784 738 re
802 671 841 739 et
859 661 1082 738 donatarius
1100 661 1148 736 de
1167 661 1253 750 alia,
1271 685 1350 736 non
1366 660 1469 737 valet
1488 661 1645 737 donatio
1663 669 1827 759 propter

235 781 459 858 dissensum
474 782 532 859 Et
545 781 647 858 idem
660 782 732 859 erit
746 782 777 858 si
791 781 973 858 dissensio
988 781 1118 857 fuerit¹
1134 783 1175 857 in
1188 805 1340 878 genere,
1354 805 1527 868 numero,
1542 790 1582 856 et
1596 781 1824 878 quantitate.

237 902 289 977 In
300 926 452 998 genere,
466 910 511 978 ut
524 901 555 977 si
568 901 652 998 quis
666 902 780 989 dicat,
793 903 861 977 Do
875 900 945 978 tibi
958 900 1035 978 tale
1049 901 1262 976 manerium
1276 908 1436 987 cenum,
1448 908 1488 975 et
1503 899 1727 976 donatarius
1742 925 1825 976 sen·

235 1020 327 1096 serit
347 1020 394 1096 de
414 1019 500 1107 alio,
522 1020 695 1117 quamvis
715 1020 893 1096 seisinam
912 1019 1157 1117 occupaverit
1178 1018 1249 1095 sibi
1269 1027 1400 1094 tamen
1420 1016 1515 1094 nihil
1535 1018 1715 1116 adquirit.
1739 1018 1826 1094 Nu·

235 1163 352 1227 mero,
364 1146 410 1214 ut
422 1138 453 1214 si
467 1137 551 1236 quis
564 1138 696 1214 decem
708 1138 867 1226 dederit,
882 1147 920 1214 et
934 1137 1030 1213 nlius
1045 1137 1205 1214 senserit
1219 1137 1266 1213 de
1280 1136 1428 1234 viginti,
1443 1161 1521 1212 non
1534 1136 1638 1212 velet
1652 1137 1826 1234 quamvis

233 1257 356 1333 maior
374 1281 556 1333 numerus
575 1255 674 1331 inse
692 1255 887 1332 contineat
904 1255 1103 1345 minorem,
1124 1256 1214 1353 quia
1232 1264 1394 1352 uterque
1414 1255 1603 1332 incertum
1622 1279 1826 1330 numerum

235 1401 313 1451 non
331 1376 531 1452 consentit.
554 1375 633 1451 Sed
650 1375 710 1450 hic
727 1401 836 1451 error
853 1374 1004 1452 nocebit
1023 1375 1064 1451 in
1082 1400 1249 1473 persona
1268 1374 1470 1450 donatarii.
1494 1375 1573 1450 Sed
1592 1375 1684 1472 quid
1705 1375 1736 1450 si
1757 1375 1825 1450 ali-

235 1495 319 1594 quis
344 1494 492 1571 dederit
515 1495 645 1570 decem
667 1504 707 1571 et
729 1493 954 1570 donatarius
978 1493 1211 1571 consenserit
1235 1494 1276 1568 in
1300 1493 1489 1592 quinque?
1513 1493 1631 1569 Valet
1655 1495 1825 1582 donatio,

235 1615 325 1713 quia
345 1614 457 1690 ambo
478 1613 722 1691 consentiunt
742 1614 783 1688 in
802 1614 990 1691 minorem
1009 1639 1224 1690 numerum.
1249 1613 1312 1690 Sic
1332 1638 1412 1689 non
1432 1622 1490 1689 est
1511 1613 1552 1689 in
1575 1614 1700 1711 primo
1721 1637 1824 1702 casu,

234 1735 325 1832 quia
342 1733 384 1809 in
400 1733 526 1831 primo
543 1758 635 1808 casu
654 1733 819 1808 donator
837 1758 915 1808 non
933 1732 1122 1809 consentit
1141 1732 1181 1806 in
1199 1732 1383 1808 maiorem
1401 1730 1637 1808 numerum:²
1656 1732 1717 1807 hic
1736 1757 1824 1807 con·

235 1850 365 1928 sentit⁸
378 1853 418 1927 in
431 1861 650 1950 utrumque,
666 1852 756 1950 quia
769 1852 800 1928 si
813 1853 853 1927 in
867 1851 1050 1928 maiorem
1063 1877 1134 1949 per
1148 1875 1381 1949 consequens
1397 1851 1437 1927 in
1450 1852 1648 1940 minorem,
1664 1852 1731 1928 sed
1745 1877 1825 1927 non

233 1971 482 2047 convertitur.
508 1973 611 2048 Item
635 1971 676 2046 in
700 1971 928 2070 quantitate,
951 1979 997 2047 ut
1021 1972 1053 2047 si
1077 1971 1161 2068 quis
1185 1969 1300 2059 dicat,
1324 1971 1392 2046 Do
1417 1970 1487 2048 tibi
1510 1971 1640 2048 decem
1665 1969 1824 2046 libratos

234 2097 347 2167 terroe
363 2089 417 2168 ἐπ’
435 2091 506 2169 tat
523 2090 706 2179 manerio,
724 2091 829 2188 quod
846 2091 950 2166 forte
968 2090 1072 2166 valet
1089 2090 1227 2187 viginti
1246 2089 1374 2179 libras,
1394 2099 1433 2167 et
1454 2089 1677 2166 donatarius
1697 2099 1824 2166 totum

233 2219 406 2310 occupet,
425 2235 503 2286 non
522 2210 624 2286 valet
644 2209 800 2286 donatio
821 2209 910 2308 quia
929 2210 1094 2285 donator
1114 2209 1155 2285 in
1174 2209 1311 2307 viginti
1331 2208 1503 2286 libratas⁶
1523 2233 1602 2284 non
1622 2210 1823 2286 consentit.

233 2329 358 2406 Aliud
375 2339 506 2407 tamen
524 2340 583 2407 est
601 2330 632 2406 si
650 2329 765 2418 dicat,
784 2330 851 2405 Do
871 2328 941 2406 tibi
959 2327 1036 2406 tale
1055 2328 1268 2405 manerium
1286 2352 1360 2427 pro
1380 2329 1510 2405 decem
1530 2326 1679 2405 libratis
1698 2338 1823 2415 terrae,

233 2474 321 2526 cum
337 2449 464 2526 valeat
480 2449 630 2548 viginti,
646 2448 751 2525 valet
766 2448 934 2525 donatio.
954 2448 1067 2524 Idem
1083 2455 1142 2524 est
1159 2448 1190 2524 si
1206 2447 1312 2524 dicat
1327 2449 1503 2536 donator,
1520 2449 1588 2524 Do
1607 2447 1676 2525 tibi
1693 2449 1824 2525 dacem

234 2593 342 2646 aoros
358 2570 398 2648 in
415 2569 484 2647 tat
500 2568 596 2657 loco,
611 2576 650 2643 et
666 2567 891 2644 donatarius
909 2567 1050 2645 sentiat
1067 2567 1115 2643 de
1132 2565 1282 2665 viginti,
1300 2591 1378 2643 non
1395 2565 1513 2643 valet⁸
1530 2578 1575 2643 ut
1594 2592 1724 2665 supra.
1746 2568 1825 2644 Sed

234 2687 326 2785 quid
342 2686 373 2763 si
390 2686 614 2763 donatarius
629 2687 676 2762 de
693 2687 823 2763 decem
839 2686 979 2762 sentiat
995 2710 1083 2761 cum
1100 2686 1265 2762 donator
1280 2684 1412 2763 decem
1428 2685 1588 2775 dederit,
1606 2695 1645 2763 et
1661 2695 1823 2785 occupet

232 2805 391 2904 viginti?
410 2806 528 2884 Valet
547 2805 715 2894 donatio,
735 2805 826 2904 quia
842 2804 903 2879 hic
921 2829 1000 2880 non
1018 2814 1078 2881 est
1096 2829 1204 2880 error
1222 2805 1290 2881 sed
1308 2805 1559 2902 praesumptio
1579 2829 1663 2902 quae
1682 2803 1823 2903 corrigi

233 2925 377 3026 poterit
397 2926 444 3003 de
463 2925 672 3024 superfluo.
694 2926 798 3001 Item
817 2923 867 3001 sit
887 2925 991 3022 quod
1010 2923 1112 3000 dicat
1133 2924 1309 3013 donator,
1329 2924 1398 3000 Do
1418 2923 1488 3001 titi
1507 2931 1657 3000 tantam
1679 2933 1822 3000 terrant

232 3070 305 3144 pro
319 3046 450 3122 decem
464 3044 624 3133 libratis,
639 3053 679 3121 et
692 3043 743 3120 ibi
759 3043 848 3120 sint*
863 3041 1013 3141 viginti,
1030 3041 1153 3119 adhuc
1168 3041 1272 3119 valet
1288 3043 1445 3119 donatio
1461 3043 1551 3141 quia
1566 3051 1703 3119 neuter
1717 3052 1822 3120 errat

233 3190 302 3242 nec
321 3172 381 3242 est
401 3165 595 3262 deceptus.
620 3162 772 3255 <Quia
791 3162 880 3239 licet
901 3188 1008 3238 error
1029 3163 1078 3240 sit
1099 3162 1140 3238 in
1160 3161 1301 3251 valore,
1322 3186 1402 3237 non
1420 3170 1552 3238 tamen
1575 3169 1633 3237 est
1655 3187 1762 3238 error
1781 3162 1823 3238 in

233 3283 347 3378 re.'>
370 3284 474 3360 Item
491 3283 522 3359 si
540 3282 642 3360 dicat
659 3282 836 3371 donator,
853 3283 921 3359 Do
940 3281 1010 3359 tibi
1026 3283 1157 3359 dacem
1175 3281 1345 3370 libratos,
1363 3290 1404 3358 et
1423 3281 1646 3358 donatarius
1666 3306 1822 3359 consen·

231 3403 319 3481 tiat'
336 3403 377 3478 in
394 3403 573 3502 quinque,
591 3401 715 3478 adhuc
732 3401 835 3477 valet
852 3400 1009 3477 donatio
1027 3400 1117 3500 quia
1134 3399 1263 3476 nullus
1282 3408 1339 3477 est
1356 3427 1465 3476 error
1482 3401 1548 3498 qui
1565 3409 1713 3489 noceat,
1734 3402 1823 3499 quia

232 3530 394 3620 uterque
413 3519 603 3597 consentit
622 3521 664 3596 in
684 3519 875 3596 eundem¹⁰
895 3544 1110 3609 numerum,
1132 3519 1222 3617 quia
1242 3519 1308 3618 qui
1329 3519 1519 3596 consentit
1538 3519 1579 3594 in
1601 3520 1731 3596 decem
1752 3546 1823 3621 per

231 3666 466 3740 consequens
482 3639 672 3716 consentit
688 3639 728 3715 in
745 3639 924 3738 quinque,
941 3639 1064 3716 maior
1080 3639 1182 3715 enim
1199 3664 1381 3715 numerus
1399 3639 1440 3715 in
1456 3665 1497 3716 se
1514 3639 1686 3716 continet
1701 3640 1821 3717 mino-

232 3784 325 3836 rem.
342 3759 401 3837 Et
417 3759 458 3835 in
473 3759 551 3835 fine
567 3759 781 3835 notandum
798 3760 902 3856 quod
919 3758 949 3834 si
967 3759 1007 3834 in
1023 3783 1163 3858 corpus
1181 3758 1284 3856 quod
1301 3758 1470 3835 traditur
1488 3758 1538 3836 sit
1555 3758 1821 3848 consensum,¹¹

231 3879 337 3955 non¹¹
352 3879 503 3969 nocet,¹⁸
517 3880 690 3978 quamvis
705 3879 832 3955 circa²⁴
847 3903 1002 3956 causam
1018 3880 1135 3956 dandi
1151 3890 1267 3978 atque
1282 3880 1489 3979 recipiendi
1504 3881 1554 3957 sit
1568 3879 1821 3957 dissensum.²'

232 4001 293 4079 Ut
308 4003 339 4078 si
352 4002 555 4102 pecuniam
569 4011 812 4079 numeratam
824 4001 895 4078 tibi
909 4002 1074 4090 tradam,
1089 4003 1150 4078 vel
1165 3993 1286 4100 quid¹⁶
1298 4001 1389 4092 tale,
1405 4009 1445 4078 et
1459 4011 1504 4078 tu
1519 4028 1604 4079 eam
1619 4002 1728 4100 quasi
1742 4010 1821 4078 tra-

231 4122 380 4201 ditam¹'
402 4122 577 4221 accipias,
599 4131 750 4200 constat
771 4125 822 4200 ad
842 4133 881 4200 te
903 4123 1182 4223 proprietatem
1203 4123 1379 4200 transire.
1404 4125 1507 4200 Item
1528 4125 1570 4199 in
1593 4123 1822 4222 quibusdam

231 4242 500 4321 donationibus
517 4253 672 4343 oportet
690 4246 794 4343 quod
811 4242 1001 4320 aliorum¹⁸
1018 4269 1223 4320 consensus
1240 4243 1471 4321 interveniat
1489 4269 1605 4343 quam
1624 4244 1820 4322 donatoris

230 4373 270 4441 et
289 4365 497 4442 donatarii:
516 4376 561 4443 ut
581 4365 612 4442 si
631 4365 948 4466 archiepiscopus,
969 4365 1182 4464 episcopus,
1204 4365 1321 4442 abbas
1340 4366 1401 4441 vel
1420 4366 1538 4464 prior,
1559 4374 1686 4441 rector
1704 4365 1820 4443 eccle·

230 4483 385 4573 siarum,
418 4484 584 4562 sindicus
615 4485 676 4561 vel
707 4485 964 4583 procurator²'
997 4485 1244 4562 donationem
1276 4486 1451 4574 fecerint,
1484 4485 1655 4562 omnium
1688 4512 1821 4563 eorum

231 4629 396 4701 quorum
421 4604 643 4682 interfuerit
669 4605 922 4704 requirendus
948 4604 1049 4682 erit²⁰
1077 4630 1295 4695 consensus,
1323 4606 1421 4684 sicut
1449 4606 1563 4704 regis,
1592 4614 1633 4682 et
1661 4606 1820 4707 capituli

314 4817 405 4895 ¹tist,
427 4820 496 4896 OB,
518 4821 555 4883 V.
600 4819 807 4883 ²‘⁸nnmcrum
828 4823 884 4884 sed
906 4827 938 4884 in
961 4827 1022 4884 isto
1044 4843 1118 4884 casu
1139 4827 1303 4897 consentit,
1328 4824 1405 4898 MG,
1428 4825 1501 4885 CM.
1547 4822 1620 4898 ‘dc,
1643 4825 1718 4900 CM,
1741 4824 1818 4886 MG.

230 4917 363 4997 'libram
382 4921 427 4995 V;
446 4920 580 4998 librans,
599 4924 678 4999 MG,
697 4923 771 4984 CM.
812 4921 921 4985 ‘valet
939 4923 1076 5003 donatio,
1096 4925 1135 4999 V,
1156 4925 1230 5001 HA,
1251 4926 1325 4987 CM.
1367 4923 1474 5000 quat,
1495 4926 1534 5000 V,
1554 4925 1624 5000 OB,
1644 4926 1721 5001 MA,
1743 4924 1820 5000 ΜΒ,

230 5020 268 5082 Y.
309 5018 377 5100 ἐι,
393 5023 461 5099 LA,
477 5025 558 5098 MC;
574 5031 678 5086 tamen
695 5029 780 5088 inre
795 5032 913 5101 errant,
930 5026 968 5087 V.
1008 5024 1196 5101 'consentin
1214 5027 1253 5099 V,
1270 5027 1345 5099 ΟΒ;
1363 5045 1426 5088 non
1443 5031 1626 5101 consentiat,
1645 5026 1728 5100 MG;
1747 5046 1819 5087 con·

229 5127 371 5201 censerit,
388 5125 463 5186 ΜΒ.
500 5123 736 5202 ²⁰unum,MG,
753 5128 826 5187 CM.
865 5126 892 5161 ²¹
903 5145 1080 5201 consensus,
1096 5128 1165 5202 OB,
1183 5129 1258 5202 MA,
1275 5127 1342 5202 LA,
1360 5127 1435 5201 MC,
1452 5128 1530 5203 MG,
1548 5128 1621 5188 CM.
1660 5124 1726 5162 ¹²⁴⁸
1738 5127 1819 5203 Om.,

230 5224 300 5300 OB,
319 5227 396 5302 MA,
415 5225 490 5288 ΜΒ.
530 5226 687 5304 14οοιιῐη,
705 5229 775 5303 OB,
794 5228 861 5304 LA,
881 5228 960 5302 MC;
979 5235 1105 5304 certam,
1125 5227 1191 5290 OC.
1234 5226 1438 5302 ¹³disscmna,
1458 5230 1533 5304 CM,
1555 5229 1636 5300 MA;
1656 5227 1819 5303 dismio,

229 5324 475 5402 V3dhcemnm,
490 5328 555 5390 OC.
594 5325 760 5407 “aliquid
776 5331 846 5406 OB,
862 5331 938 5406 MB,
955 5331 994 5391 Y.
1032 5327 1230 5404 ²'creditam
1247 5330 1317 5406 OA,
1333 5330 1399 5405 LA,
1417 5330 1495 5404 MG,
1512 5330 1587 5404 CM,
1605 5330 1678 5391 HA
1717 5326 1819 5390 ²'arrr-

229 5426 348 5503 borum,
366 5429 443 5505 MG,
459 5429 533 5491 CM.
561 5428 588 5463 ²⁹
599 5438 735 5507 curator,
751 5431 820 5506 OA,
838 5432 905 5507 LA,
923 5433 986 5493 MC
1008 5431 1103 5509 (corr.
1121 5431 1241 5510 proc).
1270 5431 1295 5465 ²⁰
1307 5439 1366 5507 est,
1383 5431 1452 5506 OA,
1471 5432 1537 5507 LA,
1556 5430 1634 5505 MG,
1653 5431 1726 5504 HA,
1746 5431 1819 5492 MC.
