4394 6342
382 419 430 487 62
912 407 1134 469 BBACTON:
1157 406 1218 468 DE
1242 404 1434 467 LEGIBUS

381 562 451 638 Ad
471 585 555 660 quae
575 557 731 659 quidem
752 557 897 658 poterit
918 557 1172 635 summonitus
1195 554 1439 656 respondere,
1462 554 1565 653 quod
1588 553 1677 630 licet
1698 553 1856 630 donatio
1878 551 1971 629 Illa²⁹

379 681 507 757 minus
525 677 713 756 sufficiens
731 675 916 753 haberet⁸⁰
934 675 1097 766 initium,
1116 677 1218 753 idem
1236 676 1286 751 B.
1305 681 1441 775 postea
1458 698 1588 750 coram
1607 672 1737 773 probis
1756 673 1972 750 hominibus

381 808 508 877 ratam
529 798 664 874 habuit
687 797 933 874 donationem
956 795 1074 884 illam,
1098 806 1138 873 et
1161 794 1267 871 illam
1290 793 1549 870 confirmavit:
1575 802 1615 870 et
1639 793 1742 869 unde
1766 793 1798 870 si
1820 802 1975 870 mutata

382 915 610 994 voluntatc⁸1
637 923 773 1015 postea
800 915 960 1003 factum,
987 915 1092 1014 quod
1118 938 1232 991 suum
1259 912 1337 990 fuit
1363 937 1434 1012 per
1459 911 1769 989 ratihabitionem
1795 921 1836 989 et
1862 937 1972 988 suam

380 1033 722 1122 confirmationem,
753 1034 824 1110 hoc
854 1031 889 1110 ei
918 1057 1055 1109 nocere
1086 1056 1165 1107 non
1195 1031 1334 1108 debeat
1363 1055 1451 1108 cum
1483 1029 1653 1108 sufficere
1686 1029 1824 1108 debeat
1857 1032 1972 1108 semel

380 1153 556 1230 voluisse,

481 1272 600 1366 Qraad
617 1279 722 1349 certa
738 1295 799 1348 rea
813 1271 863 1349 ait
879 1293 965 1370 qaae
980 1271 1066 1348 dart
1081 1269 1206 1348 debet.

380 1392 570 1469 Oronrnr
589 1390 706 1469 etiam
726 1392 830 1490 quod
848 1398 955 1467 certa
974 1415 1035 1468 res
1056 1389 1271 1466 deducatur
1290 1387 1331 1465 in
1350 1389 1609 1477 donationem,
1632 1387 1722 1487 quia
1742 1389 1896 1466 incerta
1917 1388 1972 1465 rei

379 1510 488 1587 nulla
505 1519 564 1588 est
582 1510 751 1588 donatio.
773 1510 877 1587 Item
894 1518 1050 1610 oportet
1068 1508 1173 1608 quod
1191 1517 1298 1585 certa
1317 1507 1366 1585 sit
1385 1533 1446 1584 res
1466 1507 1639 1607 quamvis
1659 1507 1827 1586 incertus
1847 1509 1898 1585 sit
1917 1508 1971 1586 rei

380 1638 552 1720 eventus,
567 1639 613 1707 ut
628 1630 660 1706 si
675 1629 777 1707 dicat
793 1629 889 1728 quis,
904 1627 1022 1706 Dabo
1038 1628 1109 1706 tibi
1125 1627 1241 1706 talam
1258 1652 1339 1705 reta
1357 1651 1443 1705 cam
1461 1625 1554 1705 alibi
1569 1627 1748 1706 aranas
1763 1637 1855 1727 post
1871 1653 1971 1704 aaar-

380 1758 458 1825 tem
477 1748 565 1826 talis
583 1748 844 1837 antecessoria,
861 1748 923 1825 vel
941 1772 1028 1826 cam
1046 1748 1103 1825 ita
1118 1746 1268 1842 factam
1287 1749 1337 1824 ait
1356 1747 1417 1824 val
1435 1770 1515 1823 aaa
1532 1745 1695 1841 factam,
1714 1747 1776 1823 vel
1794 1771 1882 1824 cam
1902 1747 1972 1824 bac

379 1867 580 1944 secataar'
596 1867 717 1962 faerit
735 1867 797 1945 vel
813 1892 893 1944 aaa
909 1865 1123 1944 ποιήμαθ’
1141 1866 1200 1944 Et
1217 1866 1351 1943 eodem
1369 1867 1484 1942 modo
1502 1890 1590 1943 cum
1609 1875 1715 1942 certa
1733 1867 1871 1944 debeat
1889 1892 1971 1944 esse

378 2011 439 2063 res
454 2010 539 2086 quac
553 1988 723 2064 donatur
737 1986 797 2063 vel
813 1985 1067 2087 promittitur,
1082 1985 1139 2062 ita
1153 1993 1309 2086 oportet
1324 1986 1428 2084 quod
1443 1995 1549 2062 certa
1566 1985 1615 2063 sit
1631 2011 1692 2062 res
1709 2011 1793 2084 quae
1811 1988 1970 2064 redona·

378 2113 445 2182 tur
461 2106 522 2181 vel
538 2106 834 2206 repromittitur,
853 2103 978 2183 sicut⁸⁴
996 2104 1218 2203 homagium
1235 2103 1302 2182 et⁸⁸
1321 2114 1468 2181 certum
1488 2104 1697 2183 servitium.
1718 2106 1777 2182 Et
1796 2106 1849 2182 sic
1867 2105 1971 2183 cadit

379 2226 537 2302 donatia
554 2227 596 2302 in
612 2250 734 2302 unum
753 2233 919 2324 quatuor
938 2232 1208 2301 contractuum
1225 2221 1593 2301 innominatomm.⁸⁰
1614 2224 1675 2301 Ut
1695 2225 1726 2301 si
1746 2223 1882 2313 dicam,
1902 2225 1970 2302 Da

379 2345 581 2423 abiaram
600 2370 682 2423 rem
701 2353 845 2422 certam
863 2368 937 2444 pra
957 2343 1134 2442 hanapia
1153 2353 1192 2421 et
1211 2343 1365 2420 servitia
1386 2341 1494 2432 ta0,⁸¹
1515 2351 1671 2442 oportet
1691 2345 1795 2444 quod
1815 2344 1972 2421 servitia

379 2472 484 2540 certa
500 2463 577 2540 sint
592 2473 632 2540 et
647 2488 830 2561 expressa
845 2465 886 2539 in
901 2461 1081 2563 scriptis⁸⁸
1097 2464 1158 2539 vel
1175 2463 1255 2540 sine
1271 2461 1464 2562 scriptis,⁸'
1480 2462 1618 2562 quibus
1634 2463 1824 2563 expressis
1841 2465 1971 2540 omnia

379 2582 455 2659 alia
470 2583 625 2660 servitia
638 2591 679 2659 et
693 2582 987 2660 consuetudines
1003 2581 1265 2659 remittuntur.
1284 2582 1343 2658 Et
1359 2583 1390 2658 si
1406 2582 1599 2680 scriptura
1614 2607 1694 2659 non
1710 2582 1970 2673 intervenerit,

378 2702 653 2778 recurrendum
670 2701 742 2778 erit
759 2703 810 2778 ad
825 2727 1065 2779 communem
1081 2726 1207 2791 usum,
1223 2709 1268 2777 ut
1285 2701 1362 2779 tale
1380 2701 1579 2778 servitium
1595 2701 1666 2778 fiat
1683 2711 1723 2778 et
1738 2704 1970 2780 tantundem

379 2821 596 2920 quantum⁴⁰
611 2823 706 2899 facit
720 2830 876 2898 tantum
889 2820 1028 2898 terrac⁴¹
1042 2821 1084 2895 in
1099 2820 1234 2897 eadem
1247 2819 1339 2896 villa
1353 2821 1402 2898 de
1417 2819 1551 2898 eodem
1567 2820 1694 2897 feodo.
1712 2821 1770 2897 Et
1786 2823 1817 2898 si
1832 2823 1880 2899 de
1896 2848 1969 2899 usu

377 2942 572 3020 contentio
587 2941 746 3030 oriatur,
760 2941 1035 3018 recurrendum
1047 2941 1120 3018 erit
1134 2940 1184 3016 ad
1198 2939 1482 3038 inquisitionem
1497 2939 1634 3038 patria
1647 2941 1708 3016 vel
1722 2942 1773 3017 ad
1786 2966 1970 3040 magnam

377 3061 546 3140 assisam.
561 3062 664 3137 Item
676 3069 831 3158 oportet
843 3061 947 3159 quod
960 3068 1065 3136 certa
1076 3059 1193 3134 verba
1205 3058 1464 3137 interveniant
1476 3058 1675 3143 donationi
1687 3084 1860 3158 congrua
1873 3059 1970 3137 sicut

379 3190 418 3257 et
432 3178 684 3279 stipulationi,
698 3187 745 3255 ut
759 3180 790 3255 si
805 3179 942 3266 dicam,
956 3175 1110 3254 Dabis⁴²
1124 3177 1216 3256 mibi
1231 3183 1406 3254 centana?
1421 3187 1460 3255 et
1475 3178 1719 3276 respondeas,
1734 3178 1864 3268 Deba,
1880 3180 1971 3278 quia

378 3322 458 3374 non
480 3299 584 3375 valet
607 3297 860 3396 interrogatio
884 3296 956 3373 nisi
981 3306 1164 3396 sequatur
1188 3296 1386 3396 responsio
1410 3297 1638 3374 conveniens
1663 3297 1969 3396 interrogationi,

379 3417 520 3495 scilicet
537 3416 665 3494 Dabo.
685 3417 745 3493 Et
763 3442 811 3492 ex
828 3416 898 3493 tali
917 3415 1219 3513 interrogatione
1238 3423 1277 3490 et
1295 3415 1542 3514 responsione
1561 3417 1694 3494 statim
1712 3418 1885 3517 sequitur
1904 3418 1969 3494 ob·

378 3537 525 3635 ligatio.
552 3537 657 3613 Item
681 3536 712 3612 si
738 3534 931 3634 scriptura
953 3535 1202 3611 intervenerit
1228 3535 1377 3611 validor
1401 3535 1474 3612 erit
1499 3535 1669 3625 donatio,
1696 3535 1788 3635 quia
1813 3537 1969 3637 probari

379 3655 524 3754 poterit
541 3654 698 3730 donatio
716 3653 867 3730 facilius
884 3662 925 3730 et
940 3652 1077 3729 melius
1093 3679 1165 3751 per
1182 3654 1414 3751 scripturam
1432 3664 1472 3731 et
1488 3653 1746 3732 instrumenta
1763 3681 1880 3753 quam
1899 3681 1970 3757 per

377 3781 496 3852 testes
514 3774 576 3850 vel
593 3799 664 3872 per
681 3782 834 3850 sectam.
855 3773 913 3850 Et
931 3773 979 3849 de
996 3772 1113 3850 cartis
1132 3780 1171 3849 et
1190 3773 1267 3850 fide
1287 3772 1631 3851 instrumentorum
1650 3773 1802 3874 plenius
1821 3775 1971 3853 dicetur

379 3893 495 3969 infra.
518 3893 623 3970 Item
642 3916 720 3967 non
739 3891 843 3968 valet
864 3892 1021 3968 donatio
1041 3891 1114 3968 nisi
1133 3901 1216 3969 tam
1237 3893 1364 3969 dantis
1386 3918 1503 3990 quam
1525 3893 1744 3993 accipientis
1766 3903 1970 3972 concurrat

378 4019 537 4087 mutuus
571 4035 776 4088 consensus
810 4018 849 4085 et
883 4011 1074 4100 voluntas,
1110 4011 1251 4088 scilicet
1286 4011 1390 4109 quod
1424 4013 1589 4088 donator
1624 4012 1763 4089 habeat
1799 4014 1970 4091 animum

378 4132 548 4209 donandi
562 4141 602 4209 et
614 4130 838 4208 donatarius
853 4130 1024 4207 animum
1038 4129 1257 4228 recipiendi.
1273 4130 1395 4207 Nuda
1409 4130 1512 4207 enim
1525 4130 1652 4208 ratio⁴⁸
1666 4142 1707 4209 et
1721 4133 1827 4210 nuda
1841 4133 1969 4232 pactio

379 4276 459 4327 non
481 4251 632 4328 faciunt
655 4250 823 4349 aliquem
846 4249 1069 4338 debitorem,
1093 4257 1139 4325 ut
1163 4250 1194 4326 si
1219 4250 1355 4339 dicam,
1379 4251 1446 4327 Do
1471 4249 1542 4327 tibi
1565 4251 1683 4327 talem
1707 4276 1801 4340 rem,
1826 4263 1865 4330 et
1890 4277 1970 4329 non

377 4369 547 4446 habuero
560 4369 731 4445 animum
745 4368 926 4458 donandi,
941 4392 1011 4444 nec
1024 4394 1049 4445 a
1060 4367 1268 4445 traditione
1281 4367 1473 4469 incipiam,
1488 4395 1567 4446 non
1580 4370 1694 4446 valet.
1710 4371 1772 4449 Ut
1787 4372 1817 4448 si
1833 4373 1969 4462 dicam,

378 4491 446 4568 Do
467 4488 537 4566 tibi
556 4489 670 4566 iatam
691 4512 786 4575 rem,
808 4497 846 4564 et
867 4486 973 4563 illam
993 4485 1099 4562 nolui
1120 4487 1274 4564 tradere
1296 4487 1357 4562 vel
1379 4487 1566 4565 sustinere
1588 4491 1692 4588 quod
1714 4490 1820 4567 illam
1841 4500 1969 4568 tecum

379 4610 495 4697 ieras,
516 4608 577 4683 vel
597 4605 772 4682 arborem
792 4607 924 4682 datam
944 4605 1126 4694 succidas,
1147 4631 1225 4681 non
1245 4606 1348 4683 valet
1369 4606 1537 4696 donatia,
1560 4607 1650 4706 quia
1669 4609 1835 4686 donator
1855 4609 1969 4711 plene

378 4753 458 4804 non
474 4725 674 4804 consentit.
694 4726 798 4802 Item
815 4732 971 4824 oportet
989 4725 1093 4823 quod
1110 4750 1189 4800 non
1207 4725 1256 4802 sit
1275 4750 1382 4802 error
1400 4725 1441 4802 in
1459 4752 1501 4803 re
1520 4728 1625 4816 data,
1642 4728 1733 4828 quia
1752 4728 1784 4805 si
1803 4730 1969 4807 donator

379 4927 497 5005 ²⁸0na,
512 4930 578 5006 LA,
595 4928 652 5007 (-{-
665 4928 759 5006 Mc).
796 4924 957 5002 ⁸⁰habeat,
971 4927 1049 5000 MG,
1063 4927 1136 4987 CM.
1172 4923 1198 4960 ⁸¹
1210 4925 1369 4990 voluntate
1383 4927 1459 4988 velit
1472 4932 1665 5008 Impugnare‚
1681 4929 1755 5003 HA,
1770 4929 1808 4990 V.
1846 4927 1969 4990 ’Μία-

378 5037 514 5091 secutum
537 5074 544 5089 .
567 5073 574 5090 .
599 5073 606 5089 .
628 5033 809 5104 insecutum,
824 5026 894 5100 OA,
911 5027 978 5100 LA,
995 5027 1069 5100 HA,
1085 5027 1160 5102 CM,
1177 5027 1256 5105 MG,
1272 5029 1346 5089 MC.
1384 5025 1412 5062 ⁸⁴
1423 5033 1503 5091 sicut
1518 5037 1646 5107 eertum,
1663 5030 1740 5106 MG,
1758 5032 1831 5092 CM.
1871 5029 1898 5066 ⁸³
1909 5031 1969 5108 vel,

380 5131 457 5207 ΜΒ,
484 5129 522 5190 V.
569 5126 844 5203 ”nominatorum
871 5127 940 5202 OB,
969 5128 1013 5201 V;
1043 5135 1075 5190 et
1102 5132 1339 5204 nominatorum,
1367 5130 1444 5192 MG.
1496 5129 1523 5164 ⁸¹
1534 5136 1660 5194 servitio
1689 5151 1755 5209 suo,
1785 5133 1864 5208 MG,
1894 5133 1967 5195 CM.

379 5229 544 5308 ⁸⁸scripto‚
559 5230 627 5304 LA,
642 5229 719 5305 MG,
735 5229 810 5303 CM,
826 5229 894 5304 OC,
910 5228 983 5289 MC.
1022 5226 1188 5307 ”cortpta
1204 5231 1269 5291 LA.
1308 5229 1594 5308 ⁴⁰·‘1quantundem
1611 5241 1712 5310 terra,
1728 5236 1804 5309 0133
1822 5243 1969 5314 quantum

377 5337 499 5392 tantum
510 5337 611 5404 nm,
624 5330 699 5390 ΜΒ.
735 5327 762 5362 ⁴²
773 5327 824 5404 da,
838 5329 908 5403 OA,
920 5329 990 5403 OB,
1004 5330 1081 5406 MA,
1095 5330 1172 5406 ΜΒ,
1185 5332 1230 5406 Υ;
1246 5352 1316 5409 om,
1331 5333 1396 5394 ΟΕ.
1433 5331 1460 5368 ⁴⁸
1471 5333 1608 5410 donatio,
1622 5337 1692 5411 OB,
1706 5335 1745 5397 V.
