4432 6340
659 495 720 556 DE
743 494 1047 569 ADQUIRENDO
1069 499 1227 560 RERUM
1250 500 1452 563 DOMINIO
1779 511 1853 579 245

262 653 525 722 tenementum
543 645 709 723 militare
727 645 844 745 plus²⁹
864 647 926 724 vel
944 649 1082 737 minus,
1104 660 1142 727 et
1163 651 1372 727 secundum
1392 652 1591 751 antiquam
1611 655 1852 732 consuetudi·

263 789 350 841 nem
367 764 581 841 feodorum.
599 765 658 842 Et
673 764 752 841 tale
768 766 841 843 erit
857 767 1084 845 rationabile
1099 768 1283 846 relevium
1299 771 1348 847 de
1366 769 1519 847 feodis⁸⁰.
1533 771 1802 848 militaribus.³²

363 888 462 982 Quia
477 898 656 966 tencatur
670 890 721 967 ad
736 889 929 970 relevium.

263 1013 292 1088 f.
307 1011 401 1106 84b]
459 1013 571 1089 Iram
594 1013 677 1113 quis
698 1014 792 1092 dare
812 1016 951 1092 debeat
971 1016 1166 1094 relevium.
1189 1019 1247 1096 Et
1269 1019 1464 1095 sciendum
1486 1021 1589 1120 quod
1611 1021 1675 1097 ille
1696 1023 1762 1121 qui
1786 1022 1852 1098 ali·

262 1132 322 1208 cui
341 1131 509 1208 succedit
526 1133 609 1210 iure
627 1133 869 1224 hereditario,
889 1145 927 1211 et
947 1134 1014 1210 in⁸²
1033 1135 1141 1211 cuius
1159 1162 1325 1235 persona
1345 1137 1539 1214 relevatur
1558 1139 1748 1217 hereditas
1769 1166 1852 1240 quae

261 1252 386 1328 iacens
409 1251 514 1328 fuir*
535 1278 606 1351 per
625 1260 791 1329 mortem
811 1254 1071 1344 antecessoris,
1093 1264 1132 1332 et
1153 1281 1232 1332 non
1254 1256 1362 1332 alius.
1387 1258 1481 1333 Non
1502 1258 1605 1334 enim
1627 1258 1734 1337 dabit
1757 1259 1851 1335 rele-

260 1371 366 1448 vium
385 1372 451 1469 qui
470 1371 647 1447 seisinam
665 1372 882 1470 ingreditur
901 1399 950 1448 ex
969 1373 1100 1472 aliqua
1118 1398 1233 1451 causa
1253 1375 1528 1473 adquisitionis,
1550 1378 1648 1454 sicut
1667 1405 1716 1454 ex
1736 1403 1853 1455 causa

261 1489 465 1588 emptionis
483 1488 544 1565 vel
562 1488 791 1579 donationis,
809 1491 881 1568 nisi
898 1490 1140 1589 ingrediatur
1157 1518 1205 1569 ex
1224 1519 1340 1570 causa
1358 1495 1613 1572 successionis.

361 1612 513 1707 Qubus
529 1623 718 1691 teneatur.

261 1739 373 1813 Iram
394 1737 531 1836 quihus
552 1738 601 1816 sit
622 1740 805 1816 dandum.
827 1740 885 1818 Et
906 1740 1102 1818 sciendum
1122 1741 1226 1839 quod
1245 1768 1325 1818 non
1344 1742 1417 1819 nisi
1438 1743 1600 1820 dominis
1622 1745 1850 1845 capitalibus

261 1865 300 1932 et
328 1856 666 1956 propinquioribus
695 1858 977 1936 feoffatoribus.
1007 1860 1065 1936 Et
1095 1861 1126 1936 si
1154 1861 1285 1959 plures
1315 1861 1462 1938 fuerint
1491 1862 1675 1962 capitales
1706 1865 1850 1940 domini

208 2029 214 2039 -
258 1976 454 2074 gradatim
472 1977 723 2065 ascendendo,
743 1977 901 2076 quilibet
920 1978 1028 2054 heres
1047 1978 1230 2055 relevium
1249 1979 1384 2056 dabit⁸⁴
1404 2006 1472 2056 suo
1493 1981 1692 2058 ieoffatori
1713 1991 1751 2059 et
1771 2007 1850 2058 non

261 2095 355 2184 aliis,
376 2096 437 2172 vel
457 2095 531 2197 ipsi
553 2097 707 2172 domino
728 2096 823 2194 regi,
845 2098 877 2173 si
898 2097 1002 2174 forte
1022 2098 1190 2174 tenuerit
1212 2099 1260 2175 de
1282 2125 1326 2175 eo
1347 2099 1389 2174 in
1410 2099 1536 2198 capite
1558 2127 1629 2199 per
1652 2101 1850 2178 servitium

258 2211 434 2290 militare.

357 2337 384 2412 1
385 2344 464 2412 tem
479 2336 666 2436 quotiens.

262 2459 371 2535 Iram
389 2461 576 2559 quotiens.
594 2461 652 2538 Et
669 2461 865 2538 sciendum
882 2463 986 2560 quod
1003 2488 1082 2538 non
1098 2462 1171 2538 nisi
1189 2462 1304 2540 semel
1321 2472 1487 2553 tantum,
1507 2464 1648 2540 scilicet
1666 2465 1850 2563 quamdiu

258 2577 366 2655 heres
380 2579 577 2657 duraverit
590 2581 655 2679 qui
669 2580 785 2658 semel
797 2581 991 2657 relevavit.
1008 2581 1093 2656 Nec
1106 2582 1222 2658 etiam
1234 2590 1398 2680 propter
1410 2581 1665 2659 mutationem
1678 2583 1849 2660 domino·

257 2721 357 2785 rum,
370 2698 401 2774 si
412 2697 596 2795 capitales
608 2697 754 2774 domini
766 2698 925 2798 plures³⁶
938 2699 1167 2777 decesserint
1180 2701 1227 2776 de
1238 2699 1376 2776 herede
1389 2701 1430 2777 in
1442 2701 1631 2777 heredem.
1645 2702 1704 2778 Et
1717 2727 1849 2800 quam·

258 2816 314 2894 vis
328 2817 398 2894 hac
412 2819 460 2894 de
473 2843 588 2894 causa
601 2820 717 2917 plura
731 2819 918 2916 capienda
933 2817 1050 2894 sunt⁸⁰
1065 2818 1255 2916 homagia,
1270 2829 1310 2895 et
1324 2819 1472 2896 ratione
1486 2818 1729 2896 dominorum
1744 2820 1848 2897 sint⁸'

259 2935 413 3034 plura,⁸⁸
430 2946 563 3013 tamen
580 2937 736 3013 unicum
754 2937 827 3014 erit
846 2947 1036 3036 quantum
1055 2937 1105 3013 ad
1124 2947 1320 3014 tenentem
1340 2938 1513 3035 quamvis
1535 2939 1672 3037 saepius
1692 2939 1848 3014 innova·

259 3062 354 3143 tum,
374 3064 413 3132 et
433 3053 545 3130 ideo⁸⁹
566 3056 723 3131 umcum
742 3055 935 3132 relevium.
959 3056 1062 3132 Item
1083 3081 1170 3133 cum
1190 3065 1325 3133 tenens
1346 3057 1462 3132 semel
1483 3056 1666 3132 relevium
1688 3058 1847 3146 dederit,

259 3182 297 3249 et
315 3173 515 3271 contingat
532 3174 786 3251 mutationem
804 3175 887 3249 fieri
906 3174 1148 3251 dominorum
1169 3200 1216 3252 ex
1236 3200 1351 3251 causa
1371 3176 1587 3252 donationis
1606 3175 1667 3252 vel
1687 3177 1847 3275 emptio·

258 3293 329 3382 nis,
342 3319 414 3394 per
426 3293 609 3370 iudicium
621 3293 682 3369 vel
696 3293 949 3382 concordiam,
964 3293 1025 3369 vel
1040 3293 1115 3369 alio
1128 3318 1368 3392 quocumque
1382 3295 1508 3382 modo,
1524 3294 1697 3393 quamvis
1712 3305 1847 3371 tenens

260 3411 464 3511 aliquando
483 3411 640 3488 diversis
658 3412 821 3488 dominis
840 3413 906 3510 qui
924 3412 1199 3510 adquisiverint
1217 3421 1396 3490 teneatur
1415 3414 1465 3490 ad
1483 3413 1716 3511 homagium,
1736 3413 1797 3489 vel
1817 3414 1848 3490 si

259 3531 434 3606 dominus
466 3532 513 3607 de
544 3557 620 3628 quo
650 3530 759 3630 prius
790 3531 927 3618 tenuit,
958 3539 1121 3630 propter
1153 3530 1333 3608 delictum
1365 3531 1427 3607 vel
1458 3540 1621 3630 propter
1653 3532 1848 3608 defectum

259 3649 470 3727 heredum⁴⁰
498 3649 671 3727 sublatus
698 3650 747 3726 sit
774 3651 821 3726 de
848 3649 990 3725 medio:
1018 3675 1106 3726 cum
1132 3659 1267 3726 tenens
1294 3649 1450 3748 capitali
1478 3651 1632 3726 domino
1661 3651 1848 3749 superiori

258 3769 451 3867 obligatus
469 3768 518 3846 sit
535 3769 586 3845 ad
601 3768 835 3866 homagium,
852 3794 930 3844 non
949 3777 1110 3866 propter
1127 3766 1198 3842 hoc
1215 3768 1322 3844 dabit
1340 3767 1534 3870 relevium,
1553 3793 1641 3844 cum
1657 3767 1848 3845 hereditas

258 3888 298 3964 in
317 3914 482 3988 persona
500 3914 570 3965 sua
588 3913 667 3964 non
685 3885 848 3975 decidat,
869 3911 953 3984 quae
974 3885 1088 3962 semel
1108 3910 1179 3984 per
1197 3886 1326 3983 ipsum
1347 3885 1450 3960 iuit⁴²
1472 3886 1651 3974 relevata,
1674 3886 1846 3984 quamvis

258 4005 468 4084 deciderit⁴²
494 4007 534 4082 in
561 4031 726 4105 persona
752 4005 809 4081 sui
837 4003 980 4081 domini
1007 4003 1181 4102 capitalis
1209 4029 1279 4102 per
1304 4011 1469 4080 mortem
1495 4002 1556 4079 vel
1582 4003 1846 4091 mutationem,

259 4126 453 4202 defectum
466 4125 527 4201 vel
541 4124 732 4202 delictum.

259 4244 736 4462 Imrdhevrwdnhhaddedo
751 4359 918 4437 militari.
936 4360 994 4437 Et
1011 4359 1206 4436 sciendum
1222 4359 1326 4457 quod
1341 4367 1430 4456 post
1446 4356 1669 4454 homagium
1685 4357 1845 4445 factum,

257 4480 324 4558 et⁴⁸
346 4507 435 4559 cum
458 4479 520 4556 ei⁴⁴
544 4479 690 4557 fuerit⁴⁵
715 4478 905 4556 hereditas
930 4503 999 4554 sua
1023 4504 1094 4576 per
1118 4477 1316 4553 donnnum
1340 4475 1545 4575 capitalem
1568 4476 1760 4564 restituta,
1785 4474 1846 4551 vel

256 4626 344 4678 cum
356 4599 479 4677 maior
493 4600 621 4676 iactus
635 4599 716 4675 sine
730 4597 1004 4696 impedimento
1019 4605 1057 4674 et
1072 4593 1372 4672 contradictione
1388 4619 1427 4672 se
1442 4593 1615 4693 posuerit
1630 4593 1670 4670 in
1685 4619 1846 4670 vacuam

256 4819 282 4854 ²⁹
294 4821 374 4894 Om,
393 4819 462 4896 OB,
481 4820 556 4880 ΜΒ.
598 4815 664 4852 ’⁰⁸⁸²
677 4817 769 4878 feodo
788 4814 906 4892 militis,
926 4816 1000 4888 OB;
1022 4814 1113 4875 feodo
1133 4811 1275 4888 militum,
1297 4814 1379 4885 MG;
1401 4813 1494 4874 ieodo
1512 4812 1650 4887 militari,
1673 4813 1748 4888 MA,
1769 4814 1844 4874 MB.

256 4918 282 4954 ⁸²
293 4923 397 4996 etiam,
419 4921 489 4995 OB,
510 4919 588 4995 MA,
610 4919 685 4979 ΜΒ.
729 4917 874 4993 ⁸⁸fuerit,
897 4917 975 4991 MG,
998 4915 1072 4989 CM,
1095 4915 1133 4976 Y.
1178 4913 1297 4990 ⁸⁴0m.,
1319 4915 1389 4989 OB,
1412 4915 1489 4989 MA,
1513 4914 1589 4988 ΜΒ,
1612 4914 1679 4991 CB,
1704 4916 1781 4990 MG,
1805 4915 1843 4974 Y.

256 5019 282 5054 ⁸⁸
293 5020 421 5100 pluries,
436 5021 504 5096 OA,
517 5020 585 5094 LA,
600 5019 676 5094 MB,
691 5018 764 5080 CM.
800 5015 827 5051 ⁸⁸
839 5017 990 5095 capienda
1005 5020 1078 5090 sint,
1093 5018 1159 5092 LA,
1175 5017 1251 5092 MB,
1266 5015 1341 5090 MC,
1357 5016 1429 5089 cE;
1447 5015 1518 5090 fuit,
1535 5015 1606 5106 OO;
1624 5016 1753 5092 fuerint,
1770 5017 1843 5076 cM.

255 5119 321 5156 '⁷¹⁸⁸
332 5121 413 5195 Om,
431 5121 498 5196 cE,
515 5121 588 5182 MC.
627 5118 653 5153 ⁸⁹
665 5128 697 5181 et
714 5122 847 5193 omnino,
864 5119 933 5194 OB,
951 5117 1027 5190 MA,
1046 5117 1122 5192 MB,
1140 5117 1218 5192 MG,
1235 5117 1281 5189 Y;
1299 5116 1368 5176 ideo
1386 5118 1520 5193 omnino,
1538 5117 1575 5178 V.
1615 5115 1642 5150 ⁴⁰
1654 5115 1786 5192 heredis,
1805 5119 1844 5194 V,

256 5223 334 5295 CM3
349 5221 464 5298 hered,
479 5221 548 5296 OB,
564 5221 630 5295 OC,
647 5220 724 5296 MG,
738 5219 813 5280 MA.
851 5216 877 5252 ‘²
890 5217 996 5293 fuerit,
1013 5219 1090 5292 MG,
1106 5218 1144 5278 Y.
1181 5215 1208 5251 ⁴¹
1220 5217 1387 5293 deciderat,
1404 5219 1472 5293 OB,
1490 5220 1571 5291 MB;
1586 5218 1742 5296 ceciderit,
1760 5219 1842 5292 MG;

255 5321 412 5396 desiderit,
431 5321 504 5383 CM.
544 5320 570 5356 ⁴⁸
582 5321 662 5397 Om,
680 5319 749 5397 OB,
766 5321 842 5394 MA,
862 5318 937 5380 ΜΒ.
976 5317 1003 5352 ⁴⁴
1015 5319 1096 5395 Om,
1114 5319 1195 5391 MB;
1215 5322 1306 5393 enim,
1324 5319 1393 5393 OB,
1413 5320 1487 5379 MA.
1527 5317 1646 5394 ⁴⁶Om,
1666 5322 1741 5395 MA,
1761 5324 1843 5395 MB;

257 5422 408 5498 fuique.
