4374 6366
378 489 450 557 402
908 483 1132 545 BRACTON:
1154 481 1215 544 DE
1239 484 1431 547 LEGIBUS

377 632 505 719 verba,
523 657 595 729 per
612 631 775 708 fratrem
791 630 879 708 vel²⁹
897 631 1015 708 alium
1033 641 1233 730 parentem
1251 634 1456 723 interfecti,
1476 634 1634 712 scilicet:
1653 636 1706 713 A.
1726 639 1900 737 appellat
1918 640 1966 715 B.

378 750 482 848 quod
497 750 598 825 idem
613 750 662 826 B.
680 750 757 825 fuit
772 749 1012 826 consentiens
1028 752 1142 827 morti
1159 751 1247 828 talis
1264 752 1358 829 etin
1375 751 1557 840 auxilio,⁸⁰
1574 765 1613 830 et
1630 755 1686 831 ita
1702 755 1804 853 quod
1822 757 1885 832 ille
1902 757 1968 856 qui

379 867 601 944 convictus⁸²
630 876 688 944 est
715 867 763 944 de
790 868 896 944 facto
922 867 1041 945 exivit
1069 869 1116 945 de
1144 869 1258 944 domo
1285 869 1372 945 talis
1401 872 1588 969 appellati
1616 872 1666 948 ad
1696 873 1844 949 factum
1872 874 1967 951 illud

379 985 611 1074 faciendum,
628 997 666 1062 et
683 985 824 1063 ibidem
839 996 928 1085 post
945 987 1094 1063 lactum
1111 986 1235 1063 rediit.
1253 988 1312 1065 Et
1330 990 1432 1086 quod
1450 990 1532 1087 ipse
1549 989 1602 1064 A.
1621 1015 1788 1088 praesens
1806 990 1911 1068 fuit⁸²
1928 993 1969 1067 in

378 1103 564 1180 comitatu
581 1103 646 1179 ubi
665 1104 870 1204 praedictus
889 1105 937 1180 Β.
956 1103 1152 1181 minatus⁸⁸
1172 1105 1250 1183 fuit
1269 1104 1419 1182 eidem*
1438 1108 1554 1184 fratri
1574 1134 1654 1196 suo,
1674 1119 1713 1186 et
1732 1110 1788 1185 ita
1806 1111 1910 1208 quod
1929 1110 1969 1186 in

377 1224 513 1299 eodem
528 1222 713 1299 comitatu
730 1222 855 1322 petita
871 1223 947 1300 luit
964 1223 1012 1299 ab
1028 1249 1073 1300 eo
1089 1249 1169 1322 pax
1186 1224 1330 1301 domini
1347 1225 1460 1322 regis,
1478 1235 1516 1303 et
1534 1236 1670 1324 postea
1686 1228 1727 1302 in
1744 1229 1851 1304 curia
1867 1229 1968 1326 regis

378 1341 412 1418 ei
430 1342 534 1431 data,
552 1351 591 1418 et
608 1342 711 1440 quod
728 1343 784 1418 ita
801 1341 986 1440 nequiter,
1006 1341 1123 1419 offert
1141 1351 1317 1420 etcetera.
1338 1345 1395 1421 Et
1415 1369 1486 1442 per
1504 1344 1574 1420 hac
1592 1345 1709 1422 verba
1728 1346 1968 1423 consideran-

379 1459 473 1537 dum
490 1459 567 1536 fuit
586 1460 688 1558 quod
706 1459 878 1537 duellum
897 1469 995 1537 esset
1013 1460 1113 1537 inter
1132 1485 1207 1548 eos,
1226 1471 1271 1538 ut
1291 1461 1522 1538 determino
1541 1461 1699 1538 Paschae
1718 1462 1848 1539 anno³'
1867 1464 1969 1562 regis

378 1577 544 1653 Henrici
560 1603 662 1653 nono
678 1577 863 1654 comitatu
879 1577 1063 1668 Essexiae,
1081 1579 1129 1656 de
1146 1578 1321 1676 Hugone
1339 1581 1388 1656 de
1404 1578 1654 1679 Godingham
1671 1590 1710 1658 et
1727 1581 1903 1680 Hugone
1921 1583 1969 1659 de

379 1695 591 1794 Cantilupo
609 1696 656 1772 de
673 1705 797 1773 morte
815 1696 999 1774 Iohannis
1018 1698 1065 1773 de
1084 1696 1393 1795 Godingham.>

478 1820 525 1897 Si
538 1819 665 1919 primo
681 1818 884 1920 appellans
898 1820 946 1897 de
960 1821 1067 1916 facto
1083 1830 1260 1897 mortona
1273 1820 1395 1915 fuerit
1410 1821 1472 1898 vel
1486 1821 1675 1916 defaltum
1690 1822 1836 1917 facerit.

382 1944 573 2020 S1autem
588 1941 678 2019 ille⁸⁸
695 1945 760 2042 qui
775 1943 900 2043 primo
917 1943 1170 2042 appellaverit
1186 1943 1260 2021 de⁸⁷
1278 1942 1412 2020 facto⁸⁸
1426 1955 1603 2022 mortuus
1621 1945 1752 2035 fuerit,
1769 1945 1829 2022 vel
1847 1946 1969 2023 defal-

377 2071 460 2138 tum
480 2062 626 2150 fecerit,
644 2061 733 2139 vel⁸⁰
751 2087 918 2162 praesens
938 2089 978 2139 se
997 2062 1214 2151 retraxerit,
1234 2063 1295 2138 vel
1314 2088 1402 2139 cum
1422 2064 1526 2162 sequi
1546 2064 1639 2140 velit
1659 2065 1878 2164 appellatus
1899 2091 1970 2164 per

379 2181 643 2279 exceptionem
658 2180 857 2280 appellum
871 2181 1129 2270 declinaverit,
1144 2181 1388 2258 nihilominus
1402 2190 1535 2258 tamen
1548 2181 1701 2259 subesse
1715 2184 1859 2283 poterit
1875 2183 1969 2258 felo-

378 2300 454 2388 nia,
474 2324 558 2398 quae
576 2299 607 2376 si
625 2325 704 2375 non
723 2299 973 2375 convincatur
990 2299 1046 2374 ita
1064 2300 1316 2376 remanebunt
1335 2300 1523 2376 maleficia
1541 2300 1745 2400 impunita,
1767 2301 1870 2399 quod
1889 2326 1971 2377 esse

379 2443 457 2494 non
472 2418 596 2494 debet.
613 2418 671 2494 nt
686 2418 866 2516 quoniam
882 2442 961 2493 non
977 2418 1100 2494 solum
1116 2417 1321 2493 iniuriatur
1336 2419 1370 2494 ei
1387 2418 1453 2515 qui
1468 2419 1664 2507 occiditur,
1682 2419 1798 2495 immo
1815 2418 1970 2495 domino

379 2536 462 2634 regi
482 2536 588 2613 cuius
608 2562 688 2634 pax
708 2535 948 2633 infringitur,
968 2546 1007 2613 et
1027 2535 1118 2634 quia
1138 2535 1262 2612 adhuc
1282 2537 1434 2612 subesse
1454 2536 1598 2635 poterit
1620 2536 1774 2625 felonia,
1797 2537 1969 2635 quamvis

379 2654 599 2753 appellatus
622 2654 821 2754 appellum
843 2654 1090 2731 declinaverit
1112 2679 1182 2729 nec
1204 2654 1329 2731 adhuc
1351 2654 1533 2730 defensus
1556 2654 1629 2731 erit
1652 2655 1700 2730 de
1723 2654 1878 2743 felonia,
1903 2655 1970 2732 sed

379 2798 530 2872 semper
552 2771 668 2850 stabit
690 2772 941 2873 presumptio
963 2782 1127 2871 propter
1148 2772 1347 2871 appellum
1370 2773 1490 2848 donec
1512 2773 1700 2870 probetur
1721 2773 1969 2861 contrarium,

378 2916 448 2967 nec
466 2916 664 2968 remanere
680 2892 820 2968 debent
837 2890 1025 2968 maleficia
1041 2891 1243 2989 impunita.

479 3017 570 3091 Bac
584 3023 714 3114 potest
730 3014 938 3114 procedere
954 3039 1003 3091 aa
1020 3013 1144 3110 officio
1160 3037 1241 3090 auo.

380 3141 595 3216 Paocunas
609 3138 730 3235 igitur
744 3164 812 3214 rex
826 3163 874 3214 ex
888 3136 1010 3212 officio
1025 3163 1094 3214 suo
1109 3145 1148 3213 et
1162 3162 1235 3235 pro
1250 3161 1345 3235 pace
1360 3163 1429 3213 sua
1445 3137 1495 3213 ad
1510 3137 1794 3235 inquisitionem
1809 3146 1972 3235 propter

379 3257 718 3357 presumptionem
734 3255 889 3355 appelli,
905 3256 994 3331 acsi
1010 3255 1229 3355 appellatus
1244 3255 1324 3332 sine
1340 3255 1496 3355 appello
1511 3265 1609 3332 esset
1625 3255 1796 3353 legitime
1811 3255 1970 3331 indicta-

379 3374 484 3465 tus,⁴⁰
501 3385 540 3452 et
557 3375 660 3473 quod
677 3375 727 3450 ad
744 3399 875 3471 regem
892 3371 1086 3472 pertineat
1105 3371 1321 3449 accusatio⁴¹
1341 3382 1380 3450 et
1398 3382 1502 3450 secta
1520 3398 1593 3471 pro
1611 3397 1706 3470 pace
1724 3371 1834 3450 sua.⁴²
1853 3373 1970 3448 Vide·

380 3503 447 3571 tur
464 3504 502 3572 et
521 3495 624 3592 quod
642 3491 861 3592 appellatus
880 3517 959 3567 non
976 3492 1100 3568 solum
1118 3500 1273 3568 tenetur
1292 3491 1517 3590 appellanti,
1537 3490 1681 3567 immo⁴⁸
1701 3491 1856 3567 domino
1876 3491 1970 3589 regi,

381 3613 480 3689 sicut
491 3611 621 3689 videre
633 3611 776 3711 poterit
788 3637 860 3711 per
870 3610 988 3685 verba
1000 3610 1156 3708 appelli,
1169 3618 1214 3685 ut
1227 3609 1258 3685 si
1272 3609 1433 3697 dicatur,
1446 3610 1535 3685 talis
1550 3609 1723 3707 appellat
1737 3608 1854 3685 talem
1867 3609 1971 3707 quod

381 3731 556 3831 nequiter
579 3739 618 3806 et
640 3730 681 3806 in
703 3728 848 3806 felonia
871 3740 910 3805 et
932 3737 1067 3805 contra
1090 3752 1225 3827 pacem
1250 3727 1394 3804 domini
1417 3727 1518 3825 regis
1543 3725 1748 3815 etcetera,⁴⁴
1773 3753 1845 3825 per
1869 3726 1972 3825 quod

380 3851 501 3926 videri
527 3849 671 3948 poterit
696 3847 901 3926 manifeste
928 3847 1032 3945 quod
1058 3846 1278 3945 appellatus
1305 3871 1384 3921 non
1411 3845 1535 3922 solum
1562 3853 1717 3922 tenetur
1746 3845 1971 3943 appellanti,

381 3969 497 4044 immo
515 3967 670 4043 domino
688 3967 781 4064 regi.
802 3967 860 4043 Et
877 3964 981 4064 quo⁴⁵
999 3964 1118 4041 casu⁴⁶
1136 3989 1224 4041 cum
1243 3991 1283 4041 se
1302 3964 1509 4040 defendere
1527 3963 1709 4040 obtulerit
1729 3989 1800 4062 per
1819 3987 1971 4061 corpus,

381 4115 460 4166 non
486 4089 675 4177 audietur,
703 4087 793 4186 quia
817 4112 886 4163 rex
912 4111 991 4161 non
1015 4093 1179 4183 pugnat,
1206 4109 1276 4160 nec
1303 4085 1421 4160 alium
1447 4084 1562 4161 habet
1589 4083 1829 4182 campionem
1855 4108 1972 4181 quam

381 4210 561 4311 patriam,
579 4233 648 4285 nec
667 4208 697 4284 si
715 4215 814 4284 esset
831 4207 896 4305 qui
914 4206 1056 4282 diceret
1074 4207 1178 4304 quod
1195 4230 1372 4303 pugnare
1391 4204 1545 4281 deberet
1564 4202 1719 4279 duello⁴⁷
1738 4205 1903 4292 caderet,
1923 4229 1972 4278 ex

382 4357 458 4429 quo
474 4339 615 4406 sectam
630 4354 708 4406 non
724 4328 828 4416 fecit,
843 4352 913 4404 nec
927 4327 1032 4425 loqui
1047 4323 1204 4425 potest⁴⁸
1219 4326 1267 4402 de
1283 4325 1367 4401 visu
1383 4335 1422 4402 et
1438 4324 1585 4400 auditu.
1603 4325 1897 4402 Recurrendum
1914 4332 1972 4400 est

381 4451 502 4549 igitur
514 4451 562 4526 de
574 4450 799 4526 necessitate
811 4448 860 4524 ad
873 4448 1042 4547 patriam
1053 4458 1098 4523 ut
1111 4446 1274 4534 videtur,
1290 4471 1407 4544 quam
1419 4446 1573 4544 quidem
1587 4445 1619 4520 si
1632 4444 1852 4543 inculpatus
1866 4468 1971 4520 recu-

383 4571 523 4648 saverit
547 4571 700 4646 videtur
723 4569 826 4667 quod
850 4569 900 4645 sit
923 4567 1158 4654 indefensus,
1183 4577 1222 4644 et
1247 4592 1318 4665 per
1342 4566 1412 4641 hoc
1438 4566 1546 4663 quasi
1570 4565 1778 4653 convictus,
1804 4573 1844 4640 et
1869 4564 1973 4662 quod

382 4691 577 4789 cogendus
597 4689 647 4766 sit
668 4689 820 4766 videtur
840 4697 1003 4787 propter
1023 4688 1219 4764 defectum
1240 4686 1397 4763 alterius
1418 4686 1667 4785 probationis.
1691 4685 1751 4762 Ut
1773 4685 1805 4762 si
1828 4684 1973 4760 femina

383 4908 409 4943 ²⁹
420 4910 470 4969 vel
487 4929 555 4988 per,
574 4909 644 4982 OB,
662 4909 737 4968 ΜΒ.
779 4905 805 4939 ⁸⁰
817 4906 974 4979 auxilium,
995 4905 1061 4979 LA,
1081 4906 1154 4965 MC.
1196 4902 1343 4980 ”victua
1363 4905 1432 4978 OB,
1453 4901 1529 4976 MA,
1550 4903 1624 4963 ΜΒ.
1666 4899 1786 4975 ³²Om.,
1806 4903 1875 4978 OB,
1896 4901 1973 4977 MA,

383 5011 458 5070 ΜΒ.
502 5006 528 5043 ⁸⁸
539 5011 725 5082 nominatus,
748 5007 825 5080 MG,
848 5007 927 5078 CM;
950 5013 1103 5080 causatus,
1126 5005 1192 5067 OC.
1237 5003 1356 5082 8⁴quod
1379 5003 1488 5080 eidem,
1511 5004 1580 5080 OB,
1604 5005 1685 5076 MB;
1709 5011 1741 5064 et
1763 5002 1872 5080 eidem,
1897 5005 1971 5064 MA.

383 5107 966 5188 ⁸⁸annor-egni,MG,Clll,OC,MC.
1003 5106 1302 5183 ⁸⁰0m.,MG,cM.
1340 5103 1406 5140 ⁸⁸⁸⁸⁸
1417 5106 1498 5180 Om,
1513 5106 1582 5180 OB,
1598 5108 1674 5181 MA,
1690 5106 1766 5182 ΜΒ,
1782 5106 1847 5167 CB.
1886 5103 1973 5164 ⁸”vel

383 5208 434 5284 ad,
450 5209 528 5283 MG,
543 5211 617 5270 CM.
654 5207 856 5283 “iudicatus
871 5208 938 5284 CE,
955 5210 1031 5284 MA,
1048 5206 1290 5284 MB;videntis,
1307 5206 1374 5268 OB.
1413 5205 1439 5241 ⁴¹
1452 5211 1544 5282 actio,
1560 5208 1638 5284 MG,
1655 5208 1728 5268 CM.
1768 5206 1887 5284 ⁴⁸Om.,
1904 5209 1973 5284 OB,

383 5309 460 5385 MA,
475 5312 549 5371 ΜΒ.
587 5309 689 5386 ⁴⁸aad,
704 5311 772 5385 OB,
789 5311 865 5383 MA,
881 5311 955 5371 ΜΒ.
992 5308 1019 5342 ⁴⁴
1031 5311 1111 5383 Om,
1127 5310 1196 5385 OB,
1212 5311 1288 5385 MA,
1305 5311 1381 5385 ΜΒ,
1397 5311 1528 5383 MG3et
1545 5330 1623 5386 cum,
1638 5311 1705 5385 LA,
1723 5311 1796 5372 MC.
1835 5308 1973 5388 ⁴⁶'⁴⁸qua

382 5431 485 5486 cama,
502 5410 580 5483 MG,
597 5410 669 5469 CM.
707 5409 734 5444 ⁴*
746 5408 891 5484 duellum,
908 5412 947 5486 V,
964 5411 1036 5483 003
1054 5409 1168 5484 duella,
1186 5410 1262 5472 MG.
1301 5409 1330 5444 ⁴⁸
1339 5414 1466 5490 poterit,
1484 5411 1561 5486 MG,
1580 5412 1654 5486 CM,
1671 5412 1737 5474 OC.
