4374 6366
747 472 808 533 DE
832 472 1036 534 PLACITIS
1059 472 1248 534 CORONAE
1721 480 1796 555 487

206 648 412 722 personam
432 620 603 698 domini⁸⁸
624 621 725 719 regis
746 630 785 698 et
806 646 987 698 coronam
1008 648 1129 700 suam.
1150 624 1208 700 Et
1229 623 1314 699 ideo
1335 632 1580 701 coronatores
1602 625 1797 724 querelam

206 741 312 818 illam
332 741 410 818 sive
430 740 625 840 appellem
644 740 849 817 irrotulare
868 740 1020 830 debent,
1041 766 1187 818 annum
1207 751 1246 819 et
1267 741 1368 818 diem
1388 751 1428 818 et
1447 741 1586 831 locum,
1607 752 1647 819 et
1667 743 1796 819 omnia

206 859 325 936 verba
344 857 489 959 appelli
508 883 580 957 per
600 857 785 947 ordinem,
805 867 844 935 et
864 883 995 934 omnes
1016 859 1323 936 circumstantias
1343 869 1389 937 ut
1410 886 1530 960 supra
1550 860 1599 937 de
1620 861 1796 960 appellis,

206 1003 328 1075 usque
346 975 422 1052 ad⁸⁷
441 977 651 1052 adventum
669 975 971 1052 iustitiarionun.
993 976 1071 1053 Sed
1089 978 1120 1053 si
1139 985 1293 1054 tantum
1313 987 1456 1077 agatur
1474 981 1522 1056 de
1540 1005 1635 1079 pace
1654 981 1796 1056 viceco-

206 1095 322 1184 mitis,
343 1120 422 1172 nou
441 1095 515 1172 erit
534 1094 586 1170 ibi
608 1094 759 1172 amissio
779 1094 867 1170 vitae
887 1095 948 1170 vel
968 1095 1238 1184 membrorum,
1261 1097 1328 1172 sed
1350 1097 1523 1196 sequitur
1544 1122 1661 1197 poena
1682 1123 1796 1198 pecu·

207 1215 330 1290 niaria
347 1215 394 1290 de
411 1213 604 1290 convictis.
624 1211 789 1289 Potest⁸⁸
808 1212 962 1312 quidem
979 1212 1185 1292 vicecomes
1203 1214 1331 1292 facere
1348 1215 1493 1313 placita
1510 1240 1589 1291 non
1607 1241 1656 1292 ex
1674 1215 1797 1292 officio

206 1331 447 1420 vicecomitis,
466 1332 533 1408 sed
550 1331 631 1408 vice
648 1331 768 1430 ipsius
787 1331 888 1429 regis
907 1329 983 1408 cx⁸⁹
1001 1356 1117 1408 causa
1135 1331 1356 1421 necessaria,
1375 1357 1455 1409 nou
1474 1333 1572 1410 sicut
1590 1333 1797 1410 vicecomes

207 1452 274 1528 sed
289 1451 386 1528 sicut
401 1449 627 1528 iustitiarius
642 1448 783 1547 regis,⁴⁰
800 1450 831 1527 si
845 1448 943 1525 hoc⁴²
959 1449 1176 1548 specialiter
1190 1451 1224 1526 ei
1241 1451 1495 1528 demandetur
1510 1452 1614 1549 quod
1629 1451 1797 1528 iuratam

206 1570 336 1668 capiat
352 1579 392 1646 et
408 1569 528 1646 faciat
544 1568 817 1667 inquisitiones,
834 1569 1074 1645 extensiones
1091 1579 1131 1646 ct
1147 1568 1386 1667 partitiones,
1404 1569 1492 1646 licet
1509 1569 1550 1645 in
1568 1569 1797 1668 quibusdam

206 1687 388 1766 iudicium
401 1687 562 1764 reddere
576 1711 654 1763 non
668 1687 800 1786 possit.
818 1688 922 1764 Item
935 1687 1051 1764 habet
1064 1713 1112 1763 ex
1127 1686 1282 1785 speciali
1296 1687 1481 1764 mandato
1496 1687 1639 1785 regis,⁴²
1653 1714 1733 1765 non
1747 1715 1797 1766 ex

205 1807 329 1883 officio
354 1805 594 1895 vicecomitis,
619 1805 685 1880 ubi
709 1804 938 1882 mandatum
963 1805 1078 1880 habet
1104 1807 1208 1903 quod
1233 1805 1395 1881 iustitiet
1421 1805 1598 1904 aliquem,
1625 1804 1692 1883 et⁴⁸
1719 1832 1796 1905 quo

205 1950 297 2002 casu
314 1925 467 2002 videtur
483 1925 588 2023 quod
605 1923 734 2001 omnia
749 1923 889 2000 habere
907 1923 1019 2000 debet
1036 1931 1082 2000 ut
1099 1923 1337 2012 iustitiarius,
1355 1924 1435 2001 sine
1454 1924 1591 2023 quibus
1610 1925 1796 2025 placitum

206 2043 302 2120 illud
322 2041 550 2120 terminari⁴⁴
568 2067 648 2118 non
668 2041 800 2141 possit.
823 2039 961 2118 Habet
982 2041 1097 2118 etiam
1117 2051 1163 2118 ut
1183 2041 1421 2132 iustitiarius,
1442 2053 1481 2120 et
1503 2068 1582 2118 non
1603 2069 1652 2119 ex
1674 2043 1796 2120 officio

205 2161 447 2251 vicecomitis,
469 2161 572 2260 quod
591 2186 819 2259 cognoscere
839 2168 968 2258 potest
989 2158 1073 2235 de⁴⁸-
1085 2160 1220 2236 averiis
1242 2161 1365 2259 captis
1387 2169 1427 2237 et
1447 2160 1640 2238 detentis⁴⁸
1661 2171 1797 2239 contra

186 2297 189 2300 ’
206 2281 236 2358 f.
253 2283 346 2375 155]
401 2279 557 2356 vadium
571 2290 610 2356 et
623 2277 784 2378 plegios,
799 2279 903 2377 quod
917 2277 1071 2377 quidem
1085 2277 1272 2377 placitum
1286 2279 1454 2378 pertinet
1469 2281 1519 2356 ad
1534 2305 1726 2371 coronam,
1743 2281 1795 2359 et²

206 2400 310 2499 quod
323 2399 357 2476 ei
369 2425 419 2474 ex
432 2398 657 2475 necessitate
671 2397 892 2473 conceditur
906 2395 970 2473 ad'
984 2396 1270 2473 terminandum
1284 2397 1432 2474 ratione
1445 2398 1607 2476 inferius
1623 2399 1794 2476 dicenda.

208 2518 312 2596 Item
327 2518 496 2617 pertinet
511 2517 561 2592 ad
576 2518 705 2615 ipsum
720 2539 950 2612 cognoscere
964 2513 1025 2591 de⁸
1042 2513 1181 2591 assisis⁴
1197 2514 1239 2590 in
1254 2539 1375 2612 regno
1390 2515 1622 2593 constitutis⁵
1639 2525 1680 2594 et
1695 2518 1796 2593 iura-

205 2638 254 2713 tis
273 2662 343 2736 per
361 2662 536 2733 regnum,
556 2636 587 2712 si
606 2635 753 2711 fuerint
771 2641 930 2711 servatoe
948 2632 1010 2710 vel
1028 2657 1118 2721 non,
1139 2633 1236 2710 sicut
1255 2633 1367 2732 panis
1386 2643 1426 2710 et
1444 2633 1608 2710 cervisiae
1627 2643 1667 2711 et
1686 2634 1794 2711 falsis

206 2753 393 2831 mensuris
414 2780 499 2852 quoe
519 2753 717 2853 pertinent
739 2752 789 2827 ad
811 2776 1003 2840 coronam,
1026 2749 1079 2826 et⁶
1101 2750 1150 2827 de
1173 2751 1310 2850 quibus
1333 2751 1632 2830 attachiamenta
1654 2754 1796 2830 facere*

206 2872 350 2972 poterit
371 2872 484 2949 simul
503 2897 591 2948 cum
611 2869 899 2947 coronatoribus
920 2894 1041 2967 usque
1062 2870 1112 2946 ad
1135 2869 1344 2946 adventum
1365 2869 1667 2948 iustitiariorum.
1693 2872 1796 2949 Item

206 2992 374 3091 pertinet
396 2991 446 3066 ad
467 2990 723 3066 vicecomitem
745 2989 847 3064 visus
869 2989 994 3064 franci
1015 2986 1133 3086 plegii
1155 2988 1195 3063 in
1216 2988 1341 3064 turnis
1363 2987 1441 3064 suis
1463 2988 1612 3064 duobus
1634 2990 1794 3087 singulis

207 3107 317 3186 annis
333 3134 404 3207 per
418 3107 620 3184 hundreda
636 3105 690 3184 et⁸
705 3105 950 3205 wapentakia
966 3105 1161 3181 faciendis.
1180 3105 1238 3182 Et
1255 3105 1341 3180 ideo
1358 3105 1523 3205 qualiter
1540 3106 1623 3183 fieri
1642 3106 1796 3185 debent⁹

206 3226 313 3303 turni
328 3224 537 3302 videndum
553 3224 667 3302 erit.²⁰

306 3474 373 3551 De
388 3471 597 3550 minoribns
614 3481 653 3548 et
669 3469 874 3548 levioribus
891 3468 1110 3546 criminibus
1126 3491 1213 3568 qnoe
1230 3467 1391 3546 civiliter
1406 3468 1660 3546 intentantur.

206 3593 388 3668 chruu
409 3599 468 3668 est
489 3615 609 3689 supra
630 3591 677 3667 de
698 3588 904 3665 maioribus
925 3587 1145 3664 criminibus
1167 3585 1233 3664 et¹¹
1258 3585 1422 3684 appellis
1444 3611 1529 3684 quae
1550 3585 1797 3663 criminaliter

206 3716 461 3802 intentantur,
479 3723 517 3789 et
536 3713 742 3811 aliquando
759 3711 939 3788 ultimum
956 3709 1144 3785 inducunt
1163 3707 1406 3807 supplicium,
1427 3706 1661 3807 aliquando¹¹
1678 3733 1796 3785 mern·

205 3839 364 3915 brorum
377 3837 671 3922 truncationem,
687 3832 893 3932 aliquando
908 3831 1064 3909 exilium
1080 3839 1312 3929 perpetuum
1327 3829 1388 3905 vel
1404 3830 1455 3905 ad
1469 3838 1635 3928 tempus.
1678 3829 1796 3905 Nunc

207 3969 338 4036 autem
359 3957 564 4034 dicendum
586 3954 672 4032 est¹⁸
693 3955 743 4030 de
763 3952 974 4031 minoribus
998 3962 1036 4029 et
1058 3951 1263 4028 levioribus
1287 3950 1507 4028 criminibus
1530 3975 1613 4049 quae
1637 3949 1797 4026 civiliter

208 4084 462 4168 intentantur,
482 4079 581 4156 sicut
599 4079 647 4154 de
665 4076 877 4154 actionibus
896 4074 1122 4150 iniuriarum
1142 4070 1418 4172 personalibus,
1439 4081 1478 4148 et
1497 4094 1582 4169 quae
1600 4071 1797 4170 pertinent

207 4189 259 4282 ad
271 4228 464 4291 coronam,
478 4228 524 4278 eo
538 4201 641 4300 quod
655 4199 862 4298 aliquando
876 4197 976 4273 fiunt
991 4203 1125 4271 contra
1139 4219 1274 4293 pacem
1287 4192 1431 4269 domini
1446 4192 1559 4289 regis.
1575 4189 1797 4267 Videndum

208 4329 328 4426 igitur
345 4326 436 4425 quid
456 4325 505 4402 sit
522 4322 671 4399 iniuria.
690 4315 748 4398 Et
766 4320 962 4396 sciendum
980 4316 1083 4417 quod
1100 4315 1239 4392 iniuria
1258 4324 1316 4392 est
1335 4314 1520 4413 quidquid
1539 4337 1618 4388 uon
1636 4312 1719 4389 iure
1739 4312 1795 4387 fit.

208 4451 267 4527 Et
293 4446 396 4524 unde
424 4471 543 4546 supra
570 4445 610 4520 in
637 4452 749 4542 parte
777 4441 918 4517 dicitur
946 4439 1048 4538 quod
1077 4438 1108 4514 si
1136 4435 1220 4535 quis
1248 4435 1476 4512 interfectus
1506 4434 1638 4522 fuerit,
1666 4433 1796 4509 viden-

207 4573 302 4649 dum
329 4570 402 4648 erit
430 4594 480 4645 an
507 4565 647 4642 iniuria
674 4564 724 4640 sit
751 4562 978 4639 interfectus
1005 4558 1067 4635 vel
1096 4559 1145 4635 sit
1173 4557 1261 4634 talis
1290 4553 1383 4654 qui¹⁴
1413 4553 1520 4630 nullo
1549 4554 1632 4630 iure
1661 4553 1796 4628 occidi·

209 4791 344 4870 ”ipsius
358 4791 450 4864 dom,
462 4787 502 4862 V,
516 4785 583 4859 LA,
597 4785 664 4860 OC,
679 4783 752 4844 MC.
788 4778 814 4815 ⁸¹
827 4780 907 4854 Om,
921 4779 990 4851 OB,
1004 4779 1081 4853 MA,
1097 4778 1172 4852 ΜΒ,
1187 4776 1226 4837 Υ.
1262 4773 1290 4808 ⁸⁸
1300 4776 1426 4854 poterit,
1441 4771 1520 4847 MG,
1535 4771 1601 4834 OC.
1639 4768 1704 4805 ⁸⁸⁸⁸⁸
1717 4771 1797 4846 Om.,

207 4895 277 4969 OB,
291 4891 367 4965 MA,
382 4890 456 4952 ΜΒ.
493 4885 519 4921 ⁴¹
532 4886 613 4962 Om.,
627 4884 694 4957 LA,
708 4884 748 4944 Y.
784 4875 1406 4956 ⁴²0m.,CE;dominiregis,MG,OC.
1443 4871 1525 4948 “im
1541 4875 1611 4949 OB,
1627 4873 1703 4948 MA,
1719 4873 1795 4933 ΜΒ.

208 4993 423 5068 “terminare
439 4986 507 5063 OC,
524 4985 601 5048 MG.
640 4981 707 5019 “¹⁴⁸
718 4982 799 5058 Om,
816 4980 884 5055 LA,
900 4979 930 5044 Y
952 4977 1040 5059 (†).

290 5094 396 5166 ²Om.,
412 5091 481 5165 OB,
496 5088 573 5163 MA,
590 5088 666 5149 MB.
704 5083 783 5155 'sin
799 5082 988 5157 V,Y;oua,
1004 5078 1099 5142 MSS.
1117 5098 1187 5158 gen.
1226 5074 1597 5155 ⁸⁸⁴0m.,LA,Y(-l-).
1636 5073 1798 5152 ‘statutus

208 5198 249 5275 V,
269 5197 337 5272 LA,
356 5195 397 5271 Y,
419 5192 494 5269 MC,
514 5190 582 5265 OC,
603 5188 681 5251 MG.
723 5183 813 5246 ‘'lde
834 5181 944 5264 quibua
967 5182 1082 5256 tacere,
1104 5179 1174 5256 OB,
1196 5179 1273 5253 MA,
1297 5178 1372 5240 ΜΒ.
1416 5175 1522 5253 ⁸Om.,
1545 5178 1585 5252 V,
1607 5177 1702 5240 MSS.
1726 5196 1795 5258 gen

208 5293 552 5373 ⁰debeant,CE,CM.
590 5287 618 5325 ²⁰
629 5289 711 5365 Om.,
728 5286 796 5363 OC,
814 5284 890 5347 MG.
930 5281 1135 5358 ²²0m.,OA,
1153 5281 1232 5356 Mc,
1250 5279 1320 5354 OB,
1338 5279 1414 5354 MA,
1434 5280 1510 5353 ΜΒ,
1528 5277 1596 5354 CE,
1614 5279 1688 5341 cM.
1726 5276 1798 5339 ²¹et

208 5398 385 5480 aliquando,
404 5396 474 5471 OB,
493 5393 570 5469 MA,
590 5390 667 5454 ΜΒ.
707 5386 828 5463 ²⁸0m,
846 5384 916 5460 OA,
936 5384 1003 5461 LA,
1022 5383 1063 5460 Y,
1083 5382 1150 5458 ΟΕ,
1171 5381 1244 5444 cM.
1287 5379 1417 5460 ²⁴quod,
1436 5381 1504 5454 LA,
1524 5380 1590 5442 OC.
