4392 6352
357 529 432 598 266
890 520 1113 582 BRAC'I'ON:
1136 521 1196 581 DE
1220 521 1412 583 LEGIBUS
1545 551 1550 568 .

357 673 464 749 inira
482 683 636 750 aetatem
654 672 854 762 moriatur,
874 698 974 748 uxor
994 698 1064 750 sua
1084 673 1162 750 sive
1181 673 1288 748 inira
1307 680 1460 749 aetatem
1481 672 1602 750 fuerit
1621 672 1700 749 sive
1719 697 1799 748 non
1819 674 1951 751 dotem

358 790 555 868 obtinebit.
576 791 641 867 De
660 791 731 866 hac
748 791 910 868 materia
931 790 1093 867 inveniri
1113 791 1257 890 poterit
1277 792 1324 868 de
1346 791 1510 868 termino
1532 790 1690 868 Paschae
1711 817 1813 868 anno
1834 791 1950 890 regis*

358 909 523 985 Henrici
538 934 653 996 nono,
667 909 851 986 comitatu
866 909 1064 998 Devoniae,
1080 911 1127 986 de
1144 909 1264 986 Sarra
1278 935 1362 1008 quae
1377 910 1454 986 fuit
1469 935 1569 985 uxor
1583 909 1772 986 WiIIelmi
1788 911 1948 987 Burnel.

458 1030 563 1106 Item
579 1029 733 1127 quondo
749 1038 786 1106 et
803 1027 879 1105 abi.

359 1147 563 1236 Quanno?
590 1147 649 1223 Et
676 1147 871 1224 sciendum
899 1147 1002 1244 quod
1030 1156 1120 1224 ante
1148 1147 1484 1245 desponsationem
1512 1147 1552 1222 in
1579 1147 1689 1223 initio
1716 1156 1948 1225 contractus.

360 1265 464 1342 Ubi?
493 1266 551 1342 Et
580 1265 776 1344 sciendum
803 1266 909 1364 quod
937 1265 978 1342 in
1007 1264 1105 1341 facie
1134 1265 1297 1342 ecclesia
1327 1273 1368 1340 et
1396 1266 1446 1341 ad
1476 1264 1617 1343 ostium
1648 1265 1822 1342 ecclesia.
1854 1266 1949 1341 Non

358 1383 460 1462 enim
481 1383 585 1461 valet
606 1384 830 1461 constitutio
852 1385 958 1460 facta
980 1385 1021 1459 in
1042 1385 1141 1461 lecto
1162 1381 1330 1460 mortali⁸
1353 1383 1415 1460 vel
1437 1383 1477 1459 in
1499 1408 1662 1473 camera,
1686 1385 1748 1460 vel
1771 1383 1860 1460 alibi
1883 1383 1949 1460 ubi

359 1502 598 1580 clandestina
610 1503 757 1580 fuerint
770 1503 960 1600 coniugia,
975 1504 1067 1601 quia
1080 1503 1110 1579 si
1125 1501 1217 1578 non'
1231 1502 1386 1578 valeant
1400 1502 1638 1579 clandestina
1652 1501 1831 1601 coniugia
1844 1502 1950 1579 here·

359 1622 470 1700 dibus
489 1623 616 1721 quoad
634 1622 918 1710 successionem,
937 1646 1149 1720 numquam
1166 1620 1350 1697 vaiebunt
1369 1621 1553 1698 uxoribus
1573 1622 1701 1719 quoad
1720 1621 1819 1698 dotis
1839 1646 1950 1697 exac-

358 1741 514 1817 tionem.
543 1741 712 1840 Oportet
739 1740 859 1838 igitur
884 1740 988 1838 quod
1016 1739 1239 1816 constitutio
1266 1738 1365 1817 dotis
1394 1739 1444 1815 sit
1471 1740 1578 1816 facta
1604 1740 1766 1838 publice,
1795 1748 1950 1816 etcum

359 1857 600 1936 solemnitate
623 1860 674 1935 ad
697 1859 838 1935 ostium
861 1857 1041 1935 ecclesiae:
1066 1868 1106 1935 et
1128 1858 1195 1934 ubi
1219 1857 1370 1934 nullum
1393 1858 1549 1934 omnino
1573 1858 1871 1946 matrimonium,
1897 1859 1950 1934 ibi

358 1978 467 2056 nulla
483 1980 562 2055 dos.
582 1978 713 2076 Igitur
728 1978 882 2055 videtur
899 2003 923 2053 a
937 1977 1130 2053 contrario
1147 2001 1261 2052 sensu
1278 1974 1343 2051 ubi
1359 1975 1659 2065 matrimonium,
1678 1976 1729 2051 ibi
1746 1977 1826 2065 dos,
1846 1977 1950 2075 quod

360 2095 514 2195 quidem
538 2121 672 2172 verum
696 2104 755 2172 est
779 2095 810 2172 si
834 2093 1123 2171 matrimonium
1147 2094 1188 2170 in
1213 2094 1311 2171 facie
1337 2092 1500 2170 ecclesiae
1525 2093 1786 2172 contrahatur.
1815 2094 1873 2172 Et
1899 2095 1950 2172 ad

358 2213 501 2290 ostium
524 2214 686 2290 ecclesia
710 2214 780 2289 fiat
803 2213 903 2290 dotis
927 2212 1150 2290 constitutio
1174 2213 1275 2288 inter
1298 2237 1558 2311 quascumque
1582 2238 1765 2312 personas
1790 2238 1949 2290 consan-

358 2333 550 2432 guinitate
567 2333 627 2408 vel
648 2331 833 2408 affinitate
851 2331 1084 2420 coniunctas,
1104 2330 1164 2405 vel
1183 2331 1300 2408 etiam
1318 2339 1534 2420 extraneas,
1555 2332 1648 2408 dum
1666 2340 1797 2408 tamen
1816 2332 1950 2408 matri·

359 2451 530 2527 monium
550 2451 590 2526 in
610 2449 691 2526 vita
710 2449 1018 2526 contrahentium
1039 2457 1259 2526 accusatum
1280 2473 1360 2524 non
1381 2448 1502 2525 fuerit
1523 2448 1620 2525 nec¹⁰
1642 2449 1881 2526 dissolutum.
1906 2449 1949 2526 Si

360 2567 516 2645 autem¹²
535 2577 756 2644 accusatum
774 2578 812 2644 et
831 2566 1060 2644 dissolutum
1078 2591 1318 2666 quacumque
1336 2567 1497 2656 ratione,
1516 2567 1655 2645 desinit
1673 2593 1755 2645 csse
1774 2570 1842 2645 dos
1862 2593 1949 2644 cum

359 2686 512 2763 deficiat
524 2687 823 2775 matrimonium,
837 2695 876 2762 et
888 2685 1029 2762 desinit
1039 2711 1121 2762 esse
1135 2687 1235 2763 dotis
1249 2685 1408 2762 exactio.
1425 2687 1510 2762 Nec
1525 2687 1638 2763 debet
1651 2687 1786 2786 aliquis
1801 2687 1951 2764 ratione

358 2807 472 2884 unius
488 2808 559 2883 viri
574 2807 615 2882 in
630 2805 731 2883 dotis
746 2806 932 2905 petitione
949 2805 1097 2881 duabus
1115 2804 1298 2881 uxoribus
1315 2806 1557 2903 respondere.

458 2927 524 3005 De
537 2926 688 3003 duobus
699 2925 897 3024 speciebus
911 2925 1022 3002 dotia.
1299 2995 1301 3000 .

362 3044 475 3136 <Er
491 3044 591 3121 dotis
607 3043 749 3143 species
767 3054 857 3121 sunt
874 3045 970 3132 duae,
986 3043 1061 3119 alia
1079 3042 1340 3142 profectitia¹²
1359 3043 1434 3119 alia
1451 3043 1672 3120 adventitia.
1690 3042 1951 3120 Profectitia²⁸

360 3163 433 3239 dici
452 3163 597 3262 poterit
616 3188 699 3261 quae
718 3164 811 3239 data
829 3189 854 3238 a
872 3172 984 3261 patre
1004 3161 1065 3238 vel
1083 3171 1208 3238 matre
1227 3162 1287 3237 vel
1309 3162 1383 3237 alio
1403 3172 1564 3261 parente
1585 3162 1625 3237 in
1644 3161 1728 3261 ipso
1750 3170 1949 3239 contractu

359 3309 432 3383 pro
452 3283 533 3358 filia
551 3282 782 3370 maritanda,
804 3290 843 3356 et
862 3290 969 3357 terra
988 3281 1048 3357 sic·
1062 3282 1155 3357 data
1175 3280 1247 3356 dici
1269 3281 1414 3379 poterit
1433 3281 1682 3379 maritagium
1704 3290 1742 3357 et
1765 3282 1949 3379 patrimo·

359 3401 467 3477 nium
490 3401 672 3489 mulieris,
697 3409 736 3476 et
761 3399 967 3497 aliquando
993 3399 1095 3475 cadit
1120 3400 1160 3475 in
1185 3408 1337 3497 partem
1363 3399 1464 3476 inter
1488 3399 1689 3476 coheredes
1717 3399 1891 3488 feminas,
1918 3401 1950 3476 si

359 3519 447 3595 talis
461 3528 614 3618 partem
626 3518 764 3594 habere
778 3518 942 3594 voluerit
955 3517 1178 3593 hereditatis
1191 3528 1236 3594 ut
1251 3543 1380 3616 supra.
1397 3517 1455 3594 Et
1469 3542 1547 3593 non
1562 3518 1702 3594 dicitur
1716 3544 1816 3617 pura
1832 3520 1950 3594 dona·

359 3640 414 3715 tio
428 3640 535 3714 facta
547 3637 627 3714 sine
639 3663 756 3714 causa
767 3636 1012 3713 matrimonii.
1030 3637 1133 3712 Item
1147 3637 1358 3712 adventitia
1372 3637 1441 3712 dos
1457 3635 1529 3711 dici
1544 3637 1689 3735 poterit
1702 3637 1951 3734 maritagium

360 3757 389 3832 f.
406 3756 501 3848 92b]
557 3755 660 3854 quod
678 3756 726 3830 ab
744 3752 826 3831 aliis
843 3755 960 3830 datur
977 3779 1092 3852 quam
1109 3752 1160 3829 a²⁴
1178 3763 1290 3853 patre
1307 3753 1367 3829 vel
1384 3753 1548 3842 matre,¹⁵
1567 3755 1646 3831 sive
1663 3780 1803 3854 parens
1822 3755 1872 3832 sit
1888 3755 1950 3832 vel

359 3884 577 3951 extraneus.
597 3875 700 3950 Item
716 3881 774 3950 est
789 3874 857 3949 dos
874 3872 1133 3972 parapherna,
1151 3898 1235 3971 quae
1252 3873 1296 3949 fit
1314 3872 1424 3948 iuxta
1440 3873 1570 3948 dotem
1586 3875 1647 3948 vel
1664 3881 1815 3973 praeter,
1834 3875 1951 3952 etiam

360 4003 449 4071 ante
468 3993 756 4070 matrimonium
774 4000 1031 4068 etconstante
1050 3990 1306 4079 matrimonio,
1325 4001 1370 4067 ut
1391 3991 1421 4067 si
1440 3991 1511 4068 fiat
1530 3992 1612 4067 viro
1633 4002 1671 4068 et
1692 3993 1804 4067 uxori
1825 3992 1951 4081 simul,

359 4114 420 4189 vel
437 4112 549 4188 uxori
567 4137 638 4210 per
655 4135 705 4186 se.
726 4111 784 4188 Et
801 4109 890 4187 talis
908 4135 987 4185 non
1004 4109 1107 4186 cadit
1126 4110 1165 4184 in
1184 4117 1348 4208 partem,
1366 4102 1456 4186 licet
1474 4111 1580 4186 facta
1599 4110 1719 4187 fuerit
1738 4137 1761 4186 a
1780 4112 1949 4210 parenti·

360 4231 442 4320 bus,
460 4231 549 4330 quia
566 4256 666 4329 pura
682 4239 741 4306 est
757 4238 796 4305 et
812 4253 890 4305 non
908 4229 956 4304 ob
973 4252 1128 4304 causam
1145 4227 1379 4304 matrimonii
1395 4237 1440 4304 ut
1458 4254 1587 4327 supra.
1608 4229 1711 4305 Item
1729 4230 1775 4306 fit
1793 4231 1952 4306 donatio

359 4359 522 4448 propter
536 4348 704 4447 nuptias,
721 4348 823 4445 quod
839 4372 1001 4445 sponsus
1018 4348 1085 4423 dat
1101 4371 1250 4445 sponsae
1266 4347 1315 4422 ad
1332 4347 1472 4423 ostium
1488 4346 1661 4436 ecclesiae,
1679 4357 1717 4424 et
1734 4349 1782 4424 de
1799 4374 1875 4446 qua
1890 4348 1953 4424 hic

360 4467 491 4565 agitru
514 4466 575 4542 die
597 4465 912 4564 desponsationis.
938 4465 996 4542 Et
1018 4464 1088 4539 hoc
1111 4464 1269 4563 proprie
1292 4464 1432 4540 dicitur
1455 4466 1524 4541 dos
1547 4465 1715 4542 mulieris
1740 4467 1949 4542 secundum

360 4585 674 4660 consuetudinem
700 4581 1001 4681 Anglicanam,²⁸
1028 4593 1067 4658 et
1093 4581 1211 4658 talem
1238 4581 1394 4659 dotem²⁷
1421 4583 1594 4659 lucratur
1620 4583 1679 4659 vir
1703 4610 1826 4660 uxore
1853 4609 1949 4682 prae-¹

359 4710 525 4790 mortua,
548 4711 587 4778 et
608 4701 720 4776 uxori
743 4700 943 4777 remanet²⁸
968 4702 1017 4776 ad
1039 4701 1159 4777 vitam
1181 4701 1263 4777 viro
1287 4711 1532 4801 praemortu0,
1556 4711 1596 4778 et
1619 4703 1671 4779 sic
1695 4703 1868 4780 lucratur
1891 4704 1955 4778 vir

361 4820 492 4897 dotem
511 4843 632 4895 uxore
654 4827 899 4917 praemortua.
924 4820 1027 4895 Item
1048 4820 1223 4896 lucratur
1243 4821 1303 4896 vir
1324 4822 1555 4918 quandoque
1577 4821 1707 4898 dotem
1730 4847 1779 4898 ex
1801 4822 1887 4921 lege
1910 4823 1950 4898 in

359 4937 440 5014 vita
463 4937 650 5026 mulieris,
681 4961 769 5012 cum
798 4936 1033 5013 celebratum
1064 4936 1211 5014 fuerit¹⁹
1242 4938 1343 5014 inter
1374 4965 1438 5016 eos
1470 4938 1678 5016 divortium
1711 4966 1956 5040 quacumque

360 5141 473 5221 'regni
498 5147 591 5222 regis,
616 5143 709 5205 MSS.
733 5163 798 5202 var.
845 5139 924 5214 ἐπὶ,
949 5142 1060 5217 Mss.;
1084 5141 1240 5204 maritali?
1288 5143 1482 5220 ⁹0m.,.LA
1531 5143 1557 5179 ¹⁰
1569 5146 1649 5224 Om.,
1676 5147 1744 5221 OB,
1771 5149 1847 5224 MA,
1874 5149 1955 5209 MB..

360 5242 386 5277 ¹²
398 5250 511 5318 tamen,
531 5244 569 5319 V,
590 5244 659 5317 OA,
678 5243 744 5317 LA,
765 5244 831 5306 OC.
872 5241 1118 5320 ²²⁸²⁸perfectita
1140 5288 1147 5304 .
1172 5289 1179 5304 .
1202 5288 1210 5303 .
1232 5244 1423 5322 periectItia,
1444 5246 1514 5321 OB,
1536 5247 1603 5323 CB,
1625 5249 1698 5308 CM.
1741 5247 1859 5327 ¹⁴Om.,
1881 5251 1956 5325 OA,.

360 5343 438 5417 MG,
456 5344 496 5420 Y,
514 5344 587 5405 CM.
626 5342 683 5405 ²⁵a
699 5350 809 5419 matre,
826 5343 893 5420 ΟΕ,
911 5344 984 5405 MC.
1024 5342 1194 5422 ²⁸Angliae,
1213 5346 1285 5419 003
1304 5346 1411 5425 Angl,
1431 5348 1524 5410 MSS.
1543 5369 1608 5410 var.
1649 5349 1767 5425 ²⁷Om.,
1785 5353 1855 5429 OB,
1875 5354 1958 5430 MA,

361 5444 436 5504 ΜΒ.
471 5441 498 5478 ²⁸
509 5450 676 5518 remaneat,
689 5443 758 5518 OA,
772 5443 845 5504 CM.
880 5442 907 5478 ¹⁹
919 5445 991 5520 fuit,
1004 5446 1043 5520 V,
1057 5445 1133 5506 MG.
