4394 6342
907 512 1131 574 BRACTON:
1153 511 1213 572 DE
1239 511 1429 574 LEGIBUS

542 666 616 742 Ille
633 666 679 742 de
696 665 818 740 forcia
833 689 912 740 non
927 673 985 740 est
1001 663 1298 761 interrogandus
1314 663 1435 739 donec
1452 664 1600 740 factum
1617 664 1876 741 convincatur.

543 784 644 862 Cum
660 792 790 860 autem
806 792 967 880 uterque
982 807 1149 881 praeseus
1165 783 1285 860 luerit
1300 792 1340 859 et
1355 782 1418 859 ille
1436 783 1484 859 de
1499 783 1605 859 lacto
1622 783 1829 872 convictus,
1846 783 1967 883 quali·

640 910 701 978 ter
716 901 766 978 sit
783 900 1068 1001 procedendum
1083 909 1220 977 contra
1234 901 1344 977 illum
1361 901 1410 977 de
1426 901 1560 977 forcia.

540 1021 648 1110 Quid
662 1020 862 1117 utlagatus
877 1019 1093 1096 forisfaciat
1109 1045 1180 1118 per
1195 1019 1486 1117 utlagationem.

541 1139 806 1236 Cuthutlaghe
821 1139 887 1237 qui
904 1138 1066 1215 scienter
1082 1139 1200 1215 talem
1215 1138 1481 1236 receptaverit.

542 1259 584 1334 Si
598 1283 676 1334 non
690 1257 838 1355 lugerit
852 1281 921 1334 nec
935 1283 975 1334 se
988 1257 1216 1334 defenderit.

542 1377 637 1452 Sola
652 1378 752 1473 fuga
765 1375 923 1452 inducit.

377 1500 425 1575 F.
442 1507 513 1575 129
542 1497 646 1575 Item
660 1523 705 1574 ea
720 1522 804 1596 quae
817 1497 913 1594 legis
928 1506 1030 1574 sunt.

541 1617 645 1694 Item
660 1642 705 1693 ea
721 1641 805 1714 quae
821 1614 914 1691 iuris
930 1622 1032 1692 sunt.

541 1736 644 1812 Item
659 1733 756 1810 nulli
771 1743 925 1812 tenetur
941 1758 1010 1810 uec
1027 1732 1163 1832 aliquis
1178 1733 1224 1810 ei.

540 1854 643 1930 Item
661 1852 852 1929 forisfacit
869 1853 1068 1930 actionem.

540 1973 643 2048 Item
661 1970 832 2048 dissolvit
849 1971 1086 2060 donationes,
1104 1970 1354 2059 venditiones,
1371 1980 1412 2048 et
1427 1997 1558 2048 omnes
1576 1979 1797 2050 contractus
1814 1983 1854 2049 et
1872 1972 1964 2049 obli-

638 2090 824 2186 gationes.

540 2209 643 2285 Item
658 2206 799 2284 catalla
815 2233 886 2284 sua
900 2217 991 2283 aunt
1006 2206 1119 2303 regis.

541 2327 583 2404 si
600 2335 745 2402 terram
760 2326 921 2401 liberam
935 2325 1123 2414 habuerit,
1142 2326 1273 2402 statim
1290 2325 1467 2424 capiatiu
1483 2327 1523 2402 in
1539 2352 1698 2404 manum
1716 2329 1829 2426 regis.

538 2447 665 2522 Breve
680 2446 728 2521 de
740 2443 983 2543 inquisitione
998 2443 1176 2520 facienda
1190 2445 1220 2520 si
1234 2445 1406 2521 extiterit
1421 2445 1462 2521 in
1475 2471 1593 2521 manu
1608 2446 1709 2544 regis
1724 2455 1965 2545 portantum

637 2571 802 2661 tempus.

538 2682 664 2758 Breve
679 2681 728 2758 de
743 2681 982 2757 restituenda
995 2688 1101 2757 terra
1117 2681 1272 2758 domino
1288 2682 1445 2781 capitali
1461 2691 1550 2782 post
1568 2708 1712 2759 annum
1728 2693 1767 2760 et
1784 2684 1896 2760 diem.

536 2801 661 2878 Aliud
676 2802 790 2877 breve
805 2802 853 2878 de
867 2803 1001 2878 eadem
1015 2801 1179 2878 materia
1192 2801 1239 2879 de
1255 2801 1495 2879 restituenda
1508 2812 1624 2879 terra.

540 2921 582 2996 Si
595 2930 700 2997 terra
713 2921 805 2996 data
818 2921 859 2995 in
870 2920 1120 3018 maritagium
1133 2945 1220 2997 cum
1234 2921 1316 2997 filia
1328 2920 1486 2998 alicuius
1501 2923 1549 2997 de
1562 2922 1774 2998 hereditate
1787 2933 1963 3000 materna

637 3039 809 3115 extiterit
825 3039 865 3116 in
878 3065 997 3115 mauu
1013 3038 1114 3137 regis
1130 3064 1361 3138 perannum
1377 3049 1415 3116 et
1432 3039 1544 3129 diem,
1560 3065 1631 3139 per
1647 3040 1830 3118 feloniam
1847 3067 1964 3140 quam

636 3157 696 3232 vir
713 3156 833 3256 ipsius
850 3157 937 3233 filiae
955 3156 1101 3247 fecerit,
1118 3158 1233 3235 breve
1249 3159 1298 3234 de
1314 3158 1567 3235 restitutione.

537 3275 675 3364 Breve,
689 3277 720 3351 si
733 3301 802 3351 rex
817 3276 1040 3353 alienaverit
1053 3277 1159 3352 infra
1171 3276 1381 3353 terminum
1394 3303 1507 3353 suum
1520 3279 1581 3353 vel
1595 3277 1725 3354 ballivi
1739 3279 1808 3355 sui.

373 3398 422 3474 F.
438 3406 511 3474 130
539 3398 642 3474 Item
656 3397 763 3473 aliud
777 3398 891 3474 breve
906 3397 955 3472 de
969 3398 1103 3474 eadem
1117 3396 1290 3474 materia.

538 3516 581 3593 Si
593 3515 841 3592 donationem
855 3515 991 3592 fecerit
1005 3525 1095 3594 ante
1109 3515 1384 3592 convictionem
1399 3516 1460 3591 vel
1475 3525 1576 3616 post.

535 3636 645 3712 Nihil
663 3635 855 3713 forisfacit
873 3646 1081 3735 antequam
1099 3637 1219 3714 luerit
1236 3637 1444 3713 convictus.

537 3755 654 3845 Quod
680 3765 786 3832 terra
812 3755 949 3832 felonis
976 3763 1193 3832 revertatur
1220 3757 1269 3831 ad
1295 3755 1479 3855 capitales
1507 3755 1680 3832 dominos
1706 3782 1780 3857 pro
1807 3759 1962 3834 defectu

635 3871 820 3949 heredum
833 3873 924 3972 quia
937 3874 1027 3949 inde
1039 3873 1235 3972 prooessit.

538 3993 616 4071 Sed
634 3994 726 4092 quid
745 3994 893 4069 dicetur
912 3994 959 4070 de
977 3993 1187 4071 hereditate
1206 3995 1336 4070 uxoris
1356 4019 1445 4070 cum
1462 3993 1522 4070 vir
1542 3995 1661 4071 fuerit
1680 3997 1891 4094 utlagatus,
1911 4022 1961 4073 an

636 4113 685 4190 sit
701 4112 834 4190 statim
848 4112 1107 4189 restituenda?

372 4235 420 4310 F.
437 4242 508 4311 181
536 4233 716 4322 Qualiter
747 4232 914 4331 utlagati
948 4242 1038 4331 post
1071 4231 1351 4331 utlagationem
1384 4259 1433 4311 ex
1467 4258 1583 4310 causa
1616 4233 1877 4312 admittunuu
1910 4237 1962 4314 ad

634 4376 780 4451 pacem.

534 4471 661 4546 Breve
682 4470 785 4568 quod
807 4469 983 4546 dominus
1005 4496 1073 4546 rex
1096 4471 1286 4568 perdonat
1308 4471 1447 4567 lugam
1469 4479 1507 4548 et
1529 4469 1762 4569 utlagariam
1784 4472 1959 4550 omnibus

637 4587 784 4664 ballivis
800 4588 1044 4685 dirigendum
1059 4587 1107 4664 de
1122 4597 1296 4687 tempore
1312 4613 1393 4665 suo.

534 4705 658 4783 Aliud
678 4707 803 4796 breve,
822 4706 926 4804 quod
946 4732 1015 4782 rex
1033 4706 1224 4806 perdonat
1245 4715 1434 4805 quantum
1454 4706 1504 4784 ad
1524 4707 1652 4807 ipsum
1672 4708 1841 4807 pertinet
1860 4709 1960 4787 utla-

634 4824 784 4922 gariam
797 4825 944 4901 factam
955 4832 1131 4923 tempore
1145 4825 1267 4925 patris
1282 4827 1352 4902 sui.

536 4944 639 5022 Item
661 4943 765 5042 quod
788 4969 857 5018 rex
880 4944 1071 5042 perdonat
1093 4942 1326 5041 utlagariam
1351 4945 1441 5043 quia
1461 4952 1637 5044 tempore
1660 4970 1738 5044 quo
1762 4946 1961 5046 appellum

635 5062 785 5138 factrrm
810 5061 899 5150 luit,
927 5063 1009 5160 ipse
1036 5061 1255 5160 appellatus
1283 5062 1323 5138 in
1351 5063 1425 5139 alio
1452 5063 1637 5140 comitatu
1665 5065 1885 5164 appellatus
1913 5065 1960 5141 de

634 5181 768 5256 eadem
785 5180 935 5257 roberia
952 5206 1021 5256 rex
1038 5179 1211 5257 remittit.

371 5304 420 5379 F.
436 5311 507 5378 132
537 5301 580 5378 Si
596 5303 681 5401 quis
699 5301 799 5378 falso
815 5327 945 5378 coram
962 5301 1174 5379 iustitiariis
1191 5302 1311 5378 fuerit
1329 5301 1548 5391 indictatus,
1566 5311 1605 5380 et
1623 5311 1759 5403 postea
1777 5330 1816 5381 se
1834 5305 1959 5382 reddi·

635 5421 734 5498 derit
750 5421 915 5520 prisonoe
931 5421 1044 5518 regis,
1061 5421 1223 5497 remittit
1239 5445 1307 5497 rex
1323 5419 1567 5517 utlagariam.
