4432 6336
408 466 482 535 100
936 458 1159 522 cancros:
1182 460 1243 521 nn
1267 459 1458 523 Ladmus

406 636 493 687 sum
520 610 640 687 fuerit
667 611 719 687 ad
745 609 912 688 firmsm⁴
939 618 1030 689 ante
1057 609 1242 688 feloniam
1269 611 1521 699 commissam,
1551 611 1706 710 quando
1735 610 1911 689 dominus
1940 611 1996 688 rei

406 729 528 806 voluit
554 740 594 807 et
619 729 760 829 potuit,
786 729 847 807 vel
873 740 963 829 post
990 730 1185 819 felonism,
1213 730 1368 829 quando
1395 729 1517 808 voluit
1545 729 1646 806 cum*
1674 755 1753 806 non
1780 739 1921 834 posset.
1953 731 1996 807 Si

406 857 536 925 autem
552 858 642 925 ante
658 849 854 939 feloniam,
870 849 1025 948 quando
1040 850 1162 927 voluit
1179 859 1218 926 et
1234 840 1375 948 potuit,
1390 858 1485 926 tunc
1500 857 1608 925 tenet
1624 849 1823 937 terminus,
1842 850 1940 926 sicut
1957 859 1996 927 et

406 967 535 1043 omnia
557 967 633 1044 alia
654 993 738 1066 quae
761 969 834 1046 rite
858 969 1078 1046 factasunt
1101 977 1192 1045 ante
1214 967 1399 1046 feloniam
1422 977 1597 1067 tempore
1620 993 1792 1066 congruo
1817 978 1855 1045 et
1878 967 1994 1044 licito.

405 1088 464 1164 Et
481 1112 569 1164 cum
587 1083 883 1165 feoffamentum
901 1087 971 1166 tali
988 1097 1162 1186 tempore
1181 1087 1330 1164 factum
1347 1086 1476 1164 valeat
1492 1095 1532 1164 et
1549 1096 1693 1176 teneat,
1710 1086 1835 1164 multo
1854 1088 1996 1165 fortius

404 1205 533 1283 valere
546 1206 659 1284 debet
671 1205 858 1285 terminus
869 1217 910 1284 et
920 1215 1064 1295 tenere,
1079 1206 1169 1306 quia
1181 1206 1213 1284 si
1226 1215 1355 1305 potest
1368 1205 1453 1306 quis
1465 1206 1506 1282 id
1519 1206 1623 1304 quod
1635 1204 1857 1296 natusest,
1872 1206 1996 1284 multo

405 1325 547 1402 fortius
567 1334 607 1402 et
626 1327 666 1402 id
687 1327 790 1425 quod
810 1327 936 1402 minus
958 1335 1027 1403 est.
1049 1326 1108 1402 Et
1128 1325 1230 1402 unde
1252 1325 1282 1402 si
1303 1325 1479 1425 capitalis
1500 1324 1677 1403 dominus
1700 1353 1739 1403 se
1760 1327 1933 1425 posuerit
1955 1324 1996 1402 in

405 1441 581 1524 seisinam
597 1453 638 1522 et
653 1445 867 1522 firmarium
883 1445 1045 1534 eiecerit,
1062 1443 1263 1543 perquirat
1280 1444 1350 1520 sibi
1366 1444 1558 1520 firmarius
1576 1469 1647 1544 per
1662 1445 1778 1521 breve
1794 1470 1995 1523 commune

404 1569 503 1645 sicut
522 1565 681 1666 quilibet
701 1564 749 1641 de
769 1565 927 1664 populo,
947 1588 1017 1640 nec
1035 1563 1166 1641 obstat
1184 1563 1288 1662 quod
1309 1563 1450 1640 dicitur
1470 1563 1518 1640 de
1537 1564 1723 1652 custodia,
1745 1564 1836 1663 quia
1855 1565 1896 1640 in
1917 1591 1994 1642 uno

404 1713 495 1765 casu
511 1713 551 1764 se
565 1688 607 1764 in
620 1688 799 1764 saisinam
813 1686 924 1784 ponit
939 1710 1018 1762 non
1034 1695 1079 1762 ut
1094 1683 1272 1762 dominus
1288 1683 1354 1774 rei,
1371 1685 1438 1762 sed
1453 1692 1499 1761 ut
1514 1693 1654 1774 custos,
1670 1694 1709 1762 et
1725 1686 1900 1762 custodia
1915 1711 1994 1763 non

404 1809 539 1887 adimit
561 1809 780 1897 terminum,
803 1807 870 1886 sed
891 1807 1038 1895 differt,
1061 1830 1130 1882 nec
1151 1807 1338 1884 terminus
1360 1807 1574 1884 custodiam
1597 1806 1731 1884 adimit
1754 1831 1824 1884 nec
1847 1807 1993 1885 differt.

405 1933 457 2009 In
472 1931 547 2008 alio
562 1956 653 2007 vero
668 1956 759 2007 casu
775 1955 854 2005 non
870 1928 1088 2028 ingreditur
1102 1928 1280 2006 seisinam
1296 1936 1341 2004 ut
1357 1936 1498 2017 custos,
1514 1929 1581 2006 sed
1597 1937 1643 2005 ut
1660 1928 1837 2005 dominus
1853 1939 1894 2006 et
1910 1929 1994 2006 loco

403 2052 562 2128 heredis.
584 2053 643 2128 Et
663 2075 752 2127 cum
771 2051 855 2126 loco
875 2049 1024 2127 heredis
1045 2049 1297 2148 ingrediatur,
1319 2051 1449 2126 omnia
1469 2050 1597 2127 facere
1619 2049 1746 2127 debet'
1770 2075 1854 2150 quae
1875 2049 1993 2150 perti·

403 2183 498 2250 nent
524 2174 574 2250 ad
597 2173 788 2261 heredem,
814 2181 853 2249 et
879 2197 963 2270 quae
988 2169 1053 2246 ille
1080 2172 1208 2248 facere
1235 2170 1390 2248 deberet
1415 2171 1476 2247 cui
1502 2171 1585 2270 ipse
1612 2171 1792 2261 succedit,
1820 2173 1993 2271 quamvis

403 2293 557 2370 nomine
578 2293 757 2382 esehaetae,
778 2303 817 2370 et
838 2292 869 2370 si
892 2291 1076 2369 feloniam
1097 2316 1176 2369 non
1196 2291 1456 2381 commisisset,
1480 2293 1620 2370 scilicet
1641 2292 1904 2382 warantiaare,
1926 2294 1993 2370 ad·

404 2415 576 2514 quietare
594 2423 634 2491 et
651 2413 869 2491 defendere.
889 2414 975 2490 Nec
992 2413 1159 2491 succedit
1178 2413 1354 2491 dominus
1372 2414 1548 2513 capitalis
1568 2413 1716 2491 ratione
1734 2413 1903 2490 eschaeta
1922 2415 1994 2492 nisi

403 2537 445 2613 in
459 2536 681 2614 universum
697 2534 757 2612 ius
773 2535 877 2634 quod
892 2535 958 2611 ille
973 2534 1108 2610 habuit
1125 2535 1186 2611 cui
1204 2535 1383 2625 succedit,
1402 2545 1441 2613 et
1459 2536 1562 2612 unde
1579 2560 1667 2613 cum
1684 2536 1749 2613 ille
1767 2537 1832 2635 qui
1851 2537 1995 2614 dimisit

403 2683 482 2733 non
500 2666 631 2756 posset
649 2655 863 2734 firmarium
882 2658 931 2734 de
950 2657 1032 2734 iure
1051 2656 1171 2734 eicere
1190 2657 1222 2734 si
1242 2656 1426 2733 feloniam
1446 2682 1525 2733 non
1545 2657 1804 2746 commisisset,
1827 2659 1912 2757 pari
1932 2683 1993 2734 ra·

402 2779 507 2855 tione
521 2803 592 2855 nec
605 2777 669 2854 ille
684 2777 749 2877 qui
765 2779 854 2877 plus
869 2778 961 2856 iuris
977 2777 1187 2856 nonhabet
1202 2805 1319 2877 quam
1333 2778 1397 2855 ille
1414 2779 1479 2877 qui
1496 2778 1650 2856 dimisit.
1668 2779 1774 2856 Etsi
1791 2789 1881 2878 post
1898 2779 1992 2856 felo-

402 2898 506 2976 niam
523 2901 763 2978 commissam
781 2899 966 2976 dimiserit
983 2900 1062 2977 felo
1081 2900 1130 2976 ad
1148 2901 1367 2989 terminum,
1387 2925 1539 2998 semper
1555 2901 1701 2977 tenebit
1718 2901 1905 2978 terminus
1924 2902 1992 2977 im·

401 3029 636 3119 perpetuum
655 3046 853 3120 quousque
872 3021 1106 3110 convicatur,
1126 3045 1196 3098 nee
1214 3022 1343 3098 obstat
1363 3021 1466 3119 quod
1485 3020 1627 3098 dicitur
1646 3022 1693 3098 de
1713 3046 1835 3099 uxore
1854 3022 1993 3098 felonis

403 3137 533 3220 dotem
556 3152 725 3243 petente,
750 3143 854 3241 quod
878 3136 1006 3218 obstat
1030 3143 1064 3219 ei
1088 3141 1264 3242 exceptio
1289 3142 1392 3240 quod
1416 3151 1633 3219 warantum
1659 3168 1738 3219 non
1762 3143 1877 3220 habet
1903 3153 1992 3242 post

402 3263 587 3340 feloniam
607 3263 833 3352 convictam,
856 3262 946 3361 quia
968 3263 1141 3362 quamvis
1164 3265 1232 3340 dos
1255 3265 1328 3340 rite
1350 3263 1561 3341 constituta
1582 3261 1673 3340 fuit·
1696 3273 1787 3341 ante
1809 3265 1993 3341 feloniam

402 3386 549 3462 factam
567 3394 608 3462 et
629 3385 853 3474 convictam,
874 3393 1006 3461 tamen
1025 3385 1056 3462 si
1077 3393 1186 3484 petat
1206 3394 1296 3484 post
1318 3385 1502 3461 feloniam
1522 3386 1748 3474 convictam,
1769 3385 1937 3464 obstabit
1958 3383 1992 3461 ei

403 3507 580 3604 exceptio
608 3506 712 3605 quod
740 3511 957 3582 warantum
986 3530 1066 3581 non
1092 3504 1258 3594 habeat,⁹
1287 3506 1416 3582 omnia
1444 3506 1546 3582 enim
1574 3531 1658 3605 quae
1689 3516 1778 3584 ante
1809 3506 1992 3603 feloniam

403 3631 549 3708 factam
566 3628 640 3705 rite
659 3636 747 3704 acta
763 3637 853 3705 sunt
871 3627 1001 3705 valent
1019 3637 1059 3704 et
1076 3636 1222 3716 tenent,
1241 3627 1318 3704 sive
1337 3627 1539 3704 subsecuta
1559 3627 1706 3704 fuerit²⁰
1724 3627 1992 3705 condemnatio

403 3751 481 3827 sive
501 3774 591 3826 non.
614 3750 679 3825 Ea
698 3775 790 3826 vero
810 3774 894 3847 quae
915 3757 1004 3848 post
1025 3748 1210 3825 feloniam
1232 3749 1338 3825 facta
1360 3756 1451 3825 sunt
1472 3774 1624 3847 semper
1644 3748 1775 3826 valent
1798 3759 1836 3826 et
1857 3757 1993 3824 tenent

404 3870 434 3946 f.
449 3868 544 3963 tob]
599 3869 672 3947 nisi
701 3869 820 3946 fuerit
849 3868 1116 3946 condemnatio
1146 3867 1361 3958 subsecuta,
1390 3879 1429 3946 et
1459 3869 1489 3946 si
1520 3869 1640 3946 fuerit
1671 3868 1883 3956 subsecuta,
1913 3893 1992 3944 non

402 3991 545 4080 valent,
557 4000 598 4067 et
612 3991 740 4066 omnia
753 4013 838 4088 quae
850 3990 1006 4090 incepta
1019 3990 1193 4066 fuerint¹¹
1209 4000 1298 4067 ante
1313 3990 1497 4069 feloniam
1511 3991 1573 4066 vel
1587 4000 1677 4089 post
1692 3990 1888 4078 feloniam,
1903 3999 1993 4092 post

402 4113 759 4190 condemnationem
773 4137 984 4209 numquam
999 4109 1186 4210 perduci¹²
1201 4119 1387 4210 poterunt
1403 4111 1452 4186 ad
1468 4111 1664 4200 effectum,
1679 4135 1749 4188 nec
1765 4112 1882 4187 finem
1898 4110 1992 4186 acei-

402 4259 506 4333 pere,
523 4232 700 4310 obstante
715 4230 941 4331 exceptione
958 4230 1120 4307 felonia.
1137 4232 1196 4308 Et
1212 4232 1316 4308 unde
1332 4231 1372 4306 in
1388 4232 1459 4308 hoc
1475 4256 1567 4308 casu
1583 4256 1663 4308 non
1679 4241 1737 4308 est
1755 4231 1992 4330 distinguen-

404 4354 508 4442 dum,
525 4354 714 4430 nisiinter
730 4352 1067 4451 eaquaeperfecta
1083 4361 1173 4430 sunt
1189 4361 1229 4428 et
1245 4378 1328 4452 quae
1346 4353 1591 4453 perficienda,
1610 4361 1649 4430 et
1665 4362 1798 4430 utrum
1816 4354 1992 4430 condem·

403 4474 510 4550 natio
529 4473 732 4550 subsecuta
750 4474 869 4551 fuerit
887 4472 949 4549 vel
966 4498 1046 4549 non
1065 4473 1278 4550 subsecuta.
1299 4475 1358 4551 Et
1378 4474 1430 4550 sic
1450 4459 1680 4552 sufficienter
1700 4475 1846 4551 dictum
1866 4483 1925 4552 est
1945 4476 1994 4550 de

402 4595 558 4694 hisque
572 4596 622 4672 ad
634 4595 843 4672 terminum
857 4595 1117 4671 dimittuntur.
1136 4595 1178 4671 Si
1193 4604 1323 4672 autem
1337 4597 1378 4671 in
1392 4596 1519 4684 feodo,
1536 4595 1613 4672 sive
1629 4605 1719 4673 ante
1734 4595 1918 4672 feloniam
1932 4595 1993 4672 vel

403 4725 505 4817 post,
520 4716 651 4793 omnia
664 4715 795 4792 valent
811 4724 850 4793 et
864 4723 1000 4794 tenent
1016 4741 1214 4816 quousque
1230 4717 1350 4794 fuerit
1366 4717 1634 4794 condemnatio
1652 4716 1865 4806 subsecuta,
1885 4725 1924 4794 et
1941 4718 1994 4794 sic

403 4864 449 4914 ea
461 4863 545 4937 quae
558 4837 733 4936 perfecta
745 4846 836 4914 sunt
848 4845 938 4913 ante
951 4836 1134 4913 feloniam
1148 4862 1299 4937 semper
1311 4847 1457 4928 tenent,
1472 4847 1667 4937 eteaquae
1681 4839 1891 4916 factasunt
1905 4848 1994 4937 post

405 4958 589 5035 feloniam
611 4983 763 5057 semper
782 4966 983 5035 remanent
1007 4958 1047 5034 in
1069 4983 1255 5058 suspenso
1279 4983 1477 5058 quousque
1500 4959 1768 5036 condemnatio
1793 4959 1995 5037 subsecuta

402 5174 783 5253 ⁴terrninum,Y;vitam,
801 5177 880 5249 CM;
898 5181 1060 5237 terminum
1076 5177 1183 5238 velad
1201 5177 1330 5253 firmam,
1348 5177 1386 5238 V.
1427 5175 1492 5251 'et
1510 5178 1549 5253 V,
1567 5178 1612 5251 Y;
1630 5177 1722 5255 quod,
1741 5177 1817 5238 MG.
1858 5175 1992 5256 “magia

401 5276 470 5351 OB,
484 5278 560 5352 MA,
575 5278 649 5338 ΜΒ.
685 5275 834 5354 'debent
847 5278 923 5353 MA,
937 5279 1012 5338 ΜΒ.
1049 5277 1180 5352 ⁸fuerit,
1196 5280 1262 5353 LA,
1276 5278 1345 5356 OB,
1361 5279 1434 5340 MC.
1472 5277 1599 5354 ⁰babet,
1613 5278 1682 5354 OB,
1698 5280 1774 5354 MA,
1789 5280 1863 5340 ΜΒ.
1902 5279 1992 5352 ¹⁰ait,

402 5375 480 5451 MG,
496 5377 568 5438 CM.
606 5376 782 5452 ufuerunt,
797 5378 837 5454 V,
853 5379 928 5438 MA.
964 5377 992 5412 ¹²
1002 5377 1142 5456 produci,
1158 5381 1225 5456 OC,
1242 5381 1317 5455 MA,
1334 5381 1411 5457 MG,
1429 5382 1501 5443 CM.
