4432 6340
393 482 467 552 288
926 476 1149 538 BRACTON:
1171 477 1232 537 DE
1256 476 1448 540 LEGIBUS

392 651 484 704 casu
505 652 584 703 nou
603 627 726 725 magis
747 628 891 728 poterit
912 636 1110 706 attornare
1131 628 1354 727 homagium
1374 638 1413 706 et
1436 628 1633 705 servitium
1656 654 1773 727 quam
1793 629 1985 728 wayviare

394 749 552 824 feodum
575 773 700 837 suum,
722 747 813 846 quia
833 748 1010 826 dominus
1033 747 1125 825 velit
1147 748 1244 825 nolit
1265 747 1531 824 warantizabit
1553 755 1594 825 et
1616 746 1799 824 defendet
1822 757 1986 848 propter

391 866 625 964 homagium.
644 867 703 944 Et
721 868 825 965 quod
841 867 1064 965 homagium
1081 875 1280 943 attornare
1297 892 1376 943 non
1394 866 1538 966 poterit
1556 865 1629 942 nisi
1646 865 1687 943 in
1705 866 1853 943 casibus
1873 891 1984 965 supe·

394 985 473 1062 rius
500 986 682 1084 exceptis,
710 984 857 1062 hahetis
884 986 933 1062 de
959 985 1124 1062 termino
1153 983 1311 1060 Pascha
1338 1008 1440 1061 anno
1468 983 1597 1082 regis²¹
1626 983 1792 1061 Henrici
1820 985 1984 1084 septimo

392 1105 578 1183 comitatu
597 1101 884 1192 Herefordiae,¹⁸
904 1104 951 1180 de
970 1103 1117 1192 itinere,
1136 1113 1176 1181 et
1195 1127 1273 1179 uno
1291 1110 1511 1180 tenemento
1530 1103 1571 1179 in
1590 1103 1775 1179 comitatu
1794 1101 1984 1190 Cantioe‚²¹

392 1225 441 1301 de
472 1223 672 1302 Willelmo
705 1223 784 1300 filio
816 1222 1017 1300 Benedicti
1048 1223 1129 1299 cive
1161 1222 1466 1310 Londoniarum,
1500 1231 1540 1299 et
1573 1221 1757 1298 Galfrido
1790 1222 1838 1298 de
1871 1221 1985 1322 Lucy

392 1355 560 1436 tenente,
579 1355 619 1422 et
636 1342 835 1422 Willelmo
854 1342 902 1420 de
920 1340 1161 1418 Mandevilla
1179 1341 1316 1418 comite
1334 1340 1492 1441 capitali
1510 1341 1677 1429 domino,
1698 1340 1746 1417 de
1764 1350 1984 1418 tenemento

394 1466 447 1541 N.
469 1464 518 1542 de
540 1460 822 1561 Gingesvilla.¹⁸
845 1463 903 1538 Et
925 1486 1012 1537 cum
1034 1460 1137 1536 idem
1159 1459 1365 1536 Galfridus
1387 1469 1522 1536 tenens
1546 1459 1778 1538 attachiatus
1801 1469 1900 1537 esset
1923 1459 1984 1536 vel

392 1585 646 1664 summonitus
667 1584 717 1661 ad
737 1583 958 1660 faciendum
975 1582 1099 1659 eidem
1118 1581 1318 1658 Willelmo
1338 1581 1561 1680 homagium
1581 1589 1621 1657 et
1641 1580 1839 1658 servitium
1859 1607 1983 1670 suum,

393 1706 496 1806 quod
510 1705 611 1782 idem
625 1729 751 1781 comes
765 1705 800 1781 ei
813 1702 1014 1792 dederat,¹‘
1029 1711 1068 1780 et
1083 1702 1310 1803 praedictum
1326 1700 1553 1778 Galfridum
1569 1701 1693 1778 eidem
1708 1699 1909 1778 Willelmo
1926 1711 1982 1778 at·

391 1835 626 1915 tornaverat,
642 1825 744 1902 idem
760 1823 966 1901 Galfridus
982 1823 1106 1901 noluit
1122 1824 1156 1901 ei
1173 1822 1402 1912 attornari,²'
1420 1823 1487 1899 sed
1504 1823 1633 1921 ipsum
1649 1822 1812 1899 incuria
1829 1823 1983 1923 penitus

391 1946 654 2034 deadvocavit‚
675 1955 714 2023 et
735 1945 833 2023 dixit
855 1947 959 2044 quod
979 1944 1073 2020 nihil
1094 1945 1143 2021 de
1163 1970 1210 2021 eo
1230 1945 1367 2032 tenuit,
1390 1969 1460 2020 uec
1481 1952 1614 2021 tenere
1635 1943 1768 2032 voluit,
1791 1967 1860 2021 nec
1882 1968 1982 2020 rece·

392 2067 482 2143 dere
500 2093 524 2144 a
541 2066 697 2143 domino
714 2091 783 2143 suo
800 2065 868 2164 qui
885 2091 973 2142 eum
993 2064 1183 2142 ieoffavit.
1203 2066 1375 2165 Propter
1393 2064 1497 2164 quod
1516 2065 1770 2142 summonitus
1790 2063 1868 2142 fuit
1886 2089 1983 2164 prae·

392 2187 516 2265 dictus
533 2212 659 2263 comes
676 2187 728 2263 ad
744 2186 1025 2264 ostendendum
1041 2185 1135 2284 quid
1152 2185 1245 2262 iuris
1263 2185 1447 2262 clamaret
1463 2185 1505 2263 in
1523 2185 1677 2263 servitio
1695 2185 1869 2285 praedicti
1887 2185 1983 2261 Gal-

393 2309 497 2398 fridi,
516 2309 582 2407 qui
599 2308 704 2385 venit
722 2318 762 2384 et
780 2307 960 2406 cognovit
979 2307 1083 2406 quod
1101 2307 1260 2385 dederat
1279 2306 1463 2406 predicto
1483 2306 1683 2384 Willelmo
1701 2307 1924 2405 homagium
1942 2315 1983 2384 et

392 2428 590 2506 servitium
603 2428 722 2530 ipsius
738 2425 912 2505 Galfridi
924 2426 973 2505 de
986 2435 1205 2505 tenemento
1220 2429 1324 2526 quod
1338 2429 1387 2505 de
1400 2454 1445 2504 eo
1459 2427 1613 2506 tenuit¹⁸
1626 2427 1668 2504 in
1682 2427 1866 2528 praedicta
1880 2427 1981 2504 villa

392 2550 462 2625 Ad
484 2549 588 2648 quod
610 2550 809 2648 respondit
832 2546 1038 2626 Galfridus
1062 2549 1165 2648 quod
1188 2549 1312 2626 noluit
1335 2548 1553 2626 attornari¹⁹
1577 2549 1761 2648 praedicto
1784 2548 1984 2626 Willelmo

392 2670 465 2747 nisi
481 2670 587 2747 curia
602 2670 871 2747 consideraret.
889 2669 1005 2747 Dixit
1022 2671 1139 2747 etiam
1155 2670 1258 2768 quod
1275 2671 1400 2747 tenuit
1417 2670 1465 2747 de
1482 2669 1612 2746 dicto²⁰
1628 2671 1766 2748 comite
1784 2671 1862 2748 duo
1877 2679 1983 2746 tene-

391 2801 534 2881 menta,
549 2816 671 2868 unum
684 2791 725 2868 in
737 2791 829 2867 villa
843 2791 1028 2890 praedicta
1041 2801 1081 2867 et
1096 2791 1201 2868 aliud
1217 2791 1318 2881 alibi,
1333 2801 1373 2868 et
1387 2791 1500 2868 simul
1515 2801 1555 2869 et
1570 2791 1687 2868 semel
1702 2791 1889 2868 feoffatus
1906 2790 1985 2868 fuit

392 2913 440 2990 de
456 2913 597 2989 eisdem
612 2912 839 2990 tenementis
855 2937 926 3012 per
940 2913 1097 2989 unicum
1111 2912 1334 3011 homagium
1349 2922 1388 2990 et
1404 2911 1613 3000 servitium,
1629 2936 1700 2989 nec
1714 2912 1837 2989 voluit
1854 2913 1983 2988 homa·

392 3032 500 3131 gium
517 3059 630 3110 suum
644 3033 824 3122 dividere,
841 3042 880 3110 et
897 3033 1025 3110 iacere
1042 3033 1119 3110 duo
1134 3033 1201 3109 ubi
1218 3033 1326 3134 prius
1343 3058 1423 3110 non
1439 3033 1531 3110 fecit
1548 3033 1621 3110 nisi
1637 3059 1771 3122 unum,
1789 3032 1861 3111 nisi
1878 3033 1985 3109 curia

391 3153 662 3243 consideraret,
678 3177 749 3230 nec
765 3153 980 3231 attornari¹²
998 3153 1181 3254 praedicto
1197 3153 1407 3232 Willelmo.
1425 3155 1485 3231 Et
1499 3154 1591 3253 quia
1606 3166 1731 3230 comes
1748 3153 1929 3253 cognovit
1945 3161 1985 3230 et

393 3275 577 3350 concessit
597 3274 700 3372 quod
718 3274 822 3351 idem
842 3273 1047 3352 Galfridus
1068 3276 1214 3352 iaceret
1235 3274 1433 3353 servitium
1453 3275 1576 3353 eidem
1597 3275 1796 3353 Willelmo
1818 3275 1866 3352 de
1887 3299 1983 3374 prae-

393 3393 496 3469 dicto
510 3401 730 3470 tenemento
746 3393 787 3469 in
801 3393 985 3492 praedicta
1000 3393 1091 3472 villa
1107 3395 1148 3470 in
1163 3394 1339 3471 omnibus
1355 3395 1480 3484 rebus,
1497 3402 1537 3471 et
1554 3393 1645 3493 quia
1660 3394 1761 3470 idem
1778 3391 1984 3471 Galfridus

393 3507 487 3587 nihil
510 3512 678 3589 ostendit
701 3512 742 3588 in
765 3512 871 3589 curia
895 3538 1014 3611 quare
1038 3513 1235 3590 servitium
1259 3513 1355 3589 illud
1380 3512 1503 3590 eidem
1527 3511 1726 3590 Willelmo
1752 3513 1880 3589 iacere
1905 3537 1986 3589 non

393 3640 523 3728 posset
537 3631 598 3706 vel
613 3657 692 3706 non
706 3630 873 3720 deberet,
888 3631 1172 3708 consideratum
1187 3631 1264 3708 fuit
1279 3633 1384 3730 quod
1397 3630 1619 3708 Willelmus
1633 3630 1792 3708 haberet
1808 3631 1985 3707 seisinam

394 3773 503 3824 suam
528 3749 576 3824 de
600 3749 784 3847 predicto
809 3749 974 3840 servitio,
1000 3749 1106 3827 salvo
1131 3749 1233 3825 dicto
1258 3749 1387 3827 comiti
1412 3750 1591 3848 homagio
1618 3750 1665 3826 de
1690 3759 1774 3825 toto
1799 3749 1984 3848 praedicto

394 3866 520 3942 feodo.
540 3867 599 3943 Et
617 3867 688 3942 hoc
707 3866 792 3944 ideo
811 3878 857 3945 ut
876 3868 1040 3957 videtur,
1060 3867 1178 3966 quia²²
1197 3868 1420 3966 homagium
1440 3868 1557 3944 diridi
1578 3894 1648 3945 nec
1668 3869 1857 3946 attornari
1877 3866 1984 3944 non²⁸

392 3986 521 4085 potuit
542 3995 677 4063 contra
696 3986 936 4064 voluntatem
954 3986 1133 4076 tenentia
1154 3986 1243 4064 licet
1264 3986 1461 4063 servitium
1483 3986 1600 4063 dividi
1622 3986 1780 4086 posset²⁴
1802 3997 1841 4064 et
1863 3995 1984 4064 attor-

392 4104 488 4181 nari.
505 4106 563 4182 Et
577 4106 630 4182 sic
642 4105 796 4181 videtur
810 4108 914 4205 quod
928 4105 1125 4182 servitium
1139 4106 1329 4183 attornari
1343 4105 1488 4205 poterit
1503 4106 1544 4182 in
1558 4106 1662 4182 omni
1676 4130 1778 4194 casu,
1794 4113 1834 4182 et
1849 4114 1986 4182 contra

391 4223 632 4300 voluntatem
647 4224 825 4311 tenentis,
840 4223 929 4300 licet
943 4223 1165 4321 homagium
1182 4249 1260 4300 non
1275 4225 1397 4322 possit
1414 4224 1486 4301 nisi
1501 4225 1543 4299 in
1557 4223 1706 4300 casibus
1723 4250 1843 4322 supra
1860 4223 1982 4300 dictis.

392 4341 451 4417 Et
464 4341 568 4417 unde
582 4341 613 4418 si
626 4366 714 4418 cum
728 4341 904 4418 dominus
918 4342 1116 4419 servitium
1130 4351 1328 4420 ottomare
1341 4342 1517 4430 voluerit,
1531 4351 1666 4419 tenens
1681 4342 1849 4419 noluerit
1864 4351 1984 4419 attor·

392 4459 489 4548 nari,
513 4468 552 4536 et
574 4461 657 4557 ipse
679 4460 740 4535 cui
764 4469 983 4537 attornatus
1008 4461 1127 4538 fuerit
1151 4461 1426 4538 districtionem
1452 4461 1599 4550 iecerit,
1624 4461 1768 4560 poterit
1791 4471 1927 4538 tenens
1952 4461 1984 4538 si

392 4574 557 4653 voluerit
590 4576 726 4652 illum²⁶
760 4579 995 4654 deadvocare
1029 4578 1090 4654 cui
1125 4579 1244 4656 fuerit
1278 4587 1510 4656 attornatus.
1548 4580 1654 4671 <Et
1687 4581 1786 4657 iuste
1821 4589 1985 4680 propter

392 4795 521 4876 ²'regni
538 4801 631 4878 regis,
649 4798 716 4873 ΟΟ,
733 4797 809 4858 MG.
848 4795 1091 4875 ¹⁸Hertiordioe,
1109 4799 1178 4875 OA,
1197 4799 1270 4874 MC,
1289 4798 1354 4859 ΟΕ.
1394 4797 1633 4873 ¹⁴Lancastrioe,
1652 4798 1735 4871 Μῦς
1755 4797 1984 4870 cantuariensi,

393 4897 460 4960 OC.
503 4897 740 4976 ²⁶Gygeswille,
762 4898 835 4970 0A;
858 4899 1058 4978 Gygenvilla,
1081 4901 1153 4972 LA;
1176 4899 1365 4978 Gingevilla,
1387 4902 1456 4975 OB,
1479 4900 1556 4975 ΜΒ,
1578 4902 1658 4973 ΟΜ;
1681 4899 1880 4978 Gyngeville,
1903 4898 1983 4972 MC;

393 4997 554 5072 Giaevilla,
579 4998 645 5060 OC.
691 4998 718 5033 ¹⁶
730 4999 861 5075 dederit,
886 5000 955 5076 OB,
980 5002 1056 5077 MA,
1082 5001 1157 5061 MB.
1205 4999 1413 5075 1'attornara
1438 5001 1478 5076 V,
1504 5003 1582 5078 MG,
1609 5003 1649 5077 Y,
1674 5003 1738 5064 CM
1769 5000 1864 5079 (corr.
1891 5001 1983 5078 a-ri).

393 5097 420 5133 ²⁸
430 5105 527 5174 tenet,
547 5099 615 5175 OA,
636 5099 703 5176 LA,
723 5100 791 5176 OC,
811 5100 885 5161 MC.
927 5098 1139 5177 ²⁹att0rnare,
1155 5100 1223 5176 OC,
1246 5102 1324 5178 MG,
1345 5102 1420 5180 ΟΜ,
1442 5105 1518 5180 ΜΒ,
1540 5104 1578 5166 V.
1622 5103 1793 5181 ”domium
1815 5105 1885 5180 OB,
1907 5105 1984 5178 MA,

392 5200 469 5276 ΜΒ,
486 5199 561 5274 ΟΜ,
578 5200 656 5275 MG,
673 5201 713 5277 Y,
730 5201 797 5278 ΟΕ,
813 5201 852 5262 V.
891 5201 916 5235 ¹²
928 5209 1098 5278 attornare,
1115 5204 1193 5277 MG,
1211 5204 1285 5278 CM,
1303 5205 1379 5280 ΜΒ,
1397 5207 1472 5266 MA.
1512 5204 1539 5238 ²²
1551 5205 1643 5283 quod,
1661 5207 1731 5283 OB,
1750 5206 1825 5267 ΜΒ.
1865 5204 1984 5279 ²⁸Om.,

392 5299 462 5375 OB,
480 5300 556 5374 MA,
574 5300 650 5376 ΜΒ,
668 5302 743 5378 ΟΜ,
761 5302 842 5378 MG,
856 5303 897 5379 Y,
914 5303 979 5364 ΟΕ.
1020 5302 1046 5336 ²⁴
1057 5309 1167 5382 possit,
1186 5305 1255 5382 OB,
1273 5307 1349 5384 MA,
1369 5309 1446 5383 ΜΒ,
1464 5307 1542 5384 MG,
1561 5308 1636 5382 ΟΜ,
1655 5310 1693 5370 Υ.
1735 5307 1761 5342 ²⁸
1773 5313 1885 5388 ipsum,
1906 5308 1984 5382 MG,

392 5399 467 5475 cM,
482 5400 521 5462 Y.
