4432 6336
641 465 702 526 DE
725 464 1029 538 ADQUIRENDO
1051 466 1208 528 RERUM
1232 466 1435 528 DOMINIO
1764 473 1837 548 107

245 615 421 693 videlicet
436 617 487 693 ad
502 615 722 705 terminum,
738 617 778 692 id
794 616 898 715 quod
914 617 1029 694 habet
1045 617 1156 694 alteri
1173 616 1378 694 concedere
1396 624 1537 716 potest,
1555 617 1661 694 salvo
1677 616 1836 694 tamen⁸'

245 734 417 812 firmario
435 735 600 812 termino
620 761 700 812 suo.
721 737 825 812 Item
844 736 875 812 si
894 736 978 835 quis
997 745 1205 836 utrumque
1224 737 1283 812 ius
1302 735 1506 811 babuerit⁸⁸
1527 735 1776 835 proprietatis
1797 746 1837 814 et

246 853 494 954 possessionis
522 853 635 930 alicari
662 854 890 932 concesserit
916 851 975 932 ius
1003 864 1223 953 utrumque,
1252 855 1322 932 tali
1351 856 1500 932 adiecto
1528 857 1644 932 modo
1672 865 1717 932 ut
1746 865 1836 956 post

245 972 276 1048 f.
290 974 360 1066 83]
415 981 570 1072 tempus
587 981 807 1050 revertatur
823 974 872 1049 ad
889 974 1017 1072 ipsum
1034 974 1222 1074 possessio
1238 975 1395 1051 tenendi
1412 974 1463 1050 ad
1481 974 1613 1063 vitam,
1633 984 1671 1052 et
1688 984 1734 1051 ut
1751 984 1837 1051 tan·

243 1102 330 1171 tum
353 1094 493 1171 habeat
517 1092 681 1169 liberum
705 1102 968 1169 tenementum
994 1102 1215 1170 remanente
1241 1092 1481 1192 proprietate
1507 1118 1595 1170 cum
1622 1094 1836 1182 donatoris

245 1236 324 1288 non
343 1212 476 1290 statim
493 1211 736 1310 ingrediatur
756 1211 921 1288 donator
942 1236 1182 1311 quocumque
1202 1212 1340 1301 colore,
1362 1213 1460 1289 sicut
1480 1237 1596 1289 causa
1616 1212 1837 1312 hospitandi

246 1331 379 1409 eodem
396 1330 469 1420 die,
487 1355 557 1408 nec
573 1331 613 1406 in
630 1329 808 1420 crastino,
827 1355 897 1408 nec
914 1330 1075 1407 ulterius
1092 1339 1265 1408 recenter
1284 1331 1429 1408 utendo
1448 1339 1493 1406 ut
1512 1332 1637 1430 prius:
1658 1331 1748 1431 quia
1766 1358 1838 1432 per

244 1450 316 1526 hoc
337 1450 583 1550 praesumitur
605 1450 709 1548 quod
731 1475 943 1548 numquam
966 1450 1137 1526 animum
1159 1450 1293 1527 habuit
1316 1451 1517 1526 recedendi
1541 1477 1564 1527 a
1588 1452 1836 1550 possessione,

245 1597 333 1648 cum
361 1580 569 1670 utrumque
597 1595 823 1648 concurrere
850 1569 989 1647 debeat
1017 1572 1058 1648 in
1085 1571 1304 1660 donatione,
1333 1572 1509 1648 videlicet
1538 1573 1642 1671 quod
1672 1574 1837 1650 donator

245 1691 521 1791 possessionem
538 1691 731 1790 relinquat
749 1691 876 1767 animo
894 1700 933 1767 et
951 1715 1123 1789 corpore.
1143 1692 1202 1767 Et
1220 1699 1309 1790 post
1327 1690 1489 1788 longum
1507 1701 1662 1791 tempus
1680 1718 1729 1768 ex
1748 1716 1836 1769 con·

245 1809 425 1886 ventione
449 1809 481 1886 si
505 1808 758 1908 ingrediatur,
785 1809 816 1887 si
841 1819 978 1887 contra
1001 1809 1293 1886 conventionem
1318 1810 1510 1899 reiciatur,
1537 1810 1652 1886 habet
1679 1812 1838 1888 assisam

245 1929 498 2028 recuperandi
526 1954 575 2004 ex
603 1928 865 2005 conventione.
896 1928 939 2005 Si
968 1938 1098 2005 autem
1127 1927 1235 2017 alius,
1266 1928 1406 2005 scilicet
1436 1928 1671 2018 donatarius,
1701 1938 1837 2006 eontra

245 2048 387 2149 ipsum¹
405 2048 562 2127 assisam
580 2047 804 2148 portaverit,
820 2046 975 2124 habebit
993 2047 1258 2147 exceptionem
1276 2073 1325 2122 ex
1342 2047 1604 2136 conventione,
1623 2057 1663 2125 et
1682 2049 1713 2124 si
1732 2050 1837 2126 forte

245 2168 396 2267 ingredi
415 2193 495 2245 non
513 2166 635 2266 possit
655 2193 703 2244 ex
723 2166 974 2243 conventione
993 2165 1148 2242 habebit
1166 2167 1367 2243 actionem.
1390 2168 1494 2243 Item
1513 2167 1649 2244 eodem
1668 2168 1784 2244 modo
1805 2169 1836 2245 si

247 2313 295 2363 ex
323 2285 583 2386 recognitione
611 2295 700 2385 post
728 2283 884 2385 aliquod
911 2295 1066 2385 tempus
1095 2285 1215 2362 facta²
1244 2286 1285 2361 in
1313 2283 1420 2362 curia
1448 2285 1592 2362 domini
1620 2286 1722 2384 regis
1752 2312 1837 2386 quae

246 2405 447 2482 reeordum
463 2406 589 2494 habet,
609 2406 703 2481 dum
719 2414 851 2481 tamen
868 2404 1079 2503 recognitio
1096 2414 1136 2481 et
1154 2404 1343 2482 confessio
1361 2430 1453 2481 vera
1470 2404 1533 2494 sit,
1551 2430 1639 2482 cum
1657 2414 1837 2505 oporteat

245 2524 524 2602 confessionem
544 2524 584 2600 in
605 2523 688 2600 iure
710 2524 856 2601 factam
878 2549 959 2600 esse
979 2549 1111 2599 veram
1132 2531 1172 2600 et
1193 2523 1435 2600 naturalibus
1457 2524 1671 2614 convenire,
1694 2524 1836 2602 valebit

245 2645 349 2742 quod
367 2652 497 2721 actum
514 2642 600 2719 erit.
619 2643 678 2719 Et
696 2642 726 2718 si
746 2643 912 2719 donator
930 2643 1033 2718 forte
1053 2642 1283 2719 confiteatur
1303 2641 1548 2720 donatarium
1567 2643 1687 2720 fuisse
1706 2643 1746 2719 in
1766 2643 1834 2720 sei·

204 2775 209 2786 '
245 2763 328 2839 sina
344 2771 519 2862 tempore
535 2760 783 2838 confessionis
802 2762 927 2850 iactoe,
944 2785 1033 2837 cum
1049 2760 1208 2850 nonsit,
1226 2786 1304 2836 non
1322 2760 1465 2838 valebit
1483 2761 1684 2850 confessio,
1702 2788 1772 2839 nec
1790 2789 1837 2839 ea

245 2907 329 2980 quae
342 2891 556 2981 sequuntur
571 2881 697 2957 locum
711 2880 850 2957 habere
865 2879 1016 2956 debent.
1035 2880 1078 2956 Si
1093 2890 1223 2957 autem
1238 2881 1403 2956 donator
1418 2890 1508 2979 post
1523 2890 1677 2980 tempus
1692 2880 1835 2979 longis·

245 3002 395 3090 simum,
417 2999 592 3077 videlicet
614 3001 745 3077 decem
767 3025 957 3076 annornm
979 2999 1041 3074 vel
1063 2999 1235 3088 ulterius,
1260 2999 1363 3098 quod
1386 2999 1540 3097 quidem
1562 3008 1717 3099 tempus
1741 3000 1834 3076 obli·

244 3119 395 3196 vionem
415 3118 573 3208 inducit,
594 3118 759 3217 qualiter
780 3128 873 3195 tunc
893 3125 1029 3194 utatur
1049 3126 1094 3193 ut
1114 3117 1292 3195 dominus
1312 3118 1375 3193 vel
1396 3117 1519 3206 aliter,
1541 3119 1612 3194 hoc
1633 3118 1835 3195 donatario

244 3237 336 3313 non⁸
355 3237 507 3316 nocebit
523 3248 686 3337 propter
704 3248 869 3337 tempus.
891 3238 995 3313 Item
1015 3238 1045 3313 si
1065 3237 1105 3312 in
1125 3237 1300 3313 omnibus
1319 3237 1401 3314 istis
1421 3238 1570 3314 casibus
1592 3238 1834 3336 supradictis,

245 3359 562 3459 quandocumque
595 3356 837 3454 ingrediatur
870 3357 1046 3444 donator,
1079 3356 1202 3432 refert
1236 3355 1266 3432 si
1300 3365 1446 3434 statum
1481 3382 1594 3433 auum
1626 3357 1835 3433 mutaverit

244 3477 400 3554 omnino
418 3476 480 3553 vel
499 3477 539 3552 in
558 3485 670 3575 parte
689 3475 750 3551 vel
769 3501 848 3575 non
866 3475 1085 3552 mutaverit.
1108 3475 1212 3564 Quia
1233 3474 1263 3551 si
1284 3475 1439 3551 omnino
1460 3476 1667 3552 mutaverit
1690 3485 1836 3553 statum

245 3621 369 3685 suum,
391 3597 494 3695 quod
515 3594 581 3671 ubi
602 3593 712 3693 prius
731 3620 824 3671 usus
845 3593 937 3669 fuit*
958 3603 1003 3670 ut
1025 3593 1202 3670 dominus
1224 3595 1339 3670 modo
1360 3603 1496 3670 utatur
1517 3604 1563 3671 ut
1585 3594 1751 3672 serviens
1774 3595 1835 3671 vel

241 3714 510 3804 mercenarius,
526 3713 597 3790 hoc
614 3712 816 3790 donatario
833 3738 911 3788 non
928 3712 1079 3789 nocebit
1095 3712 1186 3810 quia
1203 3713 1367 3790 donator
1384 3714 1540 3789 omnino
1559 3722 1704 3791 statum
1722 3739 1835 3792 suum

243 3834 420 3911 mutavit.
441 3835 499 3910 Et
519 3833 631 3910 valde
650 3832 902 3909 inhumanum
922 3841 1021 3908 esset
1042 3832 1072 3906 si
1092 3830 1194 3907 filius
1214 3831 1275 3908 vel
1296 3831 1439 3908 amicus
1461 3833 1687 3910 donatorem
1707 3833 1834 3933 hospi·

244 3953 299 4029 tio
318 3977 399 4029 non
420 3952 618 4051 reciperet,
641 3950 777 4028 saltem
798 3959 844 4028 ut
864 3951 1066 4050 hospitem,
1089 3975 1177 4026 cum
1199 3977 1238 4028 se
1260 3976 1339 4026 non
1361 3949 1486 4049 gerat⁵
1510 3951 1607 4028 sicut
1630 3952 1750 4051 prius,
1773 3952 1835 4028 vel

245 4071 343 4148 sicut
365 4070 574 4147 dominum.
600 4070 643 4146 Si
664 4078 794 4146 autem
815 4095 864 4145 ex
885 4077 969 4145 toto
990 4069 1051 4144 vel
1073 4069 1114 4144 in
1136 4077 1248 4169 parte
1270 4069 1487 4167 ingressus,
1500 4095 1578 4146 non
1601 4096 1649 4147 ex
1670 4094 1834 4146 conven-

243 4189 350 4266 tione
365 4189 427 4266 vel
444 4189 716 4288 recognitione,
735 4186 788 4264 se⁶
806 4197 918 4287 gerat
936 4196 981 4263 ut
999 4188 1188 4276 dominus,
1207 4196 1301 4264 tunc
1319 4187 1424 4263 aliud
1444 4188 1575 4279 erit>

343 4312 391 4389 Si
405 4311 476 4409 fiat
490 4310 648 4388 denudo
662 4334 736 4410 pro
752 4309 930 4407 homagio
946 4319 985 4385 et
999 4308 1154 4386 servitio
1170 4308 1231 4385 vel
1246 4308 1328 4386 aiae
1345 4307 1534 4407 bomapio.

244 4430 275 4506 f.
289 4430 385 4523 aab]
443 4430 649 4506 Surnmus
674 4438 804 4506 autem
830 4428 1057 4507 dictumest
1083 4429 1187 4528 quod
1211 4430 1259 4506 lit
1283 4428 1440 4506 donatio
1466 4429 1579 4506 alicui
1605 4427 1654 4506 ob
1679 4454 1835 4507 causam

243 4548 479 4648 prateritam
497 4548 587 4648 quia
604 4547 671 4624 diu
688 4546 855 4637 servivit,
872 4548 934 4624 vel
950 4557 1179 4646 praesentem
1196 4547 1286 4646 quia
1303 4547 1400 4624 bene
1417 4547 1560 4636 servit,'
1578 4549 1640 4624 vel
1659 4549 1835 4624 futuram

245 4666 334 4765 quia
354 4666 450 4744 bene
471 4666 621 4756 serviet,
643 4675 682 4744 et
701 4666 790 4744 talis
810 4667 968 4743 donatio
990 4666 1063 4742 dici
1085 4666 1230 4766 poterit
1251 4666 1395 4743 servitii
1417 4667 1542 4743 futuri
1564 4667 1833 4745 remuneratio.

245 4785 349 4863 Item
364 4786 411 4861 fit
426 4785 583 4863 donatio
599 4811 671 4885 pro
686 4785 865 4884 homagio
880 4795 920 4862 et
936 4784 1090 4862 servitio
1105 4786 1229 4862 simul.
1247 4785 1306 4862 Et
1322 4785 1421 4862 sicut
1437 4794 1592 4885 oportet
1609 4787 1712 4884 quod
1729 4794 1836 4862 certa

244 4905 294 4982 sit
314 4930 376 4982 res
397 4929 481 5004 quae
501 4906 629 4994 datur,
649 4904 705 4981 ita
725 4913 881 5004 oportet
901 4905 1005 5002 quod
1025 4911 1131 4980 certa
1152 4904 1228 4982 sint
1250 4903 1405 4981 servitia
1426 4929 1511 5002 quae
1532 4905 1676 4981 dantur
1697 4929 1771 5003 pro
1792 4929 1834 4981 re

243 5085 270 5123 ⁸¹
282 5089 364 5165 Om.,
378 5090 456 5166 MG,
471 5091 547 5164 CM,
561 5090 634 5150 HA
672 5088 698 5123 ⁸⁸
710 5089 814 5164 babet,
828 5089 907 5165 MG,
922 5090 996 5165 CM,
1012 5090 1086 5164 HA,
1101 5090 1180 5162 HB;
1196 5087 1312 5150 habens
1329 5096 1491 5167 utrumque
1506 5091 1564 5164 ina,
1579 5088 1617 5150 V.

327 5188 462 5268 ²ipsam,
480 5190 558 5267 MG,
577 5191 652 5266 cM,
671 5192 744 5251 HA.
784 5189 938 5265 'iactum
957 5189 1024 5266 OC,
1043 5190 1121 5265 MG,
1140 5192 1216 5267 CM,
1234 5190 1309 5265 HA,
1327 5191 1403 5264 HB,
1422 5191 1493 5253 OD.
1536 5188 1640 5267 ⁸0m.‚
1662 5190 1739 5266 MG,
1758 5189 1834 5263 CM,

244 5289 319 5368 HA,
338 5290 411 5353 ΗΒ.
452 5290 584 5368 *fuerit
603 5292 681 5367 MG,
700 5293 774 5354 cM.
815 5290 932 5371 ‘gerit
951 5293 1024 5365 OC;
1044 5297 1179 5372 ingerat,
1196 5293 1237 5368 V,
1257 5292 1335 5366 MG,
1355 5292 1430 5368 cM,
1450 5291 1523 5353 HA
1565 5290 1671 5354 ‘dicio
1690 5311 1734 5367 se,
1756 5291 1834 5367 MG,

245 5392 320 5468 CM,
335 5392 410 5470 HA,
424 5394 486 5454 ΗΒ
508 5392 623 5472 (dieo).
661 5392 822 5469 'servivit
839 5393 917 5468 MG,
932 5392 1005 5455 HA.
