4432 6340
421 494 495 564 234
953 487 1175 549 BRACTON:
1198 488 1259 549 DE
1283 489 1475 552 LEGIBUS

419 637 613 737 tinguitur
624 639 665 715 in
678 664 842 739 persona
853 638 998 714 domini
1009 638 1185 737 capitalis
1198 646 1360 739 propter
1373 639 1569 716 defectum
1581 640 1642 718 vel
1656 650 1818 740 propter
1830 641 2012 719 delictum

421 754 569 853 ipsius⁸⁶
595 755 779 832 domini.⁸⁰
808 755 886 833 Sed
912 755 1106 834 relevatur
1133 767 1172 834 et
1197 756 1394 834 vivificat⁵'
1420 759 1461 834 in
1488 783 1656 857 persona
1683 759 1840 838 alterius
1867 760 2012 838 domini

422 873 670 973 superioris.'⁸
697 875 869 974 Propter
895 875 1101 965 defectum,
1129 874 1202 953 ut'⁹
1230 876 1261 952 si
1288 876 1464 975 capitalis
1491 877 1669 954 dominus
1696 879 1762 976 qui
1789 877 2012 978 homagium

420 995 586 1073 tenentis
607 995 664 1070 sui
685 994 831 1093 ceperit
851 994 1006 1071 omnino
1027 994 1107 1072 sine
1127 994 1266 1072 herede
1285 994 1500 1084 decesserit,
1522 996 1583 1073 vel
1605 997 1637 1074 si
1656 995 1813 1074 heredes
1835 997 2011 1075 habuerit

421 1124 460 1192 et
485 1112 736 1201 defecerint‚⁸⁰
761 1112 828 1190 et⁰²
853 1137 942 1190 cum
966 1112 1123 1190 heredes
1148 1113 1337 1204 habuerit,
1364 1115 1475 1192 alteri
1500 1115 1723 1214 homagium
1748 1124 1788 1194 et
1814 1117 2012 1194 servitium

420 1231 675 1310 attomaverit
688 1233 730 1309 in
743 1232 892 1310 casibus
907 1230 1018 1310 licitis
1033 1241 1072 1309 et
1088 1233 1285 1322 concessis,
1300 1233 1360 1309 vel
1377 1233 1452 1309 ulio
1467 1233 1582 1311 modo
1599 1234 1647 1312 de
1661 1234 1862 1312 voluntate
1878 1245 2010 1313 tenen·

419 1353 487 1430 tis:
506 1352 573 1430 et⁸'
590 1377 666 1452 quo
685 1376 775 1428 oasu
793 1351 1035 1450 extinguitur
1052 1350 1276 1449 homagium
1293 1354 1421 1451 quoad
1440 1353 1569 1451 ipsum
1587 1352 1786 1430 dominum
1804 1354 1903 1430 etin
1923 1380 2009 1453 per·

420 1497 514 1550 sona
532 1471 689 1548 alterius
706 1469 907 1560 reviviscit,
926 1477 965 1546 et
982 1495 1134 1568 semper
1152 1470 1268 1548 durat
1286 1471 1327 1545 in
1344 1496 1512 1569 persona
1528 1472 1705 1549 tenentis.
1728 1472 1831 1549 Item
1848 1482 2011 1572 propter

420 1591 614 1679 delictum,
630 1599 676 1667 ut
693 1590 724 1666 si
741 1587 917 1666 dominus
934 1588 1111 1690 capitulis
1128 1587 1313 1666 feloniam
1330 1589 1476 1678 fecerit,
1494 1589 1556 1666 vel
1574 1589 1717 1689 aliquid
1736 1590 1787 1666 ad
1805 1590 2010 1668 exhereda-

419 1709 564 1788 tionem
577 1709 743 1786 tenentis
759 1708 829 1797 sui,
844 1717 1007 1808 propter
1022 1708 1125 1807 quod
1140 1708 1223 1809 ipse
1238 1708 1415 1785 dominus
1430 1709 1532 1784 iusto
1548 1707 1687 1785 iudicio
1702 1708 1839 1786 debeat
1856 1709 2009 1785 exhere-

421 1826 516 1917 dari,
530 1836 570 1905 et
583 1827 687 1904 unde
701 1827 783 1926 ipse
798 1825 954 1903 omnino
969 1825 1157 1904 demedio
1172 1825 1334 1916 tollitur,
1350 1835 1389 1904 et
1404 1826 1508 1925 quod
1524 1827 1698 1925 superior
1714 1827 1892 1905 dominus
1907 1829 2009 1928 oapi·

418 1945 507 2023 talis
525 1945 633 2046 prius
650 1945 785 2022 habuit
802 1970 873 2045 per
889 1945 1060 2022 medium
1077 1945 1117 2022 in
1135 1943 1298 2023 servitiis
1317 1955 1356 2023 et
1375 1945 1726 2036 consuetudinibus,
1746 1945 1876 2022 nunc⁸⁸
1894 1946 2010 2024 habet

418 2065 637 2142 immediate
659 2074 822 2165 propter
844 2064 1026 2141 delictum
1048 2065 1107 2140 sui
1128 2064 1307 2154 tenentis,
1331 2064 1429 2142 sicut
1452 2064 1628 2162 superius
1651 2063 1766 2142 habet
1790 2091 1860 2164 per
1883 2065 2008 2141 defec

418 2193 520 2261 tum:
538 2193 577 2260 et
593 2183 647 2260 sic
663 2183 797 2282 incipit
814 2181 998 2280 obligatio
1014 2182 1183 2280 homagii
1199 2183 1301 2259 inter
1317 2191 1514 2260 tenentem
1531 2189 1570 2258 et
1587 2182 1793 2282 capitalem
1811 2183 2010 2260 dominum

418 2301 665 2399 superiorem.
681 2301 739 2376 Et
752 2310 907 2378 tenetur
919 2299 1009 2377 talis
1024 2300 1201 2377 dominus
1216 2300 1391 2399 superior
1404 2301 1626 2400 homagium
1641 2326 1778 2400 capere
1793 2302 1885 2379 velit
1899 2302 2008 2391 nolit,

419 2419 509 2519 quia
523 2420 554 2496 si
567 2443 742 2496 recusare
755 2426 886 2520 posset
899 2427 938 2496 et
950 2418 1142 2520 wayviare
1157 2418 1315 2496 feodum
1330 2445 1454 2509 suum,
1468 2429 1508 2497 et
1521 2419 1744 2518 homagium
1759 2429 1798 2497 et
1812 2421 2009 2498 servitium

417 2538 584 2614 tenentis
615 2537 685 2626 sui,
714 2537 794 2614 tale
823 2545 1047 2637 sequeretur
1078 2537 1346 2635 inconveniens
1378 2537 1481 2637 quod
1512 2563 1724 2637 munquam
1754 2539 1865 2616 fieret
1896 2539 2009 2615 alicui

417 2657 564 2733 tenenti
580 2656 777 2734 warantis.
796 2657 1023 2756 Numquam
1038 2657 1139 2732 enim
1156 2656 1302 2733 faceret
1318 2656 1454 2756 uliquis
1470 2658 1698 2734 warantiam
1715 2667 1753 2734 et
1769 2657 2009 2734 excambium

418 2774 465 2852 de
483 2783 639 2851 centum
654 2772 803 2852 libratis
819 2784 931 2851 terrae
948 2800 1021 2875 pro
1039 2773 1193 2851 servitio
1210 2773 1324 2851 unius
1342 2774 1500 2864 denarii,
1520 2775 1551 2852 si
1568 2785 1700 2874 posset
1718 2801 1792 2874 pro
1808 2776 2009 2854 voluntate

417 2921 488 2974 sua
500 2895 659 2972 feodum
672 2884 785 2971 suum
797 2894 1000 2993 wayviare,
1013 2903 1052 2970 et
1065 2893 1288 2991 homagium
1303 2903 1341 2971 et
1356 2892 1554 2970 servitium
1568 2895 1626 2970 sui
1640 2895 1806 2971 tenentis
1821 2919 2007 2971 recusare.

417 3013 580 3092 Obicere
607 3021 740 3089 tomen
768 3019 900 3112 posset
929 3009 1134 3088 dominus⁰⁴
1163 3011 1339 3110 capitalis
1367 3012 1438 3089 tali
1467 3012 1614 3089 tenenti
1643 3011 1866 3111 homagium
1897 3038 2008 3091 suum

416 3132 608 3222 offerenti,
625 3132 728 3231 quod
743 3131 839 3208 illud
856 3130 1024 3231 recipere
1040 3155 1119 3206 non
1135 3129 1284 3218 debeat,
1300 3155 1388 3207 cum
1403 3130 1492 3208 talis
1508 3140 1643 3208 tenens
1660 3156 1739 3207 non
1755 3131 1804 3209 sit
1821 3131 2008 3208 feoffatus

417 3252 466 3327 ab
486 3277 542 3340 eo,
564 3252 631 3327 sed
652 3250 700 3326 ab
722 3249 808 3338 alio,
830 3259 869 3327 et
888 3249 974 3325 ideo
995 3247 1126 3348 quod⁸⁶
1148 3248 1242 3325 nihil
1263 3247 1403 3325 clamat
1426 3249 1466 3324 in
1486 3249 1665 3346 homagio
1688 3275 1757 3326 suo
1778 3259 1818 3327 et
1840 3250 2006 3339 servitio,

416 3370 484 3446 sed
497 3368 601 3468 quod
615 3368 686 3443 hoc
700 3367 734 3444 ei
750 3366 877 3443 valere
893 3392 972 3442 non
986 3367 1123 3443 debeat
1138 3366 1302 3442 videtur.
1320 3364 1466 3455 Quod⁶⁰
1482 3392 1570 3443 cum
1585 3365 1717 3468 plures
1733 3366 1909 3465 possint⁶'
1927 3393 2008 3443 esse

415 3485 601 3585 capitales
615 3486 759 3562 domini
775 3495 814 3562 et
829 3485 1055 3561 feoffatores
1071 3485 1321 3574 ascendendo,
1338 3485 1393 3561 ita
1408 3493 1499 3562 sunt
1515 3484 1646 3585 plures
1663 3486 1818 3562 ieoffati
1833 3494 2007 3563 tenentes

416 3605 691 3692 descendendo,
710 3613 749 3679 et
768 3603 943 3705 superior
961 3602 1136 3680 dominus
1157 3603 1327 3680 omnium
1346 3603 1461 3682 habet
1480 3603 1684 3680 infimum⁰⁸
1704 3604 1774 3681 sibi
1793 3604 2008 3702 obligatum

415 3733 578 3825 propter
599 3724 758 3800 feodum
778 3749 891 3800 suum
910 3722 1014 3822 quod
1033 3722 1122 3800 talis
1141 3731 1248 3800 tenet
1269 3723 1442 3821 quamvis
1462 3748 1534 3821 per
1553 3724 1733 3811 medium,
1757 3749 1832 3822 quo
1855 3722 2007 3799 sublato

415 3845 490 3922 erit
504 3854 638 3922 tenens
654 3871 745 3922 suus
761 3844 841 3921 sine
854 3845 992 3932 medio,
1008 3852 1047 3920 et
1061 3844 1144 3942 ipse
1160 3843 1336 3920 dominus
1352 3869 1443 3920 suus
1458 3842 1634 3941 capitalis
1651 3844 1725 3921 erit
1742 3844 1850 3943 quasi
1866 3843 2006 3942 prinoi-

415 3964 514 4063 palis
535 3965 738 4042 feoffator:
759 3974 797 4041 et
818 3963 871 4041 sic
891 3964 1045 4041 durabit
1066 3965 1167 4041 inter
1187 3989 1251 4039 eos
1272 3963 1456 4062 obligatio
1476 3964 1644 4062 homagii
1665 3989 1736 4064 per
1756 3964 1924 4041 medium
1946 3964 2007 4040 vel

416 4084 446 4160 f.
461 4085 530 4177 81]
586 4085 666 4160 sine
681 4083 818 4160 medio.
835 4083 896 4160 Ut
912 4083 943 4159 si
959 4083 1174 4158 feoffavero
1189 4083 1255 4172 Α.,
1271 4092 1311 4160 et
1327 4083 1393 4172 A,
1410 4083 1472 4171 Β.,
1490 4092 1528 4159 et
1544 4083 1606 4172 Β.,
1625 4083 1683 4172 0.,
1700 4093 1738 4160 et
1755 4084 1864 4160 sicin
1880 4083 2006 4159 infini-

414 4212 511 4292 tum,
535 4228 665 4279 omnes
688 4211 862 4279 tenentes
886 4202 934 4278 de
955 4209 1110 4278 tenente
1133 4201 1174 4278 in
1196 4211 1392 4278 tenentem
1415 4227 1439 4277 a
1460 4202 1586 4300 primo
1609 4229 1730 4301 usque
1754 4202 1804 4278 ad
1826 4201 2007 4278 ultimum

415 4321 679 4398 descendendo
693 4331 807 4397 erunt
822 4329 995 4397 tenentes
1010 4319 1097 4408 mei,
1112 4329 1150 4397 et
1167 4320 1214 4395 ab
1229 4319 1366 4396 ultimo
1381 4319 1546 4395 ieoffato
1561 4329 1600 4396 et
1614 4329 1771 4397 tenente
1786 4320 1834 4397 de
1850 4319 2007 4419 capitali

416 4439 570 4516 domino
584 4439 626 4514 in
640 4438 845 4537 capitalem
860 4437 1058 4515 dominum
1073 4439 1312 4515 ascendendo
1327 4439 1533 4537 gradatim,
1550 4440 1623 4516 erit
1637 4438 1813 4537 capitalis
1829 4438 2006 4515 dominus

414 4555 540 4632 ultimi
560 4556 714 4633 ieoffati
734 4557 782 4632 ab
800 4556 937 4632 ultimo
956 4556 1164 4633 ieoffatore
1182 4581 1303 4656 usque
1323 4558 1374 4634 ad
1393 4557 1574 4658 primum,
1595 4559 1661 4634 sed
1681 4583 1752 4656 per
1771 4557 1941 4634 medium
1960 4564 2006 4633 ut

416 4674 562 4751 dictum
582 4683 651 4752 est.
672 4674 764 4764 Quo
785 4675 936 4752 sublato
957 4674 1018 4752 vel
1038 4674 1187 4774 quibus,
1208 4675 1365 4775 incipiet
1387 4674 1523 4752 ultimo
1546 4677 1733 4752 ieoffatus
1755 4701 1836 4752 esse
1857 4675 2006 4775 primus

416 4793 603 4870 feoffatus
624 4794 704 4870 sine
723 4793 860 4870 medio.
883 4794 987 4870 Item
1007 4795 1140 4871 eodem
1159 4794 1274 4871 modo
1296 4804 1426 4871 tenere
1447 4795 1592 4893 poterit
1613 4794 1835 4892 homagium
1856 4794 1898 4870 in
1918 4820 2006 4895 per-

416 5009 482 5045 ⁶⁶⁶⁶⁶
494 5011 574 5088 Om.,
599 5012 676 5072 MG.
724 5009 842 5088 ⁸⁰Om.,
868 5011 945 5088 MA,
971 5011 1048 5086 ΜΒ,
1073 5010 1140 5086 οΕ,
1166 5012 1204 5073 Y.
1253 5010 1475 5087 Vvivificatur,
1501 5011 1579 5086 MG,
1606 5013 1680 5087 CM,
1707 5012 1752 5085 V;
1778 5014 1902 5088 vivicat‚
1929 5013 2005 5073 MA.

415 5109 661 5189 ⁸⁸·”superioris
677 5118 808 5191 propter
823 5111 987 5172 deiectum.
1026 5113 1082 5187 Ut,
1098 5113 1193 5175 MSS.
1209 5132 1274 5174 var.
1313 5110 1512 5188 ⁸⁰deiecerit,
1530 5113 1609 5188 MG,
1626 5114 1699 5175 CM.
1738 5112 1836 5191 ⁶¹vel‚
1852 5115 1922 5188 OA,
1939 5114 2006 5189 LA,

300 5233 305 5242 ·
416 5211 491 5286 MC,
510 5210 578 5286 00,
598 5212 636 5271 V.
678 5210 759 5288 ⁶¹in,
781 5212 858 5286 MG,
879 5213 919 5289 Y,
940 5214 978 5275 V.
1021 5211 1150 5290 ⁸³unde,
1172 5214 1244 5287 LA;
1265 5221 1350 5288 tunc,
1371 5215 1453 5289 MA;
1474 5235 1547 5292 non,
1568 5216 1652 5290 MG;
1673 5215 1763 5291 nihil,
1784 5216 1849 5278 OC.
1893 5215 2005 5278 “talis

415 5310 565 5386 dominus,
584 5312 653 5386 OA,
670 5313 737 5388 LA,
755 5312 830 5386 MC,
847 5313 915 5387 00,
932 5314 970 5374 V.
1010 5312 1130 5393 ⁰¹⁵quia,
1150 5316 1224 5391 CM,
1243 5317 1321 5391 MG,
1339 5315 1405 5377 00.
1446 5315 1567 5394 ⁸⁸quia,
1587 5319 1626 5395 V,
1647 5318 1716 5394 OB,
1736 5319 1811 5392 MA,
1831 5320 1908 5394 ΜΒ,
1928 5319 2005 5382 MG.

414 5409 441 5445 ⁰⁷
453 5418 590 5489 possent,
601 5412 671 5488 OB,
683 5413 759 5487 MA,
773 5413 848 5488 ΜΒ,
861 5412 933 5488 οΕ;
947 5421 1087 5492 possunt,
1100 5415 1139 5490 Y,
1153 5415 1226 5477 οΜ.
1262 5415 1289 5449 ⁰⁸
1300 5415 1437 5478 infimum
1450 5425 1617 5494 tenentem,
1630 5418 1700 5496 OA,
1714 5421 1781 5495 LA,
1795 5421 1870 5495 MC,
1883 5420 1951 5496 00,
1965 5421 2005 5482 V.
