4394 6342
390 497 439 566 60
919 489 1142 550 BRACTON:
1164 487 1226 549 DE
1250 488 1441 551 LEGIBUS

388 648 519 716 torum
541 663 689 716 coronae
712 647 852 716 nostrae
875 639 915 715 in
937 639 1053 738 pleno
1076 640 1262 717 comitatu
1284 649 1354 715 tuo
1377 638 1506 716 venire
1530 638 1650 716 facias
1675 639 1875 716 duodecim
1898 649 1980 716 tam

388 761 528 838 milites
545 786 662 859 quam
681 761 774 837 alios
792 761 942 851 liberos,
961 761 1104 858 legales
1123 771 1162 838 et
1182 762 1364 838 discretos
1382 761 1553 838 homines
1573 762 1622 837 de
1640 761 1788 837 visneto
1807 761 1888 850 tali,
1909 786 1981 861 per

389 909 485 981 quos
502 884 557 958 rei
574 883 716 960 veritas
732 883 868 960 melius
885 882 971 959 sciri
988 882 1132 982 poterit
1151 893 1190 960 et
1208 883 1407 980 negotium
1425 881 1610 981 expediri.
1630 883 1706 958 Vel
1725 883 1853 959 aliter:
1874 883 1979 959 Prae·

388 1005 550 1103 cipimus
570 1003 640 1080 tibi
659 1004 763 1102 quod
782 1004 911 1081 venire
932 1004 1052 1080 iacias
1071 1029 1201 1081 eoram
1221 1005 1329 1081 nobis
1350 1003 1412 1080 vel
1432 1004 1644 1081 iustitiariis
1665 1005 1806 1082 nostris
1827 1004 1897 1081 tali
1919 1005 1981 1081 die

388 1124 495 1224 apud
526 1124 917 1201 westmonasterium
951 1124 1151 1201 duodecim
1183 1132 1362 1212 eteetera,
1396 1125 1446 1200 ad
1479 1126 1829 1223 recognoscendum
1863 1151 1981 1224 super

388 1245 698 1321 sacramentum‘²
716 1245 747 1321 si
762 1245 829 1333 A.,
845 1246 906 1322 die
923 1271 999 1344 quo
1017 1245 1165 1322 dedisse
1181 1245 1314 1322 debuit
1330 1246 1379 1321 Β.
1397 1255 1549 1322 tantam
1566 1244 1738 1322 terram⁴⁸
1755 1270 1843 1323 cum
1861 1247 1978 1345 perti·

388 1363 528 1440 nentiis
550 1364 591 1439 in
612 1364 682 1440 tali
705 1363 808 1454 villa,
832 1363 910 1442 luit
933 1366 989 1440 ita
1010 1389 1167 1464 compos
1192 1365 1250 1441 sui
1275 1366 1378 1463 quod
1401 1365 1582 1441 itinerare
1605 1365 1735 1464 potuit
1759 1367 1806 1442 de
1830 1367 1914 1442 loeo
1937 1367 1979 1442 in

387 1481 525 1571 locum,
541 1491 580 1559 et
595 1483 651 1560 ita
666 1509 767 1559 sanae
781 1483 920 1561 mentis
937 1494 976 1560 et
992 1483 1100 1558 bonae
1113 1485 1305 1560 memoriae
1322 1485 1426 1583 quod
1441 1484 1688 1561 donationem
1706 1485 1832 1562 faeere
1849 1487 1979 1583 potuit

386 1610 426 1677 et
442 1600 640 1677 donationi
654 1601 869 1677 consentire
884 1603 944 1678 vel
960 1627 1038 1678 non
1053 1611 1231 1679 etoetera.
1249 1603 1324 1678 Vel
1341 1602 1468 1678 aliter:
1488 1603 1530 1678 Si
1546 1604 1612 1692 A,
1629 1602 1691 1679 die
1706 1611 1884 1693 eteetera,
1901 1604 1979 1680 luit

387 1743 489 1794 sanae
512 1718 651 1797 mentis
676 1729 715 1797 et
741 1721 849 1796 bonae
871 1721 1063 1797 memoriae
1087 1722 1261 1819 quamvis
1286 1721 1515 1819 aegritudine
1538 1721 1730 1811 detentus,
1756 1733 1796 1800 et
1823 1723 1855 1800 si
1881 1748 1977 1823 pra·

387 1839 416 1914 f.
433 1841 501 1933 15]
556 1839 681 1915 dietus
700 1840 761 1928 B,
780 1839 921 1917 scilieet
939 1840 1176 1929 donatarius,
1196 1866 1267 1940 per
1287 1841 1432 1917 donum
1450 1838 1559 1916 illud²
1580 1840 1758 1917 saisinam
1777 1841 1911 1919 habuit
1930 1843 1978 1918 de

387 1958 521 2035 eadem
541 1969 647 2035 terra
667 1959 707 2035 in
728 1958 808 2035 vita
827 1959 949 2058 ipsius
969 1960 1023 2035 A.
1046 1960 1256 2049 donatoris,
1278 1959 1420 2036 seilicet
1441 1985 1512 2059 per
1533 1968 1688 2036 tantum
1710 1969 1864 2061 tempus
1887 1971 1978 2038 ante

386 2087 551 2154 mortem
569 2077 690 2176 ipsius
708 2078 762 2154 A.
782 2078 843 2154 vel
863 2102 953 2168 non,
972 2079 1033 2154 vel
1054 2080 1157 2178 quod
1176 2077 1278 2156 idem
1297 2079 1350 2155 A.
1371 2103 1451 2154 non
1471 2077 1549 2156 luit
1570 2103 1670 2154 sanae
1691 2079 1841 2169 mentis,
1861 2087 1903 2156 et
1922 2080 1979 2156 ita

387 2197 492 2293 quod
510 2205 710 2296 repetatur
728 2196 964 2273 contrarium
983 2221 1054 2294 per
1070 2197 1211 2286 omnia,
1229 2206 1270 2274 et
1288 2197 1391 2274 unde
1411 2199 1457 2274 C.
1476 2197 1578 2275 filius
1597 2207 1637 2275 et
1655 2198 1763 2276 heres
1783 2199 1904 2298 ipsius
1922 2199 1976 2276 A.

386 2314 479 2392 dicit
493 2317 597 2413 quod
610 2316 779 2413 quand0²
794 2317 939 2392 donum
953 2314 1063 2392 illud⁸
1078 2316 1162 2392 fieri
1177 2315 1321 2406 debuit,
1338 2342 1416 2393 non
1432 2316 1509 2394 fuit
1525 2318 1628 2395 idem
1641 2319 1694 2392 A.
1712 2318 1820 2394 bonae
1835 2343 1976 2395 memo-

386 2434 451 2511 riae
466 2460 536 2512 nee
549 2459 706 2534 compos
721 2435 778 2510 sui
794 2436 897 2533 quod
912 2435 1093 2512 itinerare
1107 2433 1252 2536 posset⁴
1267 2437 1314 2512 de
1330 2435 1414 2511 loco
1428 2436 1469 2511 in
1484 2437 1622 2526 locum,
1638 2445 1677 2514 et
1692 2437 1979 2536 inquisitionem

386 2563 564 2631 etcetera.
594 2555 698 2630 Item
724 2554 800 2630 alia
827 2555 954 2630 forma
982 2553 1235 2653 inquisitionis
1263 2580 1381 2655 super
1408 2555 1553 2644 eodem,
1581 2555 1723 2632 scilieet
1751 2557 1782 2632 si
1810 2556 1872 2633 die
1900 2582 1977 2657 quo

384 2682 531 2750 terram
551 2673 657 2750 illam
678 2673 784 2751 dedit
805 2673 853 2749 B.
875 2699 947 2772 per
967 2682 1114 2750 cartam
1135 2699 1244 2750 suam
1265 2673 1343 2750 fuit
1365 2673 1473 2750 bonae
1494 2674 1695 2764 memoria,
1718 2686 1757 2753 et
1779 2675 1810 2752 si
1831 2675 1978 2752 donum

385 2793 481 2869 illud
499 2793 534 2870 ei
551 2792 644 2869 fecit
660 2793 721 2870 vel
738 2818 828 2882 non,
845 2802 885 2870 et
903 2793 934 2869 si
952 2791 1029 2869 fuit
1046 2793 1103 2871 ita
1119 2816 1275 2893 compos
1295 2793 1352 2868 sui
1371 2803 1461 2893 post
1479 2794 1624 2869 donum
1642 2794 1750 2882 illud,
1771 2795 1802 2871 si
1821 2793 1976 2894 aliquod

385 2913 531 2988 donum
552 2910 604 2988 ibi
626 2911 715 3001 fuit,
739 2912 843 3011 quod
865 2911 1046 2989 itinerare
1068 2911 1197 3010 potuit
1220 2913 1267 2988 de
1290 2912 1374 2988 loeo
1397 2911 1597 3001 inlocum,
1622 2913 1795 3010 quamvis
1819 2915 1976 3014 paralisi

385 3057 599 3132 percussus.
624 3031 667 3107 Si
687 3039 820 3107 tamen
840 3031 881 3106 in
901 3029 1091 3128 principio
1113 3030 1330 3107 donationis
1352 3055 1431 3107 non
1453 3039 1552 3108 esset
1574 3056 1675 3108 sanae
1696 3033 1848 3122 mentis,
1871 3042 1976 3132 post·

384 3151 544 3228 modum
569 3174 671 3227 sanae
695 3149 834 3226 mentis
860 3149 1022 3226 effeetus
1049 3150 1194 3226 donum
1220 3149 1316 3226 illud
1342 3159 1471 3227 ratum
1496 3149 1686 3228 habuerit⁸
1713 3152 1773 3227 vel
1800 3177 1890 3228 non.
1919 3153 1977 3229 Et

385 3270 601 3346 notandum
624 3269 727 3366 quod
750 3268 781 3345 si
805 3267 1028 3367 paraliticus
1051 3268 1233 3344 intineret
1255 3268 1303 3345 de
1326 3269 1411 3344 loco
1434 3269 1474 3345 in
1497 3269 1624 3346 locum
1648 3281 1687 3348 et
1711 3271 1978 3348 discretionem

385 3386 551 3476 habeat·
566 3386 813 3486 praesumitur
828 3387 932 3485 quod
948 3386 1076 3463 omnia
1092 3387 1165 3462 rite
1180 3387 1352 3484 gesserit,
1369 3397 1409 3464 et
1425 3389 1472 3464 de
1488 3388 1571 3465 aliis
1589 3415 1667 3465 non
1683 3399 1743 3466 est
1758 3391 1814 3466 ita
1830 3391 1977 3467 intelle·

385 3506 569 3603 gendum,
596 3505 688 3603 quia
715 3503 888 3603 quamvis
917 3504 1098 3581 itinerare
1125 3530 1205 3581 non
1233 3505 1394 3605 possint,
1423 3516 1556 3583 tamen
1585 3505 1726 3584 bonam
1753 3510 1977 3586 memoriam

386 3626 526 3701 habere
551 3633 747 3724 poteramt.
773 3624 831 3701 Et
856 3625 903 3700 de
927 3624 999 3700 hae
1021 3625 1185 3701 materia
1209 3623 1359 3722 plenius
1385 3625 1553 3703 invenies
1577 3626 1626 3704 de
1652 3627 1816 3703 termino
1844 3628 1977 3705 Sancti

387 3742 573 3820 Michaelis
596 3767 697 3818 anno
720 3741 835 3840 regis*
859 3741 1024 3818 Henriei
1047 3741 1183 3840 quinto
1207 3742 1353 3819 decimo
1375 3743 1596 3842 incipiente⁸
1619 3753 1729 3822 sexto
1752 3745 1912 3822 decimo'
1936 3747 1978 3822 in

385 3861 571 3938 comitatu
592 3860 797 3950 Berkeriae‚
819 3860 866 3937 de
888 3860 1061 3937 Roberto
1082 3860 1130 3937 de
1151 3861 1349 3962 Burneby.
1373 3863 1476 3939 Item
1497 3887 1585 3939 eum
1607 3864 1691 3962 quis
1714 3865 1833 3943 fuerit
1854 3866 1977 3965 impo-

384 3989 471 4057 tens
489 3981 559 4069 sui,
578 3983 646 4058 sed
662 3989 795 4057 tamen
812 4005 912 4056 sanae
929 3981 1081 4070 mentis,
1102 3981 1132 4057 si
1151 3981 1287 4080 aliquis
1306 3991 1486 4080 surrepto
1506 3981 1631 4080 sigillo
1651 3982 1811 4059 alieuius
1829 3994 1977 4061 cartam

386 4100 522 4177 feeerit
534 4101 582 4178 de
595 4100 708 4178 terris
722 4099 799 4177 suis
813 4101 893 4177 sine
907 4101 1107 4176 voluntate
1121 4109 1159 4177 et
1173 4125 1359 4178 consensu
1374 4126 1444 4177 suo
1458 4102 1509 4177 ad
1522 4102 1856 4180 exheredationem
1869 4104 1975 4179 here

386 4221 456 4310 dis,
473 4221 522 4297 ad
538 4221 763 4297 instantiam
779 4228 818 4296 et
835 4219 1061 4318 petitionem
1076 4218 1225 4296 heredis
1242 4219 1477 4297 mittantur¹⁰
1494 4219 1633 4298 milites
1652 4247 1723 4321 per
1740 4231 1976 4321 praeceptum

386 4340 530 4416 domini
550 4339 652 4437 regis
671 4340 721 4415 ad
740 4339 1004 4437 impotentem,
1023 4347 1070 4414 ut
1090 4337 1271 4414 audiatur
1291 4339 1372 4414 eius
1391 4339 1591 4428 confessio,
1613 4350 1746 4417 utrum
1767 4341 1907 4418 seilicet
1929 4343 1977 4418 de
2089 4327 2091 4332 ¹

385 4459 586 4534 voluntate
604 4483 674 4533 sua
692 4466 732 4533 et
749 4455 963 4533 eonsensu²²
986 4458 1098 4532 faeta
1117 4456 1235 4533 sunt²²
1255 4457 1480 4534 donationes
1500 4466 1539 4534 et
1559 4457 1675 4535 'caua
1694 4459 1754 4536 vel
1773 4484 1864 4549 non,
1885 4471 1925 4538 et
1945 4461 1976 4538 si

386 4576 610 4654 donationes
629 4585 668 4652 et
685 4583 811 4651 cartas
829 4573 1132 4664 deadvocaverit,
1150 4584 1244 4651 tune
1262 4576 1325 4650 ille
1343 4577 1408 4674 qui
1427 4576 1608 4653 fraudem
1627 4579 1719 4655 feeit
1737 4605 1976 4656 summonea-

385 4707 452 4774 tur
471 4695 574 4795 quod
593 4695 643 4772 sit
660 4719 915 4793 responsurus
934 4693 982 4770 de
1003 4693 1141 4771 fraude
1161 4693 1227 4771 illa
1246 4721 1317 4793 per
1334 4694 1412 4772 tale
1433 4696 1558 4772 breve.
1582 4698 1756 4790 <Breve
1777 4706 1908 4775 autem
1928 4699 1976 4775 de

386 4898 413 4933 ‘²
424 4903 626 4974 sacramento,
645 4897 714 4970 OB,
733 4896 806 4969 003
826 4902 1029 4970 sacramenta,
1048 4895 1118 4969 OA,
1137 4897 1204 4972 LA,
1224 4896 1296 4969 cn;
1317 4904 1541 4959 sacramentum
1562 4919 1660 4976 sunm,
1681 4899 1721 4975 V,
1743 4900 1815 4960 CM.
1858 4898 1884 4934 ⁴⁸
1897 4902 1977 4975 Om,

352 5129 356 5136 v
386 4999 453 5074 LA,
468 4999 587 5174 lciilud,
605 5098 699 5160 MSS.
716 5118 781 5158 var.
820 5097 917 5173 ²n0n,
934 5097 1002 5171 OA,
1020 5098 1099 5170 HA3
1117 5118 1186 5174 om,
1205 5099 1279 5159 MA.
1319 5097 1437 5176 ⁸iatnd,
1456 5102 1522 5176 LA,
1540 5103 1613 5163 CM.
1652 5102 1786 5181 *possit
1806 5104 1883 5180 MG,
1902 5107 1974 5167 CM.

386 5199 529 5276 'habuit
547 5200 626 5275 MG,
643 5200 718 5276 CM,
735 5200 774 5260 Y.
814 5198 932 5260 ‘habet
950 5200 989 5261 ab
1007 5221 1053 5275 eo,
1072 5200 1109 5260 V.
1150 5198 1264 5278 'regni
1283 5205 1377 5280 regis,
1394 5201 1464 5278 OB,
1484 5204 1551 5277 OC,
1570 5204 1647 5279 MG,
1668 5205 1705 5265 V.
1747 5202 1878 5280 ⁸·'Om.,
1898 5207 1976 5285 MG,

386 5302 459 5364 cM.
503 5301 529 5336 ¹⁰
540 5307 715 5377 mittuntur,
737 5301 815 5375 MG,
836 5302 910 5362 CM.
954 5300 1142 5362 ²¹consensu
1163 5323 1228 5376 suo,
1251 5303 1291 5376 Y,
1314 5303 1386 5363 HA.
1431 5303 1457 5338 ¹²
1469 5309 1542 5380 sint,
1564 5306 1630 5382 LA,
1653 5307 1720 5381 OC,
1744 5308 1824 5379 cM;
1848 5308 1976 5385 fuerint,

278 5460 282 5468 .
386 5405 459 5466 MC.
