4374 6366
369 551 443 627 872
901 544 1124 605 BRACTON:
1147 543 1208 605 DE
1232 543 1424 606 LEGIBUS

370 695 458 772 dem
475 693 686 771 iustitiariis
705 693 845 771 nostris
864 693 1080 794 appellaret
1099 694 1148 770 B.
1169 703 1208 772 et
1227 694 1414 792 quosdam
1433 694 1527 770 alios
1547 695 1595 770 de
1613 703 1738 772 morte
1759 695 1804 772 C.
1826 695 1959 773 fratris

370 816 441 904 sui,
457 816 558 891 idem
575 814 637 904 Β.,
652 815 766 891 homo
783 814 1028 891 meticulosus
1045 824 1083 891 et
1099 814 1238 892 timens
1256 814 1338 903 sibi,
1357 815 1550 892 subtraxit
1568 841 1619 905 se,
1637 815 1693 892 ita
1711 817 1814 915 quod
1830 840 1960 894 coram

369 937 513 1014 eisdem
531 935 742 1013 iustitiariis
762 935 902 1012 nostris
921 960 1001 1010 nou
1021 935 1128 1012 stetit
1148 944 1253 1012 recto
1272 935 1320 1012 de
1339 935 1495 1035 appello
1517 935 1594 1025 illo,
1615 945 1777 1036 propter
1798 936 1915 1036 quod⁸
1936 963 1961 1014 a

369 1057 616 1136 iuratoribus⁸
636 1066 676 1134 et
694 1057 836 1134 villatis
857 1058 905 1133 de
925 1068 1050 1134 morte
1070 1057 1136 1134 illa
1157 1067 1356 1156 suspectus
1377 1057 1592 1134 habebatur
1611 1067 1650 1135 et
1670 1059 1771 1136 male
1792 1059 1959 1136 creditus

300 1261 302 1266 ,
370 1182 447 1258 fuit
469 1179 582 1269 inde,²
605 1181 771 1257 maxime
794 1189 956 1280 propter
979 1180 1128 1278 fugam,
1151 1180 1268 1257 etita
1291 1180 1394 1278 quod
1417 1180 1468 1257 ad
1490 1190 1727 1280 praeceptum
1750 1182 1959 1258 eorundem

369 1303 660 1381 iustitiariorum
683 1312 905 1378 nostrorum
928 1303 1189 1400 interrogatus
1213 1302 1290 1379 fuit
1314 1303 1362 1378 de
1386 1302 1570 1379 comitatu
1594 1303 1634 1377 in
1659 1303 1895 1392 comitatum,
1920 1313 1959 1381 et

369 1425 425 1502 ita
438 1428 543 1525 quod
557 1426 766 1502 secundum
780 1425 906 1522 legem
921 1434 1033 1501 terrae
1047 1423 1246 1522 utlagatus
1262 1432 1330 1500 est.
1348 1425 1496 1500 Verum
1512 1424 1693 1522 quoniam
1708 1425 1811 1501 idem
1826 1425 1874 1501 B.
1893 1425 1958 1525 qui

368 1549 531 1626 interfici
553 1547 685 1624 debuit
707 1548 885 1624 inventus
909 1556 967 1624 est
989 1546 1098 1622 vivus
1121 1555 1160 1622 et
1182 1572 1310 1635 sanus,
1332 1571 1402 1623 nos
1427 1546 1766 1646 presumptionem
1787 1546 1959 1624 habitam

368 1678 531 1770 propter
545 1671 683 1768 fugam
695 1669 849 1745 veritati
863 1666 1053 1768 praeferri'
1068 1667 1254 1745 nolentes⁰
1269 1677 1308 1745 et
1322 1669 1413 1767 quia
1426 1669 1502 1744 iam
1517 1669 1768 1745 manifestum
1782 1679 1840 1746 est
1855 1669 1958 1769 quod

366 1793 476 1868 nulla
494 1791 643 1870 subfuit
661 1818 754 1868 vera
771 1816 887 1868 causa
906 1789 1168 1888 utlagationis,
1189 1790 1327 1889 fugam
1347 1790 1453 1866 illam
1473 1791 1595 1867 eidem
1616 1792 1663 1866 B.
1686 1791 1898 1868 remisimus
1918 1800 1957 1867 et

368 1915 648 2013 utlagationem
663 1913 972 2013 perdonavimus,
990 1912 1093 2012 quod
1109 1914 1238 1989 veniat
1255 1914 1304 1990 ad
1321 1937 1456 2012 pacem
1473 1923 1645 1990 nostram
1663 1915 1710 1990 de
1727 1915 1856 2012 gratia
1873 1940 1957 1990 nos·

367 2046 432 2114 tra
449 2036 614 2136 speciali.
633 2037 691 2113 Et
710 2035 795 2112 ideo
812 2035 882 2112 tibi
902 2035 1143 2135 precipimus
1162 2037 1266 2134 quod
1284 2034 1325 2110 in
1344 2035 1459 2134 pleno
1478 2035 1665 2112 comitatu
1684 2045 1753 2112 tuo
1771 2037 1837 2111 ubi
1857 2036 1959 2112 idem

368 2160 417 2236 B.
433 2159 511 2235 fuit
524 2159 735 2257 utlagatus,
750 2158 911 2258 produci
926 2157 1045 2234 facias
1059 2157 1188 2256 ipsum
1203 2158 1248 2233 C.
1265 2158 1330 2256 qui
1346 2157 1544 2234 dicebatur
1559 2157 1703 2234 occisus
1718 2168 1757 2235 et
1773 2159 1821 2235 ab
1837 2158 1957 2233 omni-

368 2281 439 2358 bus
456 2280 588 2370 videri,
607 2288 646 2356 et
663 2288 758 2356 tunc
775 2278 938 2356 deinde²⁰
956 2279 1084 2379 ipsum
1103 2280 1151 2355 B.
1171 2279 1335 2377 inlagari
1354 2289 1394 2356 et
1413 2279 1463 2355 ad
1481 2303 1617 2378 pacem
1636 2289 1808 2357 nostram
1827 2280 1957 2379 recipi,

368 2414 407 2480 et
419 2403 535 2479 etiam
546 2402 698 2503 publice
710 2401 867 2478 clamari
879 2402 982 2500 quod
994 2403 1122 2499 ipsum
1134 2400 1185 2476 ad
1196 2400 1364 2499 gratiam
1377 2410 1551 2479 nostram
1563 2402 1788 2501 recepimus,
1801 2411 1840 2479 et
1854 2403 1958 2501 quod

368 2527 402 2602 ei
416 2525 590 2602 dedimus
604 2524 757 2601 firmam
771 2547 905 2623 pacem
919 2532 1102 2600 nostram.
1119 2524 1237 2599 Teste
1251 2532 1428 2600 etcetera.

466 2649 533 2726 De
544 2645 781 2746 iuluyob’oue
795 2656 834 2725 et
848 2647 899 2724 ad
912 2670 998 2746 quoe
1011 2647 1239 2744 restituatur
1252 2646 1458 2744 integatur.

368 2773 473 2850 CUM
492 2772 576 2871 quis
593 2771 741 2872 igitur¹¹
758 2771 814 2847 ita
832 2771 951 2848 fuerit
969 2772 1016 2847 de
1033 2771 1162 2869 gratia
1179 2771 1364 2870 principis
1381 2771 1589 2869 inlegatus,
1608 2770 1659 2846 ad
1678 2795 1761 2870 quae
1780 2771 1957 2847 restitua-

366 2897 454 2972 tur?
469 2896 527 2972 Et
544 2896 594 2972 ad
608 2896 679 2970 hoc
695 2894 1011 2992 distinguendum
1025 2902 1083 2971 est
1098 2903 1231 2970 utrum
1248 2893 1442 2992 utlagaria
1458 2894 1532 2970 rite
1549 2902 1588 2971 et
1606 2893 1815 2970 secundum
1832 2893 1958 2990 legem

366 3026 478 3094 terra
499 3017 606 3095 facta
626 3016 687 3105 sit,
707 3016 786 3093 sive
807 3017 928 3094 subsit
948 3040 1065 3092 causa
1083 3041 1176 3091 vera
1197 3015 1303 3092 sive²²
1325 3015 1612 3115 praesumptiva,
1634 3024 1673 3092 et
1695 3015 1748 3092 sic
1769 3014 1898 3090 valida
1918 3024 1957 3091 et

366 3141 480 3228 iusta,
494 3140 556 3216 vel
572 3140 602 3217 si
618 3140 724 3215 facta
739 3139 859 3216 fuerit
873 3148 1009 3215 contra
1023 3140 1148 3236 legem
1164 3146 1287 3228 terrae,
1303 3146 1342 3215 et
1359 3137 1411 3214 sic
1427 3138 1607 3226 invalida,
1624 3137 1767 3214 iniusta
1782 3146 1821 3213 et
1836 3135 1955 3212 nulla.

466 3263 684 3341 ludicauda
699 3261 772 3340 erv't
789 3287 905 3339 cauea
919 3263 1045 3362 purae
1063 3271 1154 3340 aute
1171 3261 1446 3359 iulayatiooem
1462 3285 1536 3360 pro
1555 3286 1632 3360 quo
1649 3261 1727 3356 tuit
1744 3260 1956 3359 utlagatus,

466 3392 511 3459 ut
529 3381 682 3477 faciliue
700 3381 931 3458 admittatur
949 3381 1000 3458 od
1017 3404 1152 3480 pacem
1171 3381 1381 3457 secuudum
1401 3403 1555 3456 caueam
1574 3378 1836 3477 utlagationis.

367 3506 397 3581 f.
413 3505 532 3599 182b]
589 3506 701 3580 Iram
719 3504 750 3580 si
766 3503 915 3580 subfuit
931 3528 1057 3592 causa,
1076 3529 1159 3602 quae
1177 3513 1215 3584 et
1232 3503 1397 3602 qualiter
1413 3502 1480 3578 illa
1497 3502 1628 3592 fuerit,
1645 3509 1684 3579 et
1701 3502 1767 3578 ubi
1785 3502 1832 3578 de
1851 3502 1956 3578 facto

366 3628 605 3727 praecedente
628 3627 803 3703 denotari
828 3626 949 3726 possit
974 3627 1117 3702 felonia
1141 3633 1379 3724 perpetrata,
1405 3635 1444 3703 et
1468 3624 1536 3700 in¹⁸
1562 3623 1666 3724 qua¹⁴
1692 3624 1892 3701 voluntate
1917 3631 1956 3699 et

366 3750 515 3826 assultu
531 3749 815 3849 praemeditato:
831 3749 892 3825 vel
910 3748 941 3825 si
959 3749 1108 3824 factum
1125 3748 1293 3825 evenerit
1311 3773 1382 3847 per
1398 3746 1657 3823 infortunium
1674 3744 1781 3823 sine¹⁶
1800 3744 1955 3834 felonia,

367 3883 411 3949 ut
425 3897 512 3958 cum
526 3871 611 3971 quis
623 3871 772 3948 licitum
783 3871 899 3948 vellet
913 3871 1017 3947 aliud
1032 3870 1169 3948 accidit
1183 3897 1254 3969 per
1268 3867 1553 3946 infortunium²⁸
1568 3868 1744 3945 illicitum
1759 3868 1863 3967 quod
1878 3892 1957 3943 uon

364 3993 496 4070 vellet:
510 3995 571 4071 vel
584 3995 614 4070 si
628 3992 799 4092 aliquid²⁷
814 3992 951 4069 accidit
963 4019 1012 4069 ex
1024 3993 1261 4078 necessitate,
1272 3999 1316 4066 ut
1326 3990 1357 4066 si
1367 3990 1452 4089 quis
1460 3989 1652 4067 hominem
1662 4015 1701 4065 se
1712 3989 1955 4065 defendendo

271 4212 276 4222 Ι
365 4115 602 4192 interfecerit
620 4140 707 4191 cum
725 4115 819 4192 alias
837 4115 1051 4215 periculum
1070 4115 1213 4191 evitare
1232 4139 1311 4190 non
1329 4115 1467 4213 possit:
1486 4113 1548 4189 vel
1566 4139 1653 4188 cum
1674 4112 1829 4188 omnino
1849 4111 1956 4188 nulla

365 4238 515 4316 subfuit
527 4262 654 4327 causa,
667 4239 764 4314 sicut
778 4239 825 4314 de
836 4237 1060 4314 meticuloso
1073 4236 1223 4326 dicitur,
1238 4246 1276 4313 et
1289 4235 1354 4311 ubi
1368 4235 1432 4312 ille
1445 4236 1511 4334 qui
1524 4235 1688 4311 interfici
1701 4233 1834 4310 debuit
1846 4233 1956 4309 vivus

365 4359 577 4436 exhibetur.
602 4360 653 4436 In
675 4357 829 4458 primo²⁸
853 4384 943 4434 vero
966 4357 1085 4434 casu¹⁹
1107 4358 1173 4434 ubi
1197 4357 1342 4434 felonia
1365 4357 1541 4434 denotari
1564 4355 1719 4456 poterit,
1744 4381 1956 4454 numquam

366 4481 549 4558 deberet²⁰
562 4480 678 4558 talis²²
693 4480 845 4556 admitti
859 4481 909 4555 ad
921 4481 1089 4578 gratiam
1102 4479 1163 4555 vel
1177 4506 1255 4556 nou
1269 4480 1340 4555 nisi
1355 4505 1442 4555 cum
1456 4504 1600 4576 magna
1614 4477 1849 4567 difficultate,
1865 4477 1956 4576 quia

366 4630 415 4680 ex
431 4604 502 4679 tali
520 4602 755 4701 inlagatioue
775 4613 813 4680 et
831 4603 901 4679 tali
919 4603 1046 4700 gratia
1065 4603 1113 4678 de
1132 4602 1237 4677 facili
1256 4601 1426 4690 obtenta,
1447 4627 1495 4676 ex
1513 4600 1583 4677 tali
1603 4599 1748 4677 veniae²²
1769 4599 1956 4676 facilitate

365 4752 445 4802 non
464 4725 588 4803 solum
608 4724 789 4823 inlagatis
809 4751 944 4801 verum
963 4725 1079 4800 etiam
1101 4724 1183 4800 aliis
1204 4724 1244 4799 in
1264 4724 1335 4799 hoc
1356 4722 1635 4799 confidentibus
1658 4723 1774 4799 datur
1794 4721 1956 4798 materia

366 4847 622 4947 dehuquendi.
643 4847 685 4923 Si
704 4855 833 4924 autem
852 4847 1001 4923 factum
1018 4846 1187 4922 evenerit
1204 4871 1276 4944 per
1292 4845 1551 4922 infortunium
1570 4844 1650 4921 sine
1670 4843 1824 4933 felonia,
1843 4843 1904 4919 vel
1924 4843 1954 4918 si

364 5064 552 5142 ⁸hoc,.MG,
571 5066 646 5141 cM,
663 5063 729 5126 ΟΟ.
769 5064 914 5139 ⁶iuratis,
933 5065 1015 5136 Μῦς
1035 5063 1353 5140 iurator.,OC;iu1-.,
1373 5062 1441 5136 OA,
1460 5062 1529 5136 OB,
1550 5061 1626 5136 ΜΒ,
1646 5061 1713 5136 ΟΕ,
1733 5061 1808 5135 ΟΜ,
1826 5062 1867 5136 Y,
1887 5060 1953 5134 LA,

365 5166 438 5227 MC.
478 5164 593 5242 iidem,
611 5166 690 5240 MG,
707 5165 781 5227 ΟΜ.
821 5163 1005 5243 ⁸praeierre,
1024 5166 1093 5240 OB,
1111 5166 1188 5240 ΜΒ,
1208 5163 1274 5224 ΟΕ.
1314 5162 1487 5239 'volentem
1506 5164 1600 5226 MSS.
1619 5183 1684 5223 var.
1725 5162 1753 5198 ²⁰
1763 5162 1895 5240 demum,
1914 5163 1954 5236 V,

364 5267 434 5342 OB,
451 5267 526 5341 MA,
543 5265 610 5340 ΟΕ,
626 5267 702 5327 ΜΒ.
741 5265 766 5300 ²²
778 5266 858 5340 Om,
875 5267 952 5340 MA,
969 5266 1044 5339 ΜΒ,
1062 5266 1140 5340 ΜΟ,
1157 5266 1232 5341 ΟΜ,
1248 5263 1314 5325 OC.
1353 5263 1721 5341 ²²vel,MG,CM,OC.
1761 5261 1955 5341 ²⁸·²⁴iniqua,

366 5367 435 5441 os,
456 5366 522 5442 LA,
545 5365 611 5440 ca,
633 5366 707 5426 uc.
749 5365 816 5400 ²²²²²
828 5365 908 5440 om,
930 5367 1008 5440 uo,
1032 5365 1105 5442 cu,
1128 5366 1194 5429 oc.
1227 5352 1360 5443 '²⁷quu,
1382 5365 1427 5439 V;
1451 5363 1546 5440 mue,
1569 5367 1637 5428 oa.
1681 5363 1749 5400 ·····
1760 5369 1861 5444 prima
1883 5410 1891 5426 .
1914 5409 1953 5426 ..

364 5486 469 5541 causa,
484 5466 562 5544 MG,
578 5467 651 5527 ΟΜ.
689 5464 755 5500 ²²²²²
766 5464 914 5528 deberent
930 5465 1020 5542 tales,
1037 5467 1104 5541 LA,
1122 5468 1195 5528 MC.
1233 5464 1260 5500 ²²
1271 5472 1371 5544 venia,
1387 5467 1469 5541 MA;
1486 5471 1619 5544 nomine,
1636 5467 1715 5542 MG,
1733 5469 1798 5531 ΟΟ.
