4394 6342
371 518 421 587 33
901 510 1124 572 sanctos:
1146 510 1208 572 on
1233 509 1424 572 snomos

371 663 462 739 lana
477 687 549 761 per
564 686 648 762 quae
664 661 887 762 supradicti,
904 671 943 739 et
960 661 1094 738 nonin
1111 661 1328 759 villenagio,
1346 685 1415 738 neo
1432 668 1523 737 sunt
1540 660 1639 736 servi
1655 683 1725 735 neo
1743 660 1904 736 fuerunt
1922 659 1963 734 in

372 789 584 880 conquestu
606 790 651 857 ut
674 781 801 880 primi,
826 782 893 858 sed
917 807 988 880 per
1011 782 1205 880 quandam
1229 779 1520 858 conventionem
1546 804 1662 878 quam
1686 803 1774 855 eum
1798 777 1963 855 dominis

372 903 561 990 feoenmt,
581 910 620 977 et
640 901 695 977 ita
715 900 817 1000 quod
838 900 995 1000 quidam
1015 926 1148 977 eorum
1166 909 1293 976 cartas
1312 899 1455 976 habent
1475 907 1514 975 et
1534 899 1691 997 quidam
1711 921 1802 986 non,
1823 906 1863 973 et
1885 897 1962 996 qui,

372 1021 431 1096 si⁸⁰
453 1047 475 1097 a
495 1019 636 1098 talibus
655 1020 883 1097 tenementis
903 1018 1011 1096 eiecti
1031 1019 1190 1108 fuerint,
1211 1019 1387 1096 seisinam
1407 1017 1703 1118 recuperabunt,
1725 1015 1962 1093 seeundum³¹

373 1139 600 1239 quosdam,⁸²
621 1165 692 1238 per
713 1139 871 1217 assisam
891 1164 999 1214 novae
1021 1138 1236 1216 disseisinae.
1260 1139 1427 1215 Etcum
1449 1137 1607 1214 assisam
1629 1161 1737 1212 novae
1758 1135 1963 1213 disseisinae

371 1261 587 1349 habuerint,
602 1260 798 1336 habebunt
813 1259 970 1336 heredes
987 1258 1145 1336 assisam
1160 1259 1295 1335 mortis
1312 1257 1570 1334 antecessoris.

472 1380 577 1457 Sunt
592 1381 708 1456 etiam
722 1379 832 1456 liberi
845 1380 886 1456 io
900 1379 1070 1455 manerio
1085 1378 1230 1455 domini
1244 1378 1357 1475 repis.

375 1499 496 1576 som
514 1499 631 1574 etiam
651 1498 726 1574 alia
743 1523 887 1596 genera
905 1497 1102 1574 hominum
1122 1498 1163 1573 in
1181 1496 1360 1574 maneriis
1381 1495 1447 1572 et⁸⁸
1467 1494 1664 1572 dominicis
1686 1495 1830 1572 domini
1849 1494 1964 1592 regis,

373 1619 439 1717 qui
451 1617 579 1696 siout⁸⁴
594 1617 711 1695 aiibi⁸⁵
725 1627 858 1695 tenent
873 1617 990 1694 libere
1005 1626 1045 1693 et
1058 1617 1100 1693 in
1113 1615 1233 1693 libero
1248 1617 1401 1714 sooagio
1417 1614 1484 1692 et⁸⁰
1500 1641 1571 1714 per
1586 1614 1783 1692 servitium
1798 1615 1964 1692 militare

373 1765 422 1816 ex
437 1764 538 1815 novo
553 1739 808 1815 feoffamento
822 1746 862 1814 et
878 1746 967 1836 post
983 1745 1246 1835 conquestum.
1267 1803 1268 1806 ,

472 1857 557 1936 Sat
576 1867 770 1958 potestate
788 1856 1030 1934 dominorum
1048 1867 1141 1932 snat
1157 1855 1268 1932 liberi
1286 1855 1467 1932 homines

374 1980 487 2054 ΙΤΜΜ
503 1977 573 2055 sub
588 1986 782 2076 potestate
797 1975 1040 2053 dominorum
1056 1986 1148 2052 sunt
1162 1974 1271 2051 liberi
1286 1974 1456 2051 homines
1473 1975 1636 2073 possessi
1652 1984 1697 2051 ut
1713 1974 1824 2064 servi,
1841 1984 1881 2052 et
1899 1975 1964 2075 qui

374 2097 581 2197 aliquando
603 2098 644 2173 in
666 2096 884 2173 libertatem
907 2096 1161 2194 proclamant,
1186 2103 1225 2171 et
1250 2094 1315 2193 qui
1339 2095 1413 2171 diei
1437 2103 1622 2192 potenmt
1647 2095 1852 2172 statuservi
1877 2120 1964 2172 oum

374 2217 451 2294 sint
467 2216 588 2304 liberi,
606 2216 739 2292 eadem
755 2215 905 2292 ratione
922 2240 999 2314 qua
1015 2214 1114 2290 servi
1131 2213 1204 2289 diei
1221 2221 1406 2312 poterunt
1424 2213 1640 2290 statuliberi
1658 2239 1746 2290 oum
1764 2215 1840 2291 sint
1860 2213 1963 2312 fugi·

373 2335 443 2412 tivi
458 2344 497 2413 et
512 2345 625 2414 extra
638 2343 871 2434 potestatem
887 2332 1146 2410 dominorum:
1164 2333 1211 2409 de
1227 2333 1365 2432 quibus
1382 2332 1533 2433 plenius
1550 2332 1699 2410 dicetur
1714 2333 1830 2410 infra.

374 2538 400 2573 ⁸⁰
413 2539 494 2614 om„
511 2539 581 2613 os,
599 2539 668 2614 on,
687 2538 763 2612 nn,
781 2538 858 2612 nn,
878 2536 944 2612 cn,
963 2539 1003 2612 Y,
1021 2537 1088 2598 oc.
1129 2535 1195 2569 ⁸⁸⁸⁸⁸
1206 2543 1247 2611 et,
1268 2536 1345 2608 no,
1365 2537 1445 2609 cn;
1464 2557 1534 2612 om„
1556 2537 1622 2611 m,
1642 2537 1715 2597 nc.
1758 2535 1783 2570 ⁸³
1796 2537 1876 2611 om„
1895 2537 1965 2612 os,

375 2640 451 2715 nn,
469 2640 548 2713 ΗΜ
565 2644 607 2715 n,
623 2639 689 2700 cn.
726 2637 753 2673 ⁸⁴
765 2646 848 2713 sunt,
865 2640 940 2713 cn,
957 2639 1025 2700 no
1046 2637 1156 2716 (aas),
1173 2638 1246 2699 nn.
1286 2635 1312 2670 ³³
1324 2636 1389 2712 nn,
1405 2638 1475 2713 on,
1494 2639 1569 2712 Mn,
1587 2638 1663 2714 nn,
1682 2639 1749 2714 cn,
1767 2639 1806 2700 Y.
1846 2636 1873 2672 ⁸⁰
1885 2638 1965 2713 om„

374 2741 444 2816 os,
458 2740 535 2815 ns,
550 2740 623 2802 cM.
