4432 6336
387 422 459 491 124
917 414 1140 477 BRACTON:
1162 415 1224 476 DE
1247 415 1440 478 LEGIBUS

384 565 485 666 pro⁸¹
498 565 725 643 voluntate⁴⁰
738 565 991 644 concedentis.
1008 567 1051 643 Si
1065 573 1196 643 autem
1208 567 1408 656 incertum,
1423 575 1517 644 tunc
1531 568 1601 644 fiat
1615 577 1660 645 ut
1676 592 1795 666 supra
1809 566 1976 645 dicitru⁴²

384 684 433 760 de
447 684 632 784 precario.

483 886 549 962 Dc
565 885 847 964 traditionibm.

386 1008 498 1082 Iram
521 1031 599 1082 non
620 1005 724 1084 valet
746 1006 903 1083 donatio
926 1006 998 1082 nisi
1022 1006 1305 1105 subsequatur⁴¹
1328 1006 1498 1095 traditio,
1522 1007 1613 1106 quia
1636 1031 1716 1082 non
1739 1008 1977 1083 transfertur

384 1149 455 1222 per
475 1123 697 1222 homagium
718 1150 777 1202 res
798 1123 903 1214 data,
924 1151 1047 1223 neque
1067 1150 1139 1224 per
1159 1134 1355 1201 cartarum
1376 1125 1436 1201 vel
1458 1125 1803 1203 instrumentorum
1824 1126 1975 1202 conseo·

382 1243 528 1321 tionem
552 1243 725 1342 quamvis
750 1243 790 1319 in
814 1243 968 1343 publico
993 1243 1141 1320 luerint
1164 1245 1335 1320 recitata.
1363 1245 1467 1320 Item
1491 1242 1588 1320 nec⁴⁸
1613 1269 1685 1343 per
1708 1245 1976 1344 imaginariam

382 1362 631 1440 traditionem
655 1361 749 1438 ubi⁴⁴
774 1387 935 1462 corpore
959 1364 1103 1440 recedit
1127 1371 1167 1440 et
1192 1363 1320 1439 animo
1346 1363 1485 1440 retinet
1511 1363 1799 1463 possessionem,
1826 1373 1865 1440 et
1891 1363 1976 1440 vult

384 1481 513 1581 potius
535 1483 639 1581 quod
660 1508 719 1558 res
741 1480 835 1558 data
855 1507 944 1558 cum
964 1509 1010 1558 eo
1031 1491 1228 1558 remaneat
1249 1508 1366 1580 quam
1388 1491 1561 1560 transeat
1584 1483 1634 1558 ad
1655 1483 1913 1573 donatarium,
1936 1491 1975 1560 et

383 1625 505 1675 unum
520 1599 601 1698 agit
616 1609 655 1678 et
670 1600 775 1677 aliud
789 1627 905 1698 agere
920 1601 1086 1678 simulat.
1106 1601 1184 1678 Sed
1199 1611 1292 1679 tunc
1306 1600 1463 1678 demum
1478 1626 1566 1679 cum
1581 1602 1746 1678 donator
1761 1602 1974 1701 plenariam

383 1717 519 1794 fecerit
534 1717 712 1795 seisinam
726 1719 928 1796 donatario
944 1717 1042 1818 per⁴⁵
1059 1717 1127 1795 se⁴⁸
1143 1720 1174 1796 si
1190 1744 1356 1818 praesens
1373 1719 1505 1807 fuerit,
1522 1719 1583 1796 vel
1598 1745 1670 1819 per
1684 1729 1975 1819 procuratorem

382 1847 422 1916 et
436 1838 586 1915 litteras
601 1839 632 1915 si
646 1837 783 1915 absens
799 1838 929 1927 luerit,
946 1838 1001 1916 ita
1016 1839 1120 1937 quod
1135 1847 1244 1914 carto
1259 1837 1476 1915 donationis
1492 1849 1531 1916 et
1547 1839 1685 1915 litterae
1701 1838 1975 1938 procuratoriae

382 1981 512 2033 coram
533 1956 664 2034 vicinis
686 1958 736 2033 od
758 1958 829 2033 hoc
850 1957 1066 2056 specialiter
1087 1957 1304 2034 convocatis
1325 1957 1504 2054 legentur
1526 1957 1567 2032 in
1589 1957 1754 2057 publico.
1777 1958 1835 2036 Et
1858 1958 1975 2034 etiam

382 2100 470 2151 cum
488 2075 654 2152 donator
672 2101 832 2175 corpore
852 2084 891 2154 et
910 2075 1038 2152 animo
1058 2077 1254 2154 recesserit
1274 2101 1297 2152 a
1317 2076 1566 2176 possessione,
1586 2077 1618 2154 si
1638 2075 1833 2175 proesens⁴²
1854 2077 1974 2154 fuerit

382 2193 423 2268 in
438 2193 523 2292 ipsa
538 2195 757 2283 traditione,
774 2194 855 2271 sine
871 2193 1000 2294 aliqua
1016 2220 1084 2294 spe
1100 2203 1140 2272 et
1156 2195 1284 2271 animo
1300 2194 1545 2271 revertendi⁴⁸
1561 2205 1607 2272 ut
1624 2195 1812 2284 dominus,
1830 2205 1869 2272 et
1886 2221 1975 2273 cum

382 2315 606 2390 donatarius
625 2315 665 2389 in
682 2313 918 2414 possessione
934 2338 1057 2390 vacua
1074 2313 1246 2391 extiterit
1263 2339 1424 2414 corpore
1444 2324 1482 2392 et
1501 2314 1629 2391 animo
1647 2313 1714 2392 et⁴⁹
1732 2339 1821 2391 cum
1839 2314 1972 2391 volun·

380 2439 464 2509 tate
485 2432 675 2509 retinendi
697 2432 985 2532 possessionem,
1008 2443 1048 2510 et
1070 2433 1174 2531 quod
1195 2458 1295 2510 unus
1318 2433 1468 2511 desinat
1491 2442 1530 2510 et
1552 2433 1649 2511 alius
1672 2433 1831 2535 incipiat
1853 2435 1973 2534 possi·

382 2552 489 2628 dere:
511 2552 602 2651 quia
621 2553 787 2630 donator
806 2576 1018 2650 numquam
1038 2551 1178 2629 desinit
1198 2550 1393 2651 possidere
1414 2552 1535 2629 donec
1557 2553 1781 2631 donatarius
1803 2555 1974 2653 plenarie

382 2670 558 2748 fueritin
573 2670 721 2761 seisina,
737 2696 808 2748 nec
823 2671 960 2748 iacebit
975 2671 1113 2749 seisina
1129 2670 1257 2769 aliquo
1272 2680 1449 2770 tempore
1465 2672 1591 2748 medio
1607 2696 1740 2749 vacua.

482 2791 591 2885 Quid
603 2791 655 2868 a’t
670 2790 838 2869 traditio.

381 2912 616 2988 anunuu
634 2920 693 2986 est
710 2909 898 3008 imprimis
916 2908 1009 3008 quid
1027 2909 1077 2986 sit
1094 2909 1264 2986 traditio.
1284 2910 1343 2986 Et
1360 2918 1420 2986 est
1437 2909 1596 2987 traditio
1614 2910 1663 2987 de
1681 2936 1722 2986 re
1742 2910 1973 3009 corporali,'⁰

381 3030 541 3128 propria
559 3028 620 3105 vel
640 3028 803 3117 aliena‚⁵²
823 3028 871 3104 de
889 3053 1055 3127 persona
1074 3028 1115 3103 in
1133 3053 1350 3127 personam,
1371 3028 1418 3104 de
1437 3054 1555 3104 manu
1575 3029 1736 3128 propria
1755 3030 1816 3106 vel
1837 3030 1973 3119 aliena,

381 3149 479 3227 sicut
504 3148 782 3248 procuratorio,
808 3149 902 3225 dum
926 3157 1058 3225 tamen
1083 3149 1132 3225 de
1156 3146 1356 3224 voluntate
1381 3145 1537 3237 domini,
1563 3147 1605 3225 in
1631 3148 1788 3225 alterius
1813 3174 1973 3227 manum

380 3269 555 3368 gratuita
570 3267 785 3346 translatio.
803 3267 861 3344 Et
878 3265 971 3342 nihil
989 3265 1094 3343 aliud
1111 3275 1170 3343 est
1186 3267 1345 3343 traditio
1363 3266 1403 3343 in
1419 3291 1499 3342 uno
1516 3292 1630 3344 sensu
1648 3266 1747 3344 nisi'¹
1766 3267 1807 3342 in
1825 3294 1972 3368 posses·

382 3388 526 3464 sionem
539 3386 722 3462 inductio.
735 3387 800 3465 De
814 3411 857 3463 re
871 3385 1062 3485 corporali
1075 3385 1161 3462 ideo
1176 3385 1268 3462 dicit
1282 3384 1373 3484 quia
1387 3410 1447 3462 res
1463 3385 1714 3486 incorporalis
1729 3412 1809 3462 non
1823 3388 1975 3486 patitur

381 3507 641 3596 traditionem,
656 3507 754 3584 sicut
769 3507 897 3605 ipsum
912 3507 970 3582 ius
987 3506 1091 3603 quod
1107 3505 1161 3581 rei
1178 3505 1255 3582 sive
1271 3505 1424 3604 corpori
1441 3503 1610 3594 inhaeret,
1627 3514 1667 3581 et
1683 3507 1773 3604 quia
1790 3531 1869 3582 non
1885 3532 1972 3606 pos-

381 3637 474 3707 sunt
494 3627 691 3728 possideri,
713 3627 780 3703 sed
800 3623 920 3725 quasi.
945 3625 1041 3700 Ideo
1061 3623 1309 3701 traditionem
1330 3647 1409 3700 non
1430 3624 1646 3722 potiuntur,
1670 3625 1737 3701 sed
1759 3627 1879 3724 quasi,
1902 3650 1973 3701 nec

382 3747 640 3846 adquiruntur
656 3770 725 3821 nec
742 3745 958 3821 retinentur
973 3743 1046 3818 nisi
1063 3767 1135 3841 per
1150 3742 1379 3842 patientiam
1396 3752 1435 3819 et
1451 3767 1575 3820 usum.
1592 3744 1659 3821 De
1675 3768 1717 3821 rc
1734 3746 1895 3844 propria
1911 3744 1974 3821 vel

381 3867 506 3946 aliem
524 3866 618 3943 dicit
634 3863 751 3964 quis¹⁸
769 3865 891 3941 refert
909 3861 994 3962 quis
1012 3861 1260 3939 traditionem
1279 3863 1407 3938 facere
1424 3863 1557 3960 possit.
1577 3862 1636 3940 Et
1654 3864 1850 3940 sciendum
1869 3865 1973 3962 quod

381 3985 505 4064 omnis
531 3985 597 4084 qui
622 3984 869 4060 donationem
884 3980 1059 4059 lecerit*
1086 3982 1164 4058 sive
1191 3980 1240 4058 sit
1266 3981 1444 4057 dominus
1472 3981 1550 4058 sive
1577 4006 1656 4057 non
1682 3982 1899 4059 dominus.⁸⁸
1929 3983 1972 4059 Si

381 4115 511 4183 autem
532 4105 602 4181 fiat
621 4103 780 4181 traditio
801 4129 825 4178 a
844 4127 935 4177 vero
956 4101 1123 4189 domino,
1145 4100 1277 4177 statim
1298 4109 1337 4177 et
1358 4101 1440 4177 sine
1460 4125 1570 4177 mora
1591 4101 1726 4199 incipit
1748 4103 1972 4179 donatarius

380 4226 520 4303 habere
547 4225 710 4301 liberum
738 4229 1001 4299 tenementum
1029 4228 1192 4319 propter
1220 4219 1526 4296 coniunctionem
1554 4219 1647 4296 iuris
1677 4230 1716 4297 et
1745 4221 1901 4310 seisinae,
1932 4231 1972 4298 et

380 4353 560 4422 mutuum
578 4342 778 4439 utriusque
797 4338 920 4439 partis
939 4363 1176 4427 consensum,
1196 4348 1236 4414 et
1254 4336 1393 4414 sufficit
1412 4338 1527 4416 semel
1546 4338 1710 4416 voluisse
1728 4341 1770 4416 in
1788 4341 1874 4440 ipss
1892 4351 1971 4420 tra·

382 4462 526 4538 ditione
540 4461 602 4536 vel
618 4469 708 4559 post
721 4455 1010 4545 traditionem,⁵⁶
1027 4465 1066 4534 et
1082 4456 1172 4555 quia
1188 4483 1248 4533 res
1265 4481 1349 4555 quae
1364 4457 1571 4535 traditione
1588 4467 1728 4536 nostrae
1744 4458 1872 4535 fiunt⁶'
1889 4460 1971 4537 iure

380 4626 447 4664 ⁸⁹⁴⁰
458 4647 517 4707 per
533 4625 733 4702 voluntatem,
751 4625 820 4700 OB,
839 4625 915 4701 MA,
935 4625 1010 4699 ΜΒ,
1029 4625 1095 4701 CE,
1114 4625 1153 4685 Y.
1195 4622 1221 4658 ⁴²
1233 4624 1313 4701 Om,
1332 4626 1401 4701 OB,
1419 4626 1496 4702 MA,
1516 4626 1593 4701 ΜΒ,
1611 4626 1678 4702 CE,
1697 4628 1736 4688 Y.
1778 4626 1804 4660 ⁴²
1816 4635 1972 4706 sequatur,

381 4728 450 4806 OB,
463 4729 540 4803 MA,
553 4728 630 4802 MB,
641 4728 708 4802 ΟΕ,
721 4727 759 4788 Y.
796 4724 942 4804 “neque
955 4726 1049 4788 MSS.
1062 4746 1127 4786 var.
1163 4723 1271 4802 ⁴⁴nisi,
1285 4727 1379 4789 MSS.
1393 4747 1458 4788 var.
1494 4725 1560 4760 “¹⁴⁸
1572 4728 1653 4806 Om.,
1667 4729 1736 4803 OB,
1751 4729 1827 4803 MA,
1842 4730 1918 4807 MB,
1931 4730 1970 4792 Y.

381 4827 407 4864 ⁴¹
419 4829 541 4904 absens,
557 4827 628 4904 OB,
644 4828 721 4902 MA,
738 4827 814 4903 MB,
831 4828 907 4903 ΜΟ,
923 4827 990 4903 ΟΕ,
1007 4829 1048 4901 Y,
1064 4828 1103 4888 V.
1142 4826 1168 4860 ⁴⁸
1181 4827 1345 4904 retinendi,
1364 4830 1440 4902 MA,
1459 4830 1533 4906 MC,
1551 4831 1628 4905 MB,
1646 4831 1714 4906 ΟΕ,
1732 4832 1772 4906 Υ,
1790 4832 1849 4893 ΟΒ
1871 4832 1931 4911 (-
1940 4839 1973 4893 et

380 4928 513 5006 animo).
551 4927 671 5004 ⁴⁹0m„
688 4929 767 5004 MG,
785 4930 859 4990 CM.
899 4926 964 4962 ¹¹¹¹¹
976 4927 1131 5006 corporali
1149 4929 1199 4990 vel
1216 4929 1320 4990 aliena
1336 4931 1387 4991 vel
1405 4936 1546 5009 propria,
1564 4932 1634 5008 OB,
1653 4933 1729 5008 MA,
1750 4935 1825 5008 MB,
1846 4935 1912 5011 ΟΕ,
1931 4936 1970 4996 Y.

381 5028 408 5063 ⁶²
419 5051 520 5108 quam,
537 5030 606 5103 OB,
624 5030 700 5105 MA,
716 5030 792 5092 ΜΒ.
831 5028 858 5063 ⁸⁸
870 5029 962 5107 quod,
979 5031 1019 5104 V,
1037 5029 1115 5106 MG,
1132 5031 1205 5091 CM.
1245 5029 1272 5065 ⁶⁴
1284 5030 1406 5106 fecerit,
1425 5033 1493 5108 OA,
1511 5034 1587 5110 MA,
1607 5036 1685 5109 ΜΟ;
1705 5036 1792 5113 facit,
1810 5038 1856 5111 Y;
1874 5037 1972 5098 tradi-

380 5134 505 5205 tionem,
518 5129 675 5205 OB;etc.,
687 5131 756 5205 OC,
768 5131 844 5206 ΟΜ,
857 5131 1024 5205 MG30m.,
1037 5132 1104 5205 LA,
1118 5132 1185 5208 ΟΕ,
1199 5134 1274 5194 ΜΒ.
1310 5131 1429 5208 ⁸⁸Om,
1442 5135 1510 5211 OC,
1525 5137 1603 5211 MG,
1618 5138 1691 5198 CM.
1728 5136 1971 5216 ⁶⁸donati0nem,

381 5229 451 5304 OB,
465 5230 541 5305 MA,
553 5230 629 5291 ΜΒ,
665 5229 690 5264 ⁶⁷
703 5231 792 5305 fiunt,
806 5230 875 5308 OA,
889 5231 956 5305 LA,
970 5233 1010 5307 Y,
1025 5233 1104 5306 MC;
1119 5240 1227 5294 nostra
1243 5234 1371 5310 fuerint,
1384 5237 1424 5310 V,
1440 5237 1518 5312 MG,
1534 5240 1613 5312 CM;
1629 5247 1742 5300 nostrie
1758 5240 1886 5318 fuerint,
1902 5242 1971 5320 OB,

382 5330 458 5406 MA,
473 5330 550 5404 MB,
564 5330 630 5392 ΟΕ.
