4392 6352
774 506 836 567 DE
859 506 1063 568 PLACITIS
1087 507 1276 570 CORONAE
1748 518 1823 588 859

232 653 370 753 regni²⁸
383 653 539 731 exilium
551 655 722 753 elegerit,
734 664 774 732 et
786 657 839 733 sic
852 659 1061 734 secundum
1073 659 1199 755 legem
1212 659 1359 749 exierit,
1373 685 1452 736 non
1465 661 1537 738 erit
1550 661 1711 739 ulterius
1724 664 1823 740 utla-

232 773 384 868 gandus
403 772 477 849 de²'
493 773 617 849 iure.²⁸
635 774 738 850 Item
755 774 862 851 nulla
878 802 966 852 cum
984 776 1069 876 quis
1085 779 1347 876 interrogatus
1364 789 1454 856 ante
1472 789 1626 879 tempus
1646 782 1772 880 alege
1790 783 1824 859 ei

233 916 451 968 concessum
466 892 676 991 utlagatur,
692 919 780 970 cum
792 903 921 971 totum
934 904 1089 994 tempus
1105 923 1128 973 a
1143 897 1228 995 lege
1244 898 1473 975 definitum²⁹
1488 899 1523 977 ei
1538 901 1672 978 cedere
1687 903 1824 978 debeat
1901 972 1903 985 .

234 1011 285 1088 ad
296 1012 549 1089 commodum.
564 1014 623 1088 Et
635 1014 737 1089 unde
750 1013 903 1090 videtur
917 1016 1019 1113 quod
1034 1016 1065 1092 si
1079 1016 1185 1092 inira
1198 1026 1352 1115 tempus
1365 1018 1462 1094 illud
1477 1021 1624 1097 venerit
1637 1031 1676 1097 et
1691 1021 1732 1096 in
1745 1023 1823 1120 pri·

235 1154 367 1206 sonam
387 1156 426 1207 se
443 1130 601 1219 miserit,
620 1130 724 1229 quod
743 1131 867 1208 audiri
886 1133 1023 1210 debeat
1043 1136 1230 1233 exceptio,
1250 1161 1357 1213 secus
1375 1147 1507 1213 tamen
1526 1138 1599 1213 ut⁸⁰
1618 1138 1772 1215 videtur
1792 1139 1824 1216 si

233 1257 323 1345 post
341 1247 524 1347 tempus¹²
545 1247 652 1324 illud.
676 1249 780 1326 Item
800 1250 908 1325 nulla
928 1252 959 1327 si
981 1252 1184 1330 comitatus
1207 1252 1372 1351 aliquem
1393 1255 1628 1354 utlagaverit
1650 1258 1681 1333 si
1704 1257 1824 1334 fuerit

234 1369 339 1444 infra
352 1378 505 1445 atatem
519 1393 607 1444 cum
622 1377 726 1444 secta
739 1370 799 1445 vel
815 1369 894 1445 sine
910 1378 1023 1458 secta,
1040 1371 1132 1469 quia
1145 1380 1235 1448 ante
1249 1380 1403 1449 atatem
1417 1374 1619 1450 duodecim
1634 1401 1824 1452 annorum

233 1512 312 1562 non
336 1486 410 1563 erit
434 1487 517 1585 quis
543 1487 613 1563 sub
637 1487 734 1585 lege,
761 1497 800 1564 et
825 1489 933 1586 prius
958 1498 1070 1565 extra
1095 1489 1221 1586 legem
1244 1491 1339 1588 poni
1363 1517 1443 1567 non
1468 1493 1623 1590 poterit.
1651 1494 1710 1570 Et
1735 1518 1824 1570 cum

232 1605 448 1681 huiusmodi
465 1604 657 1704 utlagatio
674 1605 715 1680 in
732 1606 924 1705 praedictis
942 1607 1090 1684 casibus
1108 1607 1216 1684 nulla
1234 1607 1310 1684 sit⁸²
1329 1617 1368 1685 et
1386 1609 1655 1700 consimilibus,
1675 1612 1723 1687 de
1741 1612 1823 1687 iure

232 1725 511 1802 concomitante
531 1725 660 1823 gratia
680 1724 730 1800 ad
749 1725 879 1800 omnia
897 1725 1124 1802 restituendi
1146 1736 1248 1814 sunt,
1270 1727 1363 1803 dum
1383 1736 1514 1803 tamen
1537 1728 1823 1827 appellantibus

233 1845 492 1943 respondeant
506 1853 545 1919 et
561 1869 633 1942 per
647 1843 773 1940 legem
788 1853 899 1919 terrae
915 1869 954 1919 se
970 1843 1194 1920 defendant.
1213 1845 1316 1921 Item
1333 1845 1487 1922 videtur
1503 1873 1583 1922 esse
1599 1846 1707 1922 nulla
1722 1848 1821 1924 utla-

233 1962 340 2060 gatio
360 1962 391 2038 si
410 1962 559 2038 factum
578 1987 746 2060 proquo
766 1961 850 2059 quis
870 1960 1158 2059 interrogatus⁸⁸
1180 1971 1238 2038 est
1257 1962 1365 2038 civile
1386 1963 1447 2051 sit,
1468 1973 1507 2040 et
1528 1990 1607 2041 non
1627 1965 1823 2041 criminale

233 2105 305 2179 pro
324 2106 401 2179 quo
419 2079 503 2178 quis
521 2080 642 2156 vitam
661 2079 837 2156 amittere
856 2079 1039 2155 deberet⁸⁴
1057 2080 1118 2156 vel
1137 2081 1319 2156 membra.
1342 2080 1435 2157 Sola
1453 2082 1606 2180 quidem
1627 2083 1724 2180 fuga
1745 2083 1823 2159 sive

232 2197 474 2274 contumacia
499 2199 579 2275 sine
604 2197 772 2286 crimine,
798 2198 858 2274 vel
883 2223 999 2274 causa
1025 2224 1117 2274 vera
1141 2198 1203 2274 vel
1229 2199 1516 2298 praesumptiva,
1543 2201 1823 2298 utlagationem

233 2344 311 2396 non
325 2319 483 2394 inducit.
501 2319 553 2394 In
568 2317 796 2416 quibusdam
811 2325 942 2392 tamen
957 2315 1177 2393 criminibus
1193 2316 1397 2392 levioribus
1414 2316 1539 2416 iuga⁸⁶
1557 2318 1652 2395 iacit
1668 2343 1824 2417 poenam

232 2435 489 2534 graviorem,³⁶
504 2434 602 2512 sicut
616 2435 737 2511 videri
751 2435 896 2534 poterit
910 2433 951 2510 in
966 2460 1010 2510 eo
1025 2435 1090 2533 qui
1106 2434 1326 2533 appellatus
1342 2434 1428 2512 est⁸²
1445 2437 1485 2511 in
1500 2436 1656 2512 crimine
1673 2446 1822 2535 raptus,

233 2555 299 2654 qui
324 2555 356 2631 si
380 2579 547 2654 praesens
572 2554 861 2628 convinceretur
885 2578 964 2628 non
990 2553 1183 2629 auritteret
1209 2553 1281 2629 nisi
1307 2553 1495 2629 membra:
1522 2554 1666 2631 amittit
1692 2565 1824 2631 tamen

234 2673 464 2772 quandoque
484 2672 605 2748 vitam
626 2681 788 2771 propter
810 2671 958 2768 lugam.
984 2670 1184 2762 <Facta⁸⁸
1206 2680 1336 2747 autem
1357 2681 1522 2769 possunt
1543 2697 1624 2749 esse
1647 2672 1763 2771 plura
1785 2682 1824 2748 et

234 2792 395 2879 diversa,
411 2792 509 2868 sicut
524 2799 615 2866 sunt
630 2789 790 2865 crimina
803 2789 950 2901 maiora
965 2798 1003 2865 et
1018 2790 1179 2876 minora,
1196 2788 1405 2866 secundum
1421 2790 1525 2888 quod
1540 2791 1716 2889 superius
1733 2790 1823 2865 dici-

233 2919 300 2986 tur
312 2909 353 2984 in
365 2917 537 2986 tractatu
551 2909 598 2985 de
611 2907 843 2983 criminibus.
858 2907 917 2984 Et
930 2907 1001 2982 hoc
1015 2906 1100 2983 dico
1116 2907 1146 2983 si
1161 2906 1409 2983 criminaliter
1424 2917 1577 3006 agatur,
1593 2916 1722 3006 potest
1739 2907 1823 3007 quis

233 3028 403 3124 utlagari
421 3052 494 3126 pro
511 3025 668 3102 crimine
685 3024 856 3102 maiore⁸⁹
875 3024 935 3100 vel
953 3024 1139 3101 minore.⁴⁰
1160 3025 1263 3101 Item
1281 3050 1354 3123 pro
1374 3035 1491 3123 raptu
1510 3025 1669 3123 virginis
1690 3036 1825 3102 contra

234 3173 368 3247 pacem
381 3157 420 3224 et
434 3172 506 3246 pro
520 3147 624 3223 omni
639 3146 715 3222 alia
727 3145 1031 3244 transgressione
1046 3171 1130 3244 quae
1145 3144 1218 3221 fit⁴²
1234 3155 1370 3223 contra
1385 3170 1531 3244 pacem,
1547 3156 1586 3223 et
1603 3146 1741 3223 delicto
1757 3145 1823 3220 ubi

235 3269 378 3345 felonia
396 3276 435 3344 et
454 3294 533 3367 pax
552 3267 696 3343 domini
716 3267 816 3364 regis
836 3267 1010 3344 adicitur.
1034 3266 1151 3343 Secus
1171 3274 1301 3344 autem
1321 3274 1379 3343 est
1398 3267 1446 3342 de
1467 3291 1562 3366 pace
1582 3265 1823 3354 vicecomitis,

234 3401 273 3467 et
294 3390 382 3466 alibi
403 3390 469 3465 ubi
490 3415 568 3465 non
589 3389 774 3489 recipitur
794 3389 866 3464 nisi
887 3388 1087 3465 aestimatio
1110 3389 1350 3476 damnorum,
1373 3398 1412 3465 et
1434 3386 1528 3464 ubi⁴¹
1551 3413 1630 3464 non
1652 3389 1825 3486 sequitur

234 3538 350 3612 poena
364 3512 436 3588 nisi
451 3510 682 3611 pecuniaria.
701 3512 805 3587 Item
818 3536 891 3609 pro
906 3511 1009 3586 omni
1025 3510 1327 3608 transgressione
1342 3509 1431 3586 licet
1445 3509 1614 3598 minima,
1629 3509 1695 3585 ubi
1711 3507 1823 3608 quis⁴⁸

234 3636 284 3710 ad
300 3660 435 3734 pacem
451 3635 594 3711 domini
609 3634 710 3732 regis
726 3642 884 3709 vocatus
900 3634 1030 3709 venire
1045 3632 1288 3720 recusaverit,
1306 3642 1344 3709 et
1361 3632 1431 3707 hoc
1448 3640 1611 3731 propter
1627 3639 1824 3707 contuma-

234 3757 332 3833 ciam
350 3756 516 3833 maxime
533 3782 617 3854 quae
636 3755 843 3854 aliquando
861 3755 1057 3831 absentem
1076 3755 1306 3830 condemnat
1325 3753 1375 3829 ad
1394 3763 1569 3841 mortem,
1590 3753 1655 3851 qui
1677 3753 1707 3827 si
1728 3777 1823 3851 prae·

235 3906 320 3957 sens
339 3888 438 3956 esset
456 3905 535 3954 non
552 3879 746 3954 amitteret
765 3878 836 3953 nisi
855 3876 1081 3964 membrum,
1102 3876 1163 3951 vel
1182 3900 1261 3951 non
1280 3875 1484 3951 sustineret
1505 3875 1577 3950 nisi
1596 3873 1823 3973 imprisona·

233 3999 435 4079 mentum⁴⁴
453 4011 491 4077 et
508 3999 811 4099 redemptionem
828 3999 888 4076 vel
906 4023 1061 4098 poenam
1079 3996 1350 4097 pecuniariam.
1369 3995 1534 4071 Nullum
1553 4005 1682 4071 autem
1700 3995 1823 4070 maius

234 4125 378 4200 crimen
399 4149 516 4223 quam
536 4122 804 4211 inobedientia,
828 4121 918 4220 quia
940 4146 1012 4219 pro
1035 4116 1287 4218 contemptu⁴³
1311 4127 1349 4194 et
1373 4115 1656 4193 inobedientia⁴⁸
1678 4115 1824 4214 poterit

235 4247 318 4346 quis
337 4245 656 4324 excommunicari
674 4244 771 4320 sicut
789 4270 861 4343 pro
879 4242 1048 4342 quolibet
1066 4241 1219 4318 mortali
1238 4248 1407 4339 peccato,
1426 4264 1514 4316 cum
1531 4264 1662 4314 omnes
1682 4236 1824 4313 subditi

234 4395 315 4446 esse
329 4368 495 4444 debeant
510 4366 592 4465 regi
606 4377 806 4465 tamquam
819 4363 1064 4464 praecellenti,
1078 4363 1244 4439 maxime
1260 4363 1301 4437 in
1316 4362 1495 4450 honestis,
1511 4369 1552 4436 et
1566 4360 1726 4436 ducibus
1743 4359 1824 4436 eius

234 4497 434 4591 tamquam
461 4489 510 4566 ab
537 4489 743 4566 comissis.
773 4488 831 4564 Et
858 4487 911 4563 sic
938 4486 1145 4562 concordat
1173 4484 1236 4561 lex
1265 4484 1396 4560 divina
1423 4482 1706 4582 aliquantulum
1735 4506 1823 4557 cum

233 4614 461 4703 humana>

233 4834 260 4868 ²⁸
272 4836 352 4909 Om,
365 4835 434 4907 OB,
449 4833 525 4906 MA,
539 4833 613 4892 MB.
649 4827 715 4864 ’Μ’
727 4831 807 4904 Om,
821 4831 890 4904 OB,
906 4829 981 4903 MA,
997 4828 1072 4887 ΜΒ.
1107 4824 1134 4858 ²⁰
1145 4824 1216 4905 lege
1230 4825 1419 4898 distinctum,
1435 4825 1511 4899 ΜΒ,
1526 4825 1600 4895 0B;
1616 4822 1685 4900 lege
1700 4820 1822 4882 distric-

234 4943 308 5010 tum,
322 4935 397 4996 MA.
433 4932 459 4967 ⁸⁰
471 4935 551 5006 Om,
564 4931 633 5006 OB,
647 4932 723 5006 MA,
738 4931 813 4991 MB.
849 4927 874 4962 ³²
886 4930 967 5004 Om,
981 4929 1050 5003 OB,
1065 4929 1140 5000 MA,
1156 4927 1231 4988 ΜΒ.
1267 4924 1293 4959 ⁸²
1305 4926 1385 5000 Om,
1401 4923 1537 4997 OA;iit,
1551 4923 1617 4984 OC.
1654 4921 1822 4982 ⁸⁸interro·

233 5035 364 5115 gandus,
380 5035 450 5108 OB,
467 5034 543 5108 MA,
561 5034 636 5093 ΜΒ.
676 5029 703 5065 ⁸⁴
714 5029 816 5105 debet,
835 5029 909 5102 MC,
926 5030 992 5089 LA.
1031 5024 1098 5061 ⁸⁵⁴⁸
1111 5027 1187 5105 iuga
1206 5045 1326 5105 poenam
1343 5023 1462 5086 inducit
1481 5029 1664 5104 graviorem,
1682 5024 1722 5098 V,
1741 5025 1820 5094 CM;

233 5157 354 5216 poenam
370 5134 406 5212 (*
418 5133 552 5212 inducit)
570 5134 658 5207 facit,
671 5131 739 5195 OB.
774 5127 893 5204 ετοῑι],,
907 5129 977 5203 OB,
991 5128 1066 5190 MA.
1102 5125 1181 5188 ⁸⁸od
1198 5127 1311 5207 (dicio)
1331 5126 1426 5203 iacta,
1442 5126 1519 5200 MG‚
1534 5127 1600 5190 OC.
1636 5123 1703 5159 ⁸⁰⁴⁰
1713 5128 1823 5186 maiori

233 5240 282 5299 vel
295 5242 418 5313 minori,
433 5237 473 5310 V,
488 5236 562 5310 cM,
578 5235 653 5296 MA.
691 5230 990 5307 ⁴¹sunt,MG,OC.
1028 5227 1055 5263 ⁴²
1067 5227 1121 5307 ibi,
1137 5229 1207 5302 OB,
1224 5229 1300 5304 ΜΒ,
1317 5228 1484 5304 CM;om.,
1502 5227 1576 5288 MA.
1616 5225 1643 5261 ⁴⁸
1655 5226 1735 5301 Ona,
1752 5228 1822 5302 OB,

234 5340 310 5412 MA,
331 5337 408 5408 ΜΒ,
429 5338 496 5411 CE,
518 5336 591 5397 CM.
635 5332 661 5367 ⁴⁴
673 5336 945 5411 prisonamentum,
968 5329 1034 5405 OC,
1058 5329 1134 5390 MG.
1179 5325 1245 5362 ⁴⁶⁴⁸
1257 5328 1479 5406 contemptuali
1502 5326 1719 5403 inobedientia,
1744 5327 1821 5402 MG,

233 5439 299 5502 OC.
