4374 6366
781 509 842 569 DE
866 509 1070 570 PLACITIS
1093 508 1282 570 CORONAE
1756 520 1829 588 411

241 658 473 736 deliberatus
492 659 569 736 fuit
586 684 657 757 per
674 658 858 736 ballivum
876 659 1019 735 domini
1037 659 1150 758 regis,
1169 661 1230 737 vel
1247 659 1369 736 donee
1386 661 1439 737 A.
1459 670 1615 738 tantum
1633 663 1739 739 dedit
1758 688 1831 763 pro

242 778 506 876 redemptione
521 803 601 854 sua.
617 777 676 854 Et
691 778 795 875 quod
809 775 907 852 hoc⁸⁸
924 777 1016 855 fecit
1031 778 1207 876 nequiter
1221 787 1260 855 et
1276 778 1316 854 in
1333 778 1488 867 felonia,
1505 778 1649 856 offert⁸²
1667 781 1831 880 probare

242 920 472 996 percorpus
495 922 619 984 suum,
641 896 702 972 vel
724 895 799 972 alio
820 897 935 973 modo
958 896 1055 974 sicut
1077 896 1183 973 curia
1205 897 1349 974 domini
1371 897 1472 995 regis
1496 896 1832 976 consideraverit.⁸⁸

243 1012 375 1091 Item⁸⁹
391 1014 566 1114 appellat
580 1014 698 1090 alium
713 1015 761 1090 de
778 1013 901 1090 forcia
916 1024 954 1092 et
971 1014 1089 1091 alium
1104 1014 1222 1092 talem
1238 1015 1285 1092 de
1301 1023 1507 1114 praecepto.

341 1139 391 1216 Β.
407 1139 511 1215 venit
524 1147 563 1216 et
577 1138 763 1232 defendit.

242 1261 308 1337 Er
322 1262 370 1337 Β.
384 1261 489 1337 venit
503 1271 542 1338 et
556 1261 731 1337 defendit
745 1263 823 1338 vim
836 1271 875 1338 et
888 1261 1068 1338 iniuriam
1082 1271 1120 1338 et
1135 1287 1270 1360 pacem
1284 1262 1427 1338 domini
1442 1263 1543 1361 regis
1557 1263 1777 1353 infractam,
1793 1273 1832 1341 et

243 1380 460 1479 captionem
486 1389 526 1456 et
551 1380 947 1478 imprisonamentum,
974 1388 1014 1457 et
1041 1380 1300 1457 detentionem
1325 1381 1367 1456 in
1394 1381 1562 1480 prisona,
1591 1390 1630 1458 et
1657 1382 1831 1481 redemp-

243 1499 387 1574 tionem
405 1507 464 1575 tot
482 1498 702 1586 solidorum,
721 1496 881 1597 plagam
899 1508 938 1574 et
956 1498 1199 1587 mahemium,
1218 1506 1258 1575 et
1276 1499 1463 1597 quidquid
1481 1500 1515 1575 ei
1534 1499 1747 1599 imponitur
1766 1498 1833 1577 et⁴⁰

244 1617 453 1693 secundum
473 1616 576 1714 quod
595 1617 628 1692 ei
647 1615 898 1715 imponitur,⁴²
918 1641 1148 1715 percorpus
1169 1642 1281 1694 suum
1299 1618 1360 1692 vel
1381 1618 1456 1693 alio
1475 1619 1602 1707 modo,
1623 1619 1833 1695 secundum

244 1735 348 1834 quod
369 1734 477 1810 curia
498 1734 642 1812 domini
664 1732 767 1832 regis
789 1733 1125 1811 consideraverit.‘¹
1150 1734 1241 1823 Quo
1264 1759 1367 1823 casu,
1392 1736 1423 1812 si
1446 1759 1517 1834 per
1540 1760 1681 1834 corpus
1704 1762 1744 1813 se
1768 1737 1833 1812 de·

244 1854 413 1930 fenderit
428 1878 516 1929 cum
531 1852 754 1930 electionem
770 1852 958 1942 habuerit,
975 1853 1045 1928 fiat
1061 1862 1107 1930 ut
1123 1878 1242 1951 supra
1259 1854 1307 1929 de
1324 1853 1406 1930 aliis
1424 1853 1598 1953 appellis,
1617 1862 1656 1930 et
1673 1853 1744 1930 hoc
1761 1853 1833 1929 nisi

244 1971 484 2048 defensiones
507 1971 646 2048 habeat
668 1981 707 2048 et
731 1971 974 2071 exceptiones
998 1996 1092 2069 quas
1116 1973 1247 2048 statim
1270 1980 1466 2070 proponat
1489 1973 1539 2049 ad
1564 1971 1834 2048 declinandum

244 2090 454 2189 appellum.

342 2213 408 2291 De
426 2211 714 2311 receptionibus
732 2220 866 2287 contra
884 2211 1100 2289 huiuamodi
1118 2211 1327 2311 appellum.

244 2337 423 2412 Pomm
441 2335 543 2413 enim
560 2335 658 2411 sicut
675 2333 715 2410 in
733 2335 815 2412 aliis
834 2335 997 2433 appellis
1014 2345 1147 2435 petere
1165 2336 1269 2434 quod
1286 2336 1356 2413 sibi
1374 2336 1559 2413 allocetur
1579 2336 1682 2435 quod
1701 2335 1834 2436 appel·

243 2455 328 2531 lans
347 2454 564 2531 huthesium
583 2479 661 2529 non
681 2454 834 2542 levavit,
853 2454 914 2529 vel
934 2455 1037 2552 quod
1057 2463 1200 2530 sectam
1220 2478 1299 2529 non
1319 2454 1411 2530 fecit
1431 2463 1476 2531 ut
1499 2479 1628 2554 supra,
1649 2455 1709 2530 vel
1730 2455 1834 2552 quod

243 2572 372 2650 varius
388 2581 446 2648 est
460 2573 501 2647 in
516 2573 670 2670 appello
686 2596 766 2661 suo,
783 2572 843 2648 vel
858 2571 1002 2670 poterit
1017 2596 1245 2669 cognoscere
1261 2572 1365 2670 quod
1378 2572 1497 2648 talem
1513 2597 1592 2647 non
1606 2571 1832 2671 imprisona-

243 2693 301 2767 vit
319 2699 364 2767 ut
383 2690 546 2767 liberum
565 2689 769 2778 hominem,
790 2691 856 2766 sed
876 2699 921 2767 ut
941 2715 1094 2766 servum
1115 2699 1154 2766 et
1174 2689 1349 2766 nativum
1370 2716 1493 2779 suum,
1515 2691 1565 2766 ad
1587 2691 1691 2788 quod
1712 2688 1743 2766 si
1765 2715 1833 2788 ap·

244 2809 392 2907 pellans
424 2809 527 2885 dicat
558 2835 598 2884 se
629 2833 711 2884 esse
740 2808 914 2896 liberum,
947 2807 1086 2885 habeat
1118 2807 1337 2906 appellatus
1370 2806 1621 2883 incontinenti
1653 2816 1834 2906 parentes

243 2927 477 3026 appellantis
504 2926 677 3015 villanos,
706 2927 771 3025 qui
800 2952 839 3002 se
866 2935 1100 3024 cognoscant
1128 2951 1209 3003 esse
1236 2926 1408 3002 villanos.
1439 2926 1497 3000 Et
1526 2927 1736 3002 secundum
1764 2925 1834 3001 hoc

243 3045 472 3121 terminetur
498 3043 697 3142 negotium
724 3044 785 3119 vel
813 3068 1051 3144 percorpus
1080 3043 1141 3120 vel
1169 3070 1241 3142 per
1268 3043 1449 3142 patriam,
1479 3045 1688 3120 secundum
1718 3041 1834 3119 verba

244 3162 400 3261 appelli,
416 3173 455 3239 et
471 3171 655 3261 sequatur
670 3187 788 3262 poena
802 3162 862 3238 vel
879 3187 957 3239 non
974 3171 1157 3260 sequatur
1174 3162 1383 3238 secundum
1400 3161 1626 3260 qualitatem
1644 3161 1782 3238 delicti.

344 3286 398 3361 ln
420 3283 577 3384 appello
600 3286 675 3362 iato
699 3286 764 3382 api
787 3285 931 3384 poterit
957 3283 1117 3361 civiliter
1141 3283 1202 3361 uel
1226 3283 1485 3372 criminaliter,
1511 3308 1597 3360 cum
1624 3283 1835 3362 adiectione

343 3403 498 3498 felonioe
512 3403 573 3481 uel
587 3428 676 3480 non.

246 3527 301 3601 IN
319 3527 474 3625 appello
492 3535 621 3602 autem
639 3527 686 3602 de
703 3551 797 3625 paee
814 3536 853 3602 et
870 3525 996 3625 plagis
1014 3533 1053 3602 et
1071 3525 1411 3626 imprisonamento
1430 3525 1494 3623 agi
1511 3527 1655 3624 poterit
1674 3525 1835 3603 civiliter

243 3643 332 3722 licet
345 3645 495 3720 factum
507 3643 584 3721 sit⁴⁸
599 3642 805 3719 criminale.
822 3645 883 3720 Ut
899 3645 928 3719 si
943 3645 1027 3743 quis
1044 3644 1145 3721 dieat
1160 3643 1269 3742 quasi
1283 3644 1550 3742 conquerendo
1565 3644 1613 3720 de
1628 3643 1778 3732 iniuria,
1794 3653 1834 3720 et

244 3763 323 3838 sine
340 3762 550 3838 adiectione
566 3762 728 3850 feloniae,
746 3762 850 3860 quod
865 3762 953 3839 talis
970 3762 1236 3860 imprisonavit
1252 3761 1370 3838 talem
1386 3770 1521 3838 contra
1537 3786 1672 3860 pacem
1689 3760 1833 3837 domini

243 3881 344 3959 illius
366 3881 490 3971 euriae,
513 3883 574 3957 vel
598 3883 628 3958 si
651 3881 807 3980 querela
829 3882 949 3958 fuerit
971 3881 1011 3956 in
1034 3881 1199 3970 civitate,
1223 3881 1314 3957 villa
1337 3883 1398 3957 vel
1420 3881 1557 3979 burgo,
1581 3891 1675 3958 tunc
1698 3891 1833 3958 contra

243 4026 379 4099 pacem
398 4001 640 4076 dominorum
660 4009 699 4076 et
718 4023 854 4098 pacem
874 3999 1113 4076 ballivorum.
1137 3998 1180 4075 Si
1201 4007 1331 4076 autem
1352 3999 1393 4075 in
1413 3999 1609 4087 comitatu,
1631 4009 1724 4076 tune
1745 4024 1833 4074 con·

242 4128 307 4195 tra
324 4143 459 4219 pacem
476 4119 716 4195 vicecomitis.
739 4118 782 4194 Si
801 4127 930 4195 autem
949 4118 990 4193 in
1009 4142 1104 4216 pace
1123 4116 1268 4193 domini
1287 4118 1388 4215 regis
1408 4117 1488 4194 sine
1508 4117 1652 4193 felonia
1673 4117 1832 4205 adiecta,

244 4249 337 4314 tunc
359 4239 488 4315 nullus
512 4237 672 4313 inferior
696 4263 736 4314 se
759 4237 1004 4325 intromittat,
1029 4235 1262 4313 vicecomes“
1286 4235 1383 4311 nec⁴⁵
1409 4235 1545 4324 alius‚⁴⁸
1571 4236 1711 4313 scilieet
1736 4236 1832 4312 viee·

244 4381 368 4432 comes
388 4382 467 4432 non
486 4356 639 4433 nomine
661 4380 741 4443 su0,
763 4356 829 4432 sed
851 4355 1003 4431 nomine
1025 4355 1144 4453 ipsius
1166 4355 1267 4453 regis
1289 4355 1396 4430 euius
1417 4380 1497 4454 pax
1519 4355 1751 4430 nominatur.
1775 4355 1833 4430 Et

243 4472 330 4548 hie⁴⁷
346 4499 425 4549 non
440 4474 612 4571 sequitur
626 4470 782 4570 aliqua⁴⁸
797 4496 914 4571 poena
929 4472 1150 4571 corporalis,
1166 4473 1234 4550 sed
1249 4479 1404 4549 tantum
1419 4472 1641 4571 pecuniaria
1657 4471 1832 4549 ratione⁴⁸

243 4594 484 4680 damnorum,
504 4592 608 4690 quod
629 4616 735 4668 secus
756 4601 854 4668 esset
875 4591 906 4667 si
926 4591 1071 4666 felonia
1090 4600 1189 4668 esset
1208 4591 1368 4679 adiecta,
1389 4591 1455 4666 ubi
1476 4590 1669 4689 inquisitio
1692 4590 1831 4666 solum·

242 4711 357 4786 modo
376 4709 545 4810 pertinet
564 4711 615 4786 ad
633 4733 775 4807 regem.
796 4707 928 4797 Quia⁵⁰
948 4707 1139 4784 vertitur⁵²
1160 4708 1373 4807 periculum
1394 4709 1481 4784 vitae
1502 4717 1541 4785 et
1561 4708 1832 4796 membrorum,

243 4925 362 5001 ⁸⁶0m.,
385 4928 454 5001 OB,
476 4927 552 5002 MA,
576 4927 652 5001 MB,
676 4924 742 5001 CB,
766 4925 844 5000 MG,
867 4926 940 4985 CM.
986 4922 1010 4958 ⁸²
1023 4924 1118 4986 offert
1141 4945 1185 4999 ae,
1208 4926 1275 4999 LA,
1298 4924 1364 4986 OC.
1410 4921 1436 4957 ⁸⁸
1448 4922 1668 5000 consideraret,
1691 4925 1736 4997 V;
1760 4945 1832 4984 con·

243 5027 436 5102 sideraverit,
459 5027 540 5100 MA;
563 5025 748 5102 considerat,
771 5027 854 5099 MG;
876 5024 1004 5100 consid,
1027 5026 1120 5088 MSS.
1145 5045 1214 5106 gen.
1259 5023 1286 5058 ⁸⁰
1298 5023 1389 5102 idem,
1412 5026 1481 5099 OA,
1504 5026 1571 5102 OC,
1594 5026 1672 5100 MG,
1695 5026 1768 5100 CM,
1792 5027 1831 5087 V.

243 5126 308 5162 ⁴⁴⁴⁴⁴
321 5128 401 5204 Om,
423 5126 492 5203 OB,
514 5127 589 5187 MA.
633 5125 660 5160 ⁴²
672 5124 890 5202 considerabit,
912 5128 993 5200 MA;
1016 5126 1144 5203 consid,
1168 5126 1261 5188 MSS.
1285 5145 1371 5205 gen.;
1394 5125 1580 5204 considerat,
1603 5128 1641 5189 V.
1685 5127 1832 5203 ⁴8fuerit,

244 5227 322 5305 MG,
345 5228 420 5304 CM,
443 5229 509 5290 OC.
554 5225 620 5260 “¹⁴⁶
632 5228 712 5301 Om,
736 5226 811 5287 MA.
857 5225 923 5260 *³¹⁴⁸
935 5225 1015 5304 Om,
1040 5229 1109 5302 OB,
1132 5229 1207 5288 ΜΒ.
1253 5225 1359 5302 ‘'boo,
1385 5229 1461 5303 MG,
1486 5230 1559 5290 CM.
1606 5227 1724 5305 ¹⁸Om.,
1749 5231 1831 5303 MB;

243 5329 316 5405 alia,
333 5327 402 5402 OB,
420 5330 494 5389 MA.
534 5325 599 5388 ‘'ai
620 5328 715 5408 (non)
736 5326 868 5390 civiliter
884 5332 990 5407 agitur
1007 5331 1136 5405 ratione,
1154 5328 1231 5403 MG,
1250 5329 1323 5390 CM.
1363 5327 1429 5364 ⁶⁶⁶⁶⁶
1440 5330 1520 5407 Om,
1540 5331 1614 5392 MA.
1654 5330 1681 5366 ⁵¹
1692 5336 1831 5407 moritur,

243 5430 312 5504 OB,
330 5430 405 5491 ΜΒ.
