4392 6352
406 509 482 578 ato
938 501 1162 564 nunerou:
1184 501 1245 563 nr
1270 501 1462 564 seorsus

407 652 565 729 modum
586 651 725 740 delicti,
746 654 956 730 secundum
976 653 1080 751 quod
1100 650 1283 729 delictum
1304 653 1423 730 fuerit
1443 677 1632 750 magnum
1651 653 1712 729 vel
1734 678 1910 752 parvum,
1930 653 2000 730 et⁸⁸

408 771 514 847 salvo
532 779 824 848 contenemento
843 795 923 848 suo.
942 772 1142 848 Mercator
1160 797 1250 847 vero
1268 796 1346 847 non
1365 771 1437 847 nisi
1456 771 1564 848 salva
1582 772 1820 848 mercandisa
1839 797 1919 848 sua.
1940 773 1998 849 Et

408 888 573 966 villanus
591 898 721 966 autem
739 915 817 965 non
835 889 907 966 nisi
927 890 1032 966 salvo
1050 888 1281 988 waynagio⁸⁴
1300 915 1380 966 suo.
1401 891 1460 965 Et
1478 890 1549 965 hoc
1568 915 1640 988 per
1658 889 1839 967 iudicium
1860 889 1998 989 probo

408 1034 496 1085 rum
511 1008 708 1086 hominum
723 1008 772 1084 de
788 1008 936 1084 visneto
954 1009 1019 1107 qui
1037 1007 1249 1086 affidath
1267 1009 1379 1086 simul
1397 1033 1484 1084 cum
1502 1009 1700 1086 serviente.
1720 1008 1890 1086 Comites
1908 1033 1999 1085 vero

408 1137 447 1204 et
469 1127 630 1204 barones
651 1152 730 1202 non
751 1137 842 1204 sunt
864 1127 1095 1204 amerciandi
1116 1127 1187 1204 nisi
1208 1153 1280 1226 per
1301 1152 1414 1225 pares
1438 1152 1526 1204 suos
1549 1137 1587 1204 et
1611 1127 1820 1204 secundum
1841 1129 1999 1204 modum

409 1245 548 1334 delicti,
566 1254 604 1322 et
620 1246 691 1321 hoc
708 1271 778 1344 per
794 1245 955 1323 barones
972 1246 1020 1322 de
1037 1245 1225 1322 scaccario
1242 1245 1303 1322 vel
1319 1270 1448 1321 coram
1465 1244 1550 1344 ipso
1568 1244 1699 1342 rege.⁸⁵
1717 1246 1890 1330 Clericus
1908 1271 1999 1321 vero

407 1391 486 1443 non
501 1363 771 1442 amerciabitur
786 1366 995 1442 secundum
1012 1363 1237 1441 beneficium
1253 1390 1365 1440 suum
1382 1363 1688 1453 ecclesiasticum,
1706 1365 1774 1441 sed
1790 1364 1999 1440 semmdum

408 1485 666 1582 quantitatem
680 1483 767 1559 laici
782 1483 887 1561 feodi
904 1484 974 1572 sui,
991 1493 1031 1560 et
1046 1482 1255 1560 secundum
1272 1484 1430 1560 modum
1448 1483 1586 1559 delicti.
1605 1484 1663 1559 Et
1681 1482 1730 1558 ad
1747 1483 1818 1557 hoc
1835 1483 2000 1559 fideliter

409 1603 630 1680 faciendum
662 1601 874 1678 affidabunt
907 1602 1185 1689 amerciatores,
1218 1599 1284 1678 et⁸⁶
1318 1602 1420 1700 quod
1453 1601 1643 1677 neminem
1676 1601 1896 1698 gravabunt
1929 1627 2000 1700 per

408 1720 540 1797 odium
557 1745 626 1797 nec
644 1721 756 1797 alicui
775 1719 979 1797 deferent⁸¹
998 1717 1096 1818 per⁸⁸
1116 1744 1297 1808 amorem,
1316 1729 1355 1796 et
1373 1718 1478 1818 quod
1496 1717 1703 1795 celabunt⁸⁹
1723 1745 1769 1796 ea
1788 1744 1872 1818 quae
1892 1719 1999 1796 audi·

408 1838 545 1917 verint.
559 1839 624 1915 De
636 1839 786 1915 valletis
799 1848 839 1915 et
852 1838 989 1937 puellis
1003 1839 1069 1937 qui
1081 1846 1171 1916 sunt
1185 1847 1224 1915 et
1236 1864 1317 1915 esse
1332 1838 1472 1914 debent
1486 1839 1526 1914 in
1539 1839 1713 1915 custodia
1727 1838 1871 1914 domini
1885 1840 1998 1936 regis,

409 1961 475 2059 qui
489 1967 581 2036 sunt
595 1969 634 2037 et
649 1959 714 2057 qui
730 1958 814 2035 illos
829 1958 972 2035 habent
987 1967 1025 2034 et
1041 1982 1253 2056 perquem,
1270 1966 1309 2034 et
1325 1965 1515 2056 quantum
1529 1967 1642 2034 terrae
1658 1955 1839 2033 illorum*⁰
1856 1956 1998 2034 valent.

408 2078 473 2154 De
490 2077 716 2154 dominabus
734 2086 924 2175 quaesunt
943 2085 981 2152 et
998 2103 1079 2153 esse
1096 2076 1236 2152 debent
1253 2076 1302 2152 de
1320 2077 1527 2152 donatione
1545 2075 1689 2152 domini
1707 2076 1808 2172 regis
1828 2075 1904 2152 sive
1923 2075 2000 2152 sint

408 2198 598 2275 maritatae
611 2197 690 2273 sive
703 2221 793 2284 non,
808 2204 847 2273 et
861 2197 892 2272 si
906 2195 983 2272 sint
996 2195 1198 2284 maritatae,
1212 2194 1349 2293 quibus
1363 2204 1402 2271 et
1417 2219 1488 2292 per
1502 2219 1616 2292 quem
1631 2202 1669 2271 et
1684 2203 1874 2293 quantum
1886 2204 2000 2270 terrae

407 2317 561 2392 illarum
582 2315 724 2391 valent.
747 2315 811 2391 De
833 2314 996 2391 eeclesiis
1016 2338 1101 2411 quae
1124 2323 1214 2390 sunt
1236 2314 1283 2389 de
1305 2313 1511 2389 donatione
1534 2313 1677 2388 domini
1700 2313 1813 2410 regis,
1835 2337 1919 2410 quae
1941 2335 1998 2388 ec·

408 2434 529 2511 clesiae
547 2434 620 2510 illae
639 2441 787 2510 suntet
806 2433 870 2532 qui
890 2433 974 2509 illas
993 2432 1136 2509 habent
1154 2442 1193 2509 et
1213 2458 1283 2531 per
1303 2456 1427 2530 quem.
1448 2433 1513 2507 De
1533 2431 1700 2509 eschaetis
1720 2432 1866 2508 domini
1885 2431 1999 2530 regis,

409 2580 493 2654 quae
506 2564 596 2631 sunt
609 2564 648 2631 et
661 2552 753 2652 qui⁴²
767 2552 851 2629 illas
864 2550 1025 2629 tenent⁴¹
1040 2561 1078 2628 et
1093 2577 1164 2650 per
1177 2551 1280 2650 quod
1294 2551 1503 2640 servitium,
1516 2561 1600 2628 tam
1614 2552 1662 2627 de
1675 2551 1788 2628 terris
1805 2551 1999 2628 Norman-

408 2699 547 2750 norum
560 2699 676 2772 quam
689 2673 737 2748 de
752 2671 846 2760 aliis,
861 2681 899 2748 et
914 2673 945 2748 si
958 2680 1164 2748 teneantur
1174 2671 1255 2746 sine
1264 2679 1448 2746 waranto.
1459 2670 1525 2746 De
1534 2669 1722 2746 seriantiis
1733 2669 1877 2746 domini
1886 2670 2000 2767 regis,

409 2817 493 2891 quae
506 2801 596 2868 sunt
609 2801 648 2868 et
660 2792 725 2890 qui
738 2790 823 2868 illas
835 2800 970 2867 tenent
982 2798 1021 2867 et
1035 2816 1105 2889 per
1118 2815 1243 2888 quem,
1256 2800 1296 2867 et
1310 2789 1549 2865 cuiusmodi⁴⁸
1564 2789 1753 2866 seriantiae
1766 2790 1839 2866 illae
1854 2799 1945 2867 sunt
1960 2799 1998 2866 et

407 2920 596 3011 quantum
608 2911 749 2987 valent.
762 2909 828 2986 De
839 2907 1103 3008 purpresturis
1116 2907 1229 2984 factis
1242 2933 1360 3006 super
1372 2909 1569 2984 dominum
1581 2933 1725 3005 regem,
1739 2909 1817 2985 sive
1830 2909 1871 2984 in
1882 2917 1999 2997 terra,

408 3031 544 3108 sivein
562 3031 672 3118 mari,
692 3030 769 3106 sive
788 3029 828 3104 in
846 3053 948 3126 aqua
966 3027 1080 3115 dulci,
1099 3027 1178 3103 sive
1196 3027 1301 3103 infra
1320 3028 1548 3116 libertatem,
1569 3029 1646 3104 sive
1666 3037 1790 3117 extra,
1811 3029 1890 3104 sive
1909 3027 1997 3103 alibi

406 3151 647 3249 ubicumque.
666 3149 732 3225 De
748 3147 936 3225 mensuris
954 3147 1068 3224 factis
1086 3157 1124 3224 et
1142 3147 1276 3224 iuratis
1295 3173 1365 3246 per
1384 3174 1559 3246 regnum,
1578 3149 1609 3224 si
1629 3157 1787 3226 servatae
1806 3150 1883 3226 sint
1902 3149 1999 3225 sicut

409 3269 606 3370 provisum
635 3268 723 3356 fuit,
752 3277 792 3345 et
820 3268 851 3344 si
879 3268 1055 3344 custodes
1085 3292 1352 3345 mensuramm
1381 3269 1594 3345 mercedem
1622 3267 1822 3368 ceperint⁴⁴
1853 3270 1902 3346 ab
1932 3268 1999 3345 ali·

408 3416 485 3488 quo
503 3391 606 3488 quod
625 3389 774 3488 possint
792 3414 863 3487 per
881 3389 974 3465 alias
993 3413 1118 3464 emere
1135 3398 1175 3466 et
1193 3414 1263 3487 per
1283 3389 1376 3466 alias
1394 3391 1570 3478 vendere,
1590 3391 1695 3488 quod
1714 3391 1868 3488 quidem
1888 3389 1998 3468 intel·

408 3511 563 3608 legatur
583 3512 630 3586 de
651 3508 826 3585 omnibus
846 3509 1045 3597 mensuris,
1066 3518 1147 3585 tam
1168 3509 1269 3584 ulnis
1292 3535 1408 3608 quam
1429 3509 1675 3608 ponderibus,
1696 3520 1737 3587 et
1759 3512 1789 3588 si
1812 3512 1929 3589 assisa
1951 3511 2000 3587 de

408 3629 613 3707 latitudine
637 3654 856 3728 pannorum
881 3638 1033 3705 servata
1058 3629 1107 3706 sit
1132 3630 1229 3706 sicut
1255 3630 1332 3706 fuit
1356 3630 1565 3727 provisum,
1591 3640 1630 3707 et
1655 3632 1686 3707 si
1713 3632 1797 3730 quis
1821 3631 1999 3708 denarios

408 3750 553 3849 ceperit
567 3776 639 3849 pro
653 3751 792 3848 pannis
806 3757 941 3826 contra
956 3749 1113 3826 assisam
1127 3751 1303 3826 venditis.
1319 3750 1384 3826 De
1399 3751 1496 3827 vinis
1511 3751 1675 3829 venditis
1690 3761 1826 3828 contra
1841 3754 1999 3830 assisam

408 3880 448 3946 et
464 3871 549 3970 quis
565 3897 612 3947 ea
627 3869 852 3946 vendiderit.
871 3869 935 3947 De
953 3870 1027 3948 illis
1045 3871 1110 3969 qui
1128 3881 1313 3969 ceperunt
1330 3870 1506 3948 denarios
1525 3871 1600 3948 ab⁴⁸
1619 3872 1693 3949 illis
1712 3874 1777 3972 qui
1794 3883 1998 3950 extraneos

407 3992 591 4091 hospitati
606 4002 696 4069 sunt
711 4001 846 4068 eontra
860 3991 1018 4068 assisam
1031 3991 1120 4068 inde
1135 3992 1280 4068 factam
1296 4017 1397 4067 anno
1413 3993 1620 4091 praeterito.
1637 3993 1701 4070 De
1717 3994 1998 4072 vicecomitibus

408 4123 448 4190 et
460 4113 543 4190 aliis
556 4113 704 4189 ballivis
718 4113 861 4188 domini
875 4113 977 4210 regis
990 4112 1056 4210 qui
1067 4110 1306 4188 tenuerunt⁴⁸
1320 4110 1465 4210 placita
1476 4137 1624 4188 coronae
1638 4123 1677 4191 et
1691 4140 1775 4213 quae
1789 4115 1943 4213 placita,
1959 4125 1998 4192 et

408 4234 473 4331 qui
495 4232 724 4309 convenire⁴⁷
747 4232 897 4309 faciunt
919 4230 1119 4308 hundreda
1142 4233 1220 4308 sive
1244 4233 1489 4331 wapentakia
1512 4259 1584 4332 pro
1608 4233 1914 4333 inquisitionibus
1939 4237 1997 4313 fa·

408 4354 550 4431 ciendis
568 4354 616 4431 de
633 4363 757 4431 morte
776 4353 938 4430 hominis
957 4353 1017 4429 vel
1037 4352 1120 4429 aliis
1139 4353 1289 4451 placitis
1308 4377 1467 4443 coronae,
1487 4362 1527 4430 et
1547 4355 1577 4432 si
1597 4357 1769 4454 ceperint
1788 4357 1997 4434 misericor-

407 4477 490 4551 dias
509 4500 581 4573 pro
600 4474 757 4551 defaltis
776 4475 836 4550 vel
856 4499 929 4572 pro
947 4473 1122 4550 buthesio
1141 4498 1220 4550 non
1238 4474 1365 4550 levato
1385 4476 1446 4550 vel
1466 4500 1545 4551 non
1565 4486 1706 4553 secuto.
1729 4479 1794 4554 De
1814 4479 1998 4556 usurariis

407 4596 437 4671 f.
453 4597 546 4688 117]
602 4593 829 4670 christianis¹
855 4593 1029 4683 mortuis,
1056 4594 1121 4692 qui
1147 4593 1321 4671 fuenmt²
1348 4605 1387 4672 et
1412 4593 1509 4694 quae⁸
1536 4596 1675 4673 catalla
1701 4598 1931 4676 habuerrmt⁴
1959 4608 1998 4676 et

407 4811 433 4847 ⁸⁸
445 4813 526 4888 Om.,
539 4813 606 4889 OC,
621 4811 698 4886 MG,
712 4812 785 4872 cM.
822 4809 849 4845 ⁸⁴
860 4815 1033 4890 wannagio,
1046 4817 1242 4890 wangnagio,
1256 4817 1430 4891 wagnagio,
1446 4813 1539 4876 MSS.
1555 4834 1619 4875 var.
1656 4815 1682 4849 ⁸⁶
1694 4816 1775 4894 Om,
1790 4819 1859 4894 OB,
1875 4819 1951 4896 ΜΒ,
1966 4820 1995 4880 Y

411 4913 498 4991 (-Ι-),
535 4911 562 4946 ⁸⁸
573 4912 654 4987 Om,
668 4913 708 4989 V,
723 4914 797 4973 MA.
834 4911 860 4945 ⁸¹
872 4911 1034 4987 differunt,
1050 4912 1127 4987 MG,
1144 4915 1216 4974 CM.
1254 4911 1280 4947 ⁸⁸
1292 4922 1432 4993 propter,
1448 4915 1488 4991 V,
1503 4917 1568 4978 OC.
1608 4915 1635 4949 ⁸⁹
1646 4917 1819 4995 cessabunt,
1835 4921 1903 4996 OB,
1921 4922 1996 4983 ΜΒ.

406 5011 434 5046 ⁴⁰
444 5033 560 5090 corum,
574 5013 614 5090 V,
630 5013 697 5088 OC,
714 5013 791 5088 MG,
808 5013 882 5087 CM,
898 5013 936 5074 Y.
974 5010 1041 5047 ⁴²⁴²
1052 5016 1120 5090 quis
1136 5013 1207 5076 illas
1224 5021 1320 5089 tenet,
1337 5015 1376 5089 V,
1393 5016 1460 5092 LA,
1475 5017 1544 5093 OA,
1561 5018 1630 5092 OB,
1647 5020 1711 5081 MC
1718 5042 1727 5092 ;
1744 5024 1796 5099 qui
1812 5021 1884 5084 illos
1901 5029 1996 5098 tenet,

406 5115 473 5177 OC.
513 5113 647 5190 “onina
667 5115 745 5189 MG,
764 5115 837 5176 CM.
879 5113 998 5191 ⁴⁴Ona,
1018 5116 1098 5189 cM;
1119 5119 1304 5194 receperint,
1325 5117 1394 5191 OA,
1413 5118 1481 5194 LA,
1502 5120 1579 5194 ΜΒ,
1599 5120 1672 5183 MC.
1714 5119 1741 5156 ⁴⁸
1752 5121 1802 5200 de,
1823 5125 1901 5202 MG,
1922 5127 1995 5187 cM.

406 5214 433 5249 ⁴⁶
444 5221 611 5292 tenuerint,
627 5216 706 5291 MG,
721 5217 796 5292 cM,
812 5217 850 5278 Y.
887 5213 914 5250 ⁴³
926 5220 1093 5293 conventri,
1110 5217 1175 5292 LA,
1192 5217 1266 5279 Me.

490 5317 594 5392 ²Om,
608 5319 677 5393 OB,
691 5318 767 5393 MA,
782 5319 856 5380 ΜΒ.
892 5315 1226 5394 ’fuerinenrttcm
1264 5315 1351 5396 ⁸qui,
1366 5320 1444 5396 MG,
1460 5321 1534 5398 CM,
1549 5321 1617 5398 OC,
1631 5324 1671 5400 Y,
1687 5325 1762 5386 MA
1798 5325 1997 5402 ‘habuerint

407 5420 572 5495 MG,CM.
