4432 6336
366 460 438 530 114
898 456 1119 519 BRACTON:
1141 457 1202 517 DE
1225 457 1418 520 LEGIBUS

364 629 507 702 regem,
533 630 606 703 pro
631 606 802 683 exercitu
829 608 930 705 regis
957 608 1007 684 ad
1032 609 1169 708 patriae
1193 606 1484 685 defensionem⁸⁹
1511 605 1579 684 et⁴⁰
1605 607 1773 684 hostium
1800 607 1954 706 depres-

364 721 549 798 sionem.⁴²
566 723 628 801 Ut
645 724 676 802 si
693 725 778 824 quis
795 726 851 803 ita
869 726 1055 804 ieoffatus
1073 727 1205 815 fuerit,
1223 727 1392 804 scilicet⁴¹
1410 752 1481 826 per
1499 727 1720 804 seriantiam
1737 726 1954 804 inveniendi

364 843 519 919 domino
532 845 615 942 regi
627 868 749 921 unum
760 843 979 920 hominem⁴⁸
992 846 1053 922 vel
1066 845 1196 944 plures
1211 848 1260 922 ad
1274 844 1444 922 eundum
1457 871 1545 922 oum
1558 872 1603 922 eo
1617 845 1657 922 in
1671 845 1955 944 expeditionem

365 960 415 1037 ad
441 963 662 1051 exercitum,
687 989 802 1061 eques
827 963 888 1041 vel
913 965 1031 1063 pedes
1057 989 1145 1042 cum
1170 964 1298 1063 aliquo
1323 990 1464 1062 genere
1491 990 1698 1041 armorum.
1725 965 1784 1042 Et
1810 964 1954 1040 extuli

364 1082 546 1160 seriantia
568 1084 751 1181 competit
774 1083 930 1159 domino
951 1083 1121 1182 capitali,
1145 1084 1223 1160 sive
1247 1084 1295 1161 de
1318 1084 1473 1160 domino
1497 1109 1589 1180 rege
1611 1083 1780 1161 tenuerit
1803 1082 1883 1160 sive
1907 1083 1954 1161 de

364 1200 451 1290 alio,
470 1202 645 1278 custodia
662 1209 701 1278 et
720 1202 968 1300 maritagium
986 1201 1147 1291 heredis,
1168 1202 1273 1302 quod
1292 1202 1446 1302 quidem
1466 1229 1545 1278 non
1564 1212 1664 1279 esset
1684 1202 1894 1279 tenendum
1914 1203 1955 1278 in

363 1321 512 1398 casibus
535 1321 738 1421 predictis.
763 1321 870 1398 Illud
894 1321 995 1398 idem
1018 1329 1195 1398 servatur
1217 1321 1248 1398 si
1272 1322 1357 1421 quis
1379 1331 1511 1399 teneat
1534 1346 1606 1421 per
1629 1321 1827 1399 servitium
1850 1321 1954 1398 inve·

365 1439 394 1515 l.
409 1442 479 1534 86]
534 1439 664 1517 niendi
685 1439 840 1516 domino
862 1439 955 1537 regi,
978 1439 1091 1517 certis
1112 1439 1203 1516 locis
1225 1449 1265 1517 et
1285 1440 1398 1517 certis
1419 1440 1670 1539 temporibus,
1692 1466 1814 1516 unum
1835 1440 1954 1517 homi·

364 1584 452 1635 nem
466 1568 505 1635 et
519 1584 641 1634 unum
655 1585 797 1657 equum
812 1568 850 1635 et
866 1583 1018 1635 saccum
1032 1584 1120 1635 cum
1134 1558 1289 1635 brochis
1304 1584 1377 1658 pro
1392 1559 1521 1657 aliqua
1536 1559 1760 1636 necessitate
1777 1559 1837 1635 vel
1852 1559 1954 1636 utili-

362 1688 445 1755 tate
459 1679 670 1754 exercitum
685 1703 797 1755 suum
812 1678 1070 1774 contingente.
1088 1678 1192 1754 Item
1208 1685 1299 1754 sunt
1313 1678 1489 1776 quaedam
1503 1676 1659 1754 servitia
1674 1702 1758 1776 quae
1773 1677 1955 1753 dicuntur

363 1796 554 1873 forinseca
576 1796 751 1895 quamvis
774 1797 913 1873 sintin
935 1803 1043 1873 carta
1066 1796 1113 1874 de
1137 1796 1391 1873 leoffamento
1414 1821 1597 1895 expressa
1621 1807 1660 1874 et
1682 1796 1891 1886 nominata,
1915 1806 1955 1874 et

363 1942 447 2016 quae
464 1917 549 1994 ideo
566 1915 641 1993 dici
658 1926 822 2016 possunt
839 1915 1040 2005 forinseca,
1060 1915 1151 2015 quia
1167 1916 1365 2016 pertinent
1382 1916 1432 1992 ad
1452 1916 1650 1992 dominum
1669 1941 1800 2012 regem
1818 1926 1859 1993 et
1877 1941 1955 1991 non

364 2038 415 2114 ad
438 2036 636 2114 dominum
658 2036 875 2134 capitalem,
899 2035 972 2112 nisi
995 2059 1083 2111 cum
1107 2036 1148 2111 in
1171 2035 1332 2134 propria
1356 2059 1523 2135 persona
1545 2034 1745 2134 profectus
1771 2034 1955 2113 fueritin

363 2154 530 2245 servitio,
549 2156 610 2234 vel
629 2155 702 2231 nisi
721 2180 901 2254 cumpro
921 2154 1075 2231 servitio
1096 2179 1165 2230 suo
1185 2154 1415 2232 satisfecerit
1435 2154 1590 2230 domino
1611 2154 1694 2253 regi
1716 2180 1954 2253 quocumque

363 2274 490 2364 modo,
513 2283 553 2351 et
575 2274 689 2350 fiunt¹
712 2274 753 2350 in
775 2275 889 2350 certis
912 2273 1150 2372 temporibus
1174 2297 1262 2349 cum
1285 2297 1395 2349 casus
1419 2283 1458 2350 et
1481 2272 1685 2351 necessitas
1709 2273 1891 2362 evenerit,
1916 2281 1955 2350 et

363 2394 471 2471 varia
494 2394 637 2470 habent
661 2393 817 2469 nomina
841 2401 880 2470 et
905 2392 1066 2469 diversa.
1094 2392 1338 2491 Quandoque
1362 2392 1465 2468 enim
1490 2393 1739 2469 nominantur
1765 2392 1955 2469 forinseca

363 2514 473 2611 large
497 2520 654 2612 sumpto
678 2510 863 2587 vocabulo
889 2512 1016 2611 quoad
1042 2510 1239 2588 servitium
1263 2511 1407 2588 domini
1434 2512 1547 2609 regis,
1574 2511 1804 2611 quandoque
1830 2521 1954 2590 scuta·

363 2632 483 2732 gium,
501 2632 731 2731 quandoque
749 2630 946 2707 servitium
963 2630 1107 2707 domini
1125 2630 1237 2728 regis,
1256 2639 1295 2708 et
1312 2631 1398 2707 ideo
1417 2631 1607 2707 forinseca
1625 2631 1698 2706 dici
1717 2639 1848 2730 potest
1866 2631 1955 2729 quia

364 2755 411 2830 fit
435 2761 475 2829 et
498 2751 652 2852 eapitur
677 2750 771 2827 loris
797 2750 875 2826 sive
899 2758 1012 2826 extra
1036 2749 1234 2826 servitium
1259 2750 1363 2848 quod
1388 2748 1447 2826 fit²
1474 2749 1629 2826 domino
1654 2750 1822 2849 capitali.
1852 2750 1955 2826 Item

364 2872 593 2972 scutagium,
621 2869 826 2969 quietalis
855 2870 1052 2967 praestatio
1080 2868 1249 2966 pertinet
1277 2870 1327 2944 ad
1356 2878 1507 2945 scutum
1536 2868 1640 2967 quod
1669 2871 1876 2947 assumitur
1905 2869 1955 2946 ad

363 2991 529 3070 officium
545 2991 721 3068 militare.
740 2990 843 3065 Item
859 2987 1000 3064 dieitur
1017 2987 1146 3085 regale
1163 2987 1361 3063 servitium
1377 2987 1468 3085 quia
1485 2988 1701 3086 specialiter
1718 2989 1887 3087 pertinet
1905 2988 1955 3063 ad

363 3137 495 3211 regem
512 3119 550 3186 et
568 3135 647 3185 non
664 3110 715 3184 ad
733 3108 862 3196 aliurn,
882 3105 933 3183 et⁸
952 3106 1162 3184 secundum
1180 3105 1283 3204 quod
1301 3105 1342 3181 in
1359 3115 1570 3206 conquestu
1591 3107 1668 3184 luit
1686 3108 1954 3183 adinventumt

363 3238 403 3305 et
420 3228 637 3305 huiusmodi
655 3225 811 3304 servitia
829 3225 1104 3324 persolvuntur
1122 3225 1270 3301 ratione
1289 3233 1597 3302 tenementorum
1616 3235 1655 3302 et
1675 3251 1754 3302 non
1773 3251 1954 3325 persona·

364 3373 463 3436 rum,
480 3344 571 3445 quia
586 3371 635 3421 ex
651 3343 894 3422 tenementis⁴
911 3344 1155 3443 proveniunt.
1176 3343 1237 3420 Ut
1255 3343 1286 3420 si
1304 3344 1456 3421 dicatur
1474 3345 1515 3421 in
1531 3355 1650 3434 carta,
1669 3345 1848 3440 faciendo
1865 3345 1955 3423 inde

363 3467 598 3564 forimcetun
623 3463 834 3552 servitium,
859 3463 920 3538 vel
947 3461 1077 3561 regala
1102 3463 1312 3551 seruitium,
1339 3463 1418 3540 sive
1444 3464 1642 3542 tenatiam
1669 3465 1815 3541 domini
1840 3464 1955 3562 regia,

365 3587 468 3687 quod
485 3585 587 3662 idem
602 3593 662 3661 est
678 3583 888 3660 secundum
905 3583 1063 3658 modum
1081 3581 1330 3670 feoffationis,
1349 3581 1490 3660 scilicet
1509 3592 1698 3681 quantum
1717 3585 1886 3682 pertinet
1906 3583 1955 3660 ad

364 3706 524 3784 feodum
543 3703 657 3779 unius
676 3701 807 3778 militis
825 3702 887 3776 vel
906 3699 1086 3776 duorum⁶
1106 3701 1146 3774 in
1167 3702 1300 3777 eadem
1319 3701 1421 3790 villa,
1442 3702 1503 3778 vel
1523 3702 1571 3778 de
1591 3703 1725 3779 eodem
1746 3702 1873 3792 feodo,
1894 3703 1955 3779 vel

365 3825 416 3901 ad
430 3822 658 3920 scutagium,
674 3828 829 3897 centum
846 3819 1065 3908 solidorum,
1082 3819 1178 3896 duas
1194 3845 1342 3896 marcas
1358 3820 1419 3896 vel
1434 3829 1525 3908 tres,
1542 3819 1595 3897 et³
1612 3822 1663 3896 ad
1679 3805 1780 3920 plus,
1798 3821 1898 3921 plus,
1916 3830 1956 3898 et

365 3944 416 4020 ad
429 3942 568 4030 minus,
583 3941 720 4017 minus.
739 3940 797 4016 Et
812 3938 904 4037 quia
918 3938 995 4015 tale
1012 3937 1209 4015 servitium
1226 3939 1459 4015 forinsecum
1475 3964 1553 4015 non
1570 3965 1720 4040 semper
1735 3950 1867 4018 manet
1884 3941 1955 4018 sub

363 4061 498 4139 eadem
518 4059 746 4160 quantitate,
769 4059 834 4134 sed
856 4057 1086 4156 quandoque
1107 4065 1315 4154 prestatur
1335 4058 1435 4156 plus,
1459 4058 1688 4157 quandoque
1709 4060 1847 4148 minus,
1871 4059 1956 4137 ideo

365 4179 413 4258 de
436 4179 624 4279 qualitate
647 4177 787 4277 regalis
811 4176 954 4254 servitii
978 4185 1017 4252 et
1041 4177 1257 4275 quantitate
1281 4177 1352 4252 fiat
1375 4176 1519 4253 mentio
1543 4176 1584 4253 in
1607 4187 1727 4267 carta,
1751 4187 1797 4254 ut
1820 4187 1956 4256 tenens

363 4308 513 4375 certum
534 4308 665 4375 tenere
688 4297 809 4397 possit
832 4294 925 4395 quid
948 4303 987 4372 et
1010 4304 1199 4393 quantum
1223 4294 1368 4372 solvere
1391 4304 1581 4373 teneatur.
1607 4296 1678 4372 Et⁷
1703 4298 1858 4396 quidem
1882 4299 1956 4375 dici

365 4417 510 4516 poterit
533 4416 581 4493 de
607 4417 717 4492 sectis
742 4439 827 4513 quae
851 4413 1048 4512 pertinent
1073 4413 1123 4488 ad
1149 4413 1347 4490 dominum
1372 4413 1589 4512 capitalem,
1615 4440 1703 4493 cum
1729 4417 1878 4515 possint
1904 4417 1955 4493 ibi

364 4537 472 4612 varia
490 4543 531 4611 et
550 4535 701 4611 diversa
718 4543 895 4632 tempora
915 4531 1105 4608 denotari⁸
1123 4530 1173 4606 de
1193 4531 1329 4630 quibus
1350 4533 1395 4608 fit
1415 4533 1559 4610 mentio
1581 4560 1711 4633 supra.
1736 4536 1828 4612 sed·
1850 4537 1882 4613 si
1903 4537 1956 4614 sic

365 4657 527 4744 dicatur,
542 4653 738 4731 reddendo
750 4653 841 4730 inde
854 4676 926 4751 per
940 4676 1085 4727 annom
1100 4660 1253 4728 tantona
1268 4662 1306 4727 et
1320 4651 1499 4746 faciendo
1515 4652 1611 4729 talea
1625 4665 1748 4731 sectos
1762 4680 1835 4753 pro
1851 4657 1957 4732 omni

364 4775 532 4863 antino,
556 4781 718 4872 accepto
744 4768 866 4869 repuli
889 4769 1057 4858 servitio,
1082 4770 1143 4845 vel
1167 4767 1274 4847 solvo
1299 4771 1503 4865 forinseco,
1528 4781 1622 4847 tuno
1647 4772 1857 4851 videndum
1883 4775 1956 4853 erit

365 4975 564 5037 ”tuitionem
585 4976 636 5036 rel
657 4972 879 5046 defensionem,
902 4972 942 5048 V,
964 4970 1032 5033 OB.
1076 4967 1235 5048 ⁴⁰·⁴²Om.,
1258 4971 1336 5048 MG,
1360 4971 1433 5033 CM.
1477 4970 1504 5006 ⁴¹
1515 4971 1799 5053 deprehensionem,
1823 4975 1863 5053 V,
1886 4977 1954 5038 OB.

365 5077 393 5110 ⁴²
403 5081 441 5153 sl,
456 5077 534 5151 MG,
549 5076 629 5148 CM;
646 5073 763 5135 scilicet
777 5072 869 5150 quod,
885 5070 951 5133 OC.
988 5068 1015 5105 ⁴⁸
1027 5071 1107 5145 Om,
1124 5071 1201 5146 MG,
1218 5072 1292 5134 cM.

448 5176 581 5251 ²Iuerit,
599 5175 665 5252 LA,
683 5175 761 5249 MG,
780 5173 854 5247 CM,
872 5173 945 5234 MC.
985 5171 1061 5248 'sit,
1080 5172 1174 5234 MSS.
1193 5194 1257 5234 var.
1297 5172 1402 5250 ⁸Om.,
1422 5176 1499 5250 MG,
1519 5178 1592 5238 CM.
1633 5177 1840 5255 ‘tenemento
1861 5183 1953 5244 MSS.

364 5300 428 5341 var.
468 5277 651 5353 “donorum
670 5276 747 5349 MG,
765 5275 839 5336 CM.
879 5273 984 5351 ⁰0m.‚
1002 5275 1069 5349 LA,
1087 5275 1162 5349 cM,
1180 5275 1261 5348 MB;
1280 5274 1341 5349 vel,
1359 5278 1436 5339 MG.
1477 5275 1593 5356 'quod,
1613 5281 1678 5354 LA,
1697 5281 1764 5358 OC,
1783 5284 1861 5360 MG,
1880 5285 1955 5359 CM,

365 5381 438 5442 MC.
479 5377 705 5453 ’denominant
727 5378 795 5451 OB,
817 5377 881 5437 ΜΒ
889 5399 898 5449 ;
918 5377 1072 5448 donatori,
1093 5376 1157 5436 LA.
1200 5375 1266 5451 'et,
1287 5378 1365 5454 MG,
1387 5379 1460 5440 CM.
