4432 6336
642 467 702 527 DE
726 467 1030 540 ADQUIRENDO
1052 467 1210 528 RERUM
1233 467 1435 531 DOMINlO
1764 475 1836 544 139

246 615 435 694 feoffatus
462 617 646 716 expletia²
673 643 811 716 capere
837 644 917 695 non
945 617 1080 717 possit⁸
1109 628 1272 719 propter
1298 619 1508 696 terminum
1537 619 1837 696 usufructuarii?

246 735 507 812 Nihilominus
537 737 640 813 valet
670 737 829 813 donatio
858 737 949 837 quia
978 764 1129 837 semper
1159 738 1298 815 salvari
1329 739 1442 816 debet
1472 739 1670 814 terminus.
1702 739 1762 814 Et
1792 736 1838 814 si⁴

245 857 413 932 secundo
433 854 621 933 feoffatus
642 865 849 956 postquam
870 883 910 933 se
929 858 1097 935 tenuerit
1120 857 1183 934 ad⁶
1206 858 1503 935 feoffamentum
1524 855 1706 956 expletia⁸
1727 881 1836 956 cepe

245 972 323 1061 rit‚'
341 972 426 1049 hoc¹
443 973 517 1050 erit
533 974 663 1073 potius
681 976 729 1053 de
746 975 879 1052 libero⁰
897 984 1117 1052 tenemento
1135 977 1250 1075 primi
1269 976 1424 1052 feoffati
1443 1001 1560 1075 quam
1578 1000 1660 1065 suo,
1681 976 1771 1075 quia
1789 977 1838 1052 de

250 1095 386 1172 alieno.
415 1094 590 1171 Etcum
618 1096 783 1171 donator
812 1094 927 1172 semel
958 1095 1118 1184 dederit,
1148 1095 1241 1172 nihil
1271 1094 1432 1172 ulterius
1463 1095 1533 1171 sibi
1559 1094 1704 1172 retinet
1733 1096 1837 1193 quod
1947 1087 1948 1090 '

246 1217 392 1292 donare
411 1213 533 1316 possit
553 1215 625 1292 nisi
644 1214 793 1290 nudum
811 1213 1034 1290 dominium.
1056 1214 1180 1290 Casus
1200 1215 1271 1290 iste
1291 1215 1418 1290 evenit
1439 1214 1546 1312 apud
1566 1212 1837 1296 Clarendone²⁰

247 1335 288 1411 in
309 1333 515 1433 prasentia
535 1333 565 1410 J
566 1333 727 1410 ohamiis
750 1333 798 1409 de
819 1332 1106 1431 Lexingtone,¹²
1130 1342 1169 1409 et
1190 1333 1291 1410 male
1314 1333 1392 1409 fuit
1414 1332 1465 1408 ibi
1488 1333 1749 1421 terminaturus,
1773 1332 1838 1408 ob·

245 1454 345 1530 iecta
373 1454 540 1552 quadam
570 1452 794 1551 exceptione
824 1450 1019 1528 servitutis
1048 1459 1184 1527 contra
1213 1450 1367 1549 primo²²
1399 1451 1618 1539 feoffatum,
1651 1451 1717 1550 qui
1747 1450 1839 1527 tulit

247 1569 405 1646 assisam
425 1594 533 1646 novae
556 1569 759 1646 disseisinae
780 1579 918 1646 eontra
939 1570 1105 1644 secundo
1128 1570 1337 1646 feoffatum
1359 1579 1398 1646 et
1422 1569 1707 1659 donatorem>
1735 1570 1839 1646 Item

248 1687 279 1762 si
295 1684 471 1786 pluribus
488 1688 558 1764 fiat
577 1687 734 1764 donatio
751 1687 896 1787 poterit
912 1687 1067 1787 quidem
1084 1688 1167 1764 fieri
1184 1688 1342 1765 traditio
1360 1688 1590 1786 quibusdam
1607 1688 1649 1764 in
1666 1688 1839 1765 absentia

247 1809 422 1897 aliorum,
444 1808 589 1907 partim
610 1807 764 1884 nomine
786 1807 957 1907 proprio,
980 1807 1124 1905 partim
1146 1807 1299 1884 nomine
1323 1807 1497 1896 aliorum,
1521 1807 1661 1884 scilicet
1685 1808 1838 1884 nomine

248 1926 526 2027 procuratorio,
552 1926 667 2002 etsie
692 1926 909 2024 adquiritur
933 1924 1152 2002 absentibus
1178 1927 1226 2001 de
1251 1927 1357 2001 facto
1382 1951 1516 2001 eorum
1541 1926 1606 2024 qui
1633 1935 1839 2024 praesentes

250 2054 351 2124 sunt.
372 2048 476 2123 Item
493 2047 590 2123 sicut
607 2046 691 2122 fieri
709 2044 853 2143 poterit
871 2044 1029 2120 donatio
1046 2043 1222 2142 pluribus
1241 2043 1289 2120 ab
1307 2068 1386 2119 uno
1405 2043 1453 2120 de
1472 2043 1554 2120 iure
1573 2044 1633 2120 uel
1654 2043 1701 2120 de
1720 2044 1838 2132 facto,

249 2164 305 2240 ita
327 2175 490 2263 possunt
513 2166 644 2263 plures
668 2162 942 2240 donationem²⁸
966 2163 1093 2238 faeere
1116 2163 1184 2238 uni
1207 2162 1268 2238 uel
1292 2163 1479 2261 pluribus,
1505 2163 1552 2239 de
1577 2163 1682 2238 facto
1705 2162 1766 2237 vel
1790 2162 1839 2238 de

249 2289 343 2378 iure,
362 2288 493 2388 plures
513 2287 560 2363 de
577 2287 660 2363 iure
678 2286 746 2361 uni
764 2285 825 2361 vel
844 2284 1019 2382 pluribus
1038 2284 1086 2360 de
1105 2310 1147 2359 re
1167 2310 1283 2382 quam
1302 2283 1463 2360 tenent²⁴
1483 2284 1524 2359 in
1542 2283 1746 2372 communi,
1765 2283 1839 2360 erit

251 2410 408 2486 donatio
433 2419 472 2486 et
497 2407 655 2485 traditio
681 2407 789 2506 quasi
814 2432 904 2483 una.
933 2406 975 2482 Si
1002 2414 1132 2482 autem
1158 2430 1236 2482 non
1263 2404 1383 2481 fuerit
1408 2430 1469 2480 res
1495 2405 1719 2493 eommunis,
1745 2414 1840 2481 tunc

248 2531 370 2606 refert
386 2529 470 2628 quis
487 2527 660 2604 fueritin
679 2526 916 2624 possessione
932 2549 980 2601 ex
997 2548 1237 2623 quacumque
1252 2549 1379 2612 eausa,
1397 2523 1475 2600 sive
1491 2523 1550 2601 ius
1567 2523 1743 2600 habuerit
1762 2523 1840 2600 sive

249 2677 340 2742 non,
368 2659 408 2727 et
433 2651 464 2727 si
490 2649 579 2726 talis
606 2648 853 2725 donationem
880 2646 1015 2723 fecerit
1042 2655 1082 2722 et
1108 2645 1368 2734 traditionem,
1397 2645 1538 2721 valebit
1566 2645 1724 2721 donatio
1751 2644 1839 2720 licet

249 2774 415 2849 donator
429 2773 488 2849 ius
504 2796 583 2848 non
598 2769 787 2858 habuerit,
804 2793 893 2845 eum
909 2766 1059 2867 possit¹³
1075 2766 1160 2865 quis
1177 2792 1259 2843 rem
1276 2766 1367 2842 dare
1385 2764 1561 2853 alienam,
1580 2775 1618 2842 et
1637 2766 1744 2841 facta
1760 2774 1839 2841 tra·

249 2894 394 2971 ditione
416 2893 547 2969 statim
567 2889 702 2991 incipit
723 2889 946 2967 donatarius
967 2887 1162 2987 possidere
1183 2896 1222 2963 et
1244 2887 1409 2963 donator
1431 2886 1579 2962 desinit.
1603 2887 1662 2961 Et
1683 2887 1786 2962 unde
1808 2885 1840 2962 si

249 3041 362 3092 verus
380 3015 556 3091 dominus
574 3012 738 3089 eundem
755 3009 1001 3088 donatarium
1017 3010 1078 3086 vel
1095 3008 1213 3085 alium
1232 3007 1464 3095 feoffaverit,
1482 3017 1522 3084 et
1540 3016 1687 3083 cartam
1706 3006 1840 3083 fecerit

251 3144 290 3212 et
312 3135 534 3233 homagium
558 3133 714 3233 ceperit,
740 3133 897 3209 donatio
920 3157 1000 3207 non
1022 3128 1165 3207 valebit
1189 3130 1281 3227 quia
1303 3129 1457 3205 tradere
1481 3153 1561 3204 non
1586 3136 1727 3226 potest,
1752 3152 1840 3204 cum

252 3258 301 3333 sit
314 3265 425 3334 extra
440 3256 616 3332 seisinam
629 3255 669 3330 id
684 3255 787 3353 quod
802 3252 1020 3340 nonhabet,
1035 3261 1074 3328 et
1089 3251 1178 3349 quia
1194 3251 1492 3326 feoffamentum
1506 3249 1610 3348 quod
1626 3248 1710 3348 quis
1726 3249 1841 3326 habet

252 3377 300 3452 ab
321 3376 450 3475 aliquo
470 3402 519 3451 ex
540 3401 619 3452 una
639 3399 766 3463 causa,
788 3374 884 3450 illud
906 3372 955 3449 ab
978 3372 1052 3449 alio
1073 3371 1213 3448 habere
1234 3397 1313 3447 non
1335 3378 1465 3470 potest
1488 3397 1535 3447 ex
1558 3370 1693 3446 eadem
1713 3394 1840 3458 causa,

252 3498 343 3596 quia
356 3499 459 3597 quod
472 3497 588 3574 semel
602 3521 731 3573 meum
744 3506 803 3572 est
818 3521 866 3570 ex
879 3520 958 3570 una
973 3519 1089 3570 causa
1102 3503 1141 3570 et
1156 3492 1204 3568 ab
1219 3517 1309 3582 uno,
1325 3492 1490 3569 durante
1504 3491 1741 3590 possessione
1755 3516 1842 3567 mea

251 3644 330 3694 non
348 3617 492 3718 poterit
509 3618 606 3693 illud
623 3617 764 3693 iterum
781 3642 862 3692 esse
878 3640 1007 3691 meum
1025 3640 1074 3690 ex
1093 3615 1227 3690 eadem
1246 3638 1363 3689 causa
1380 3622 1418 3689 et
1438 3612 1486 3688 ab
1506 3611 1593 3688 alio.
1614 3613 1699 3687 Nec
1717 3611 1842 3709 magis

252 3748 438 3839 poterunt
461 3740 538 3815 duo
560 3739 714 3814 unicam
735 3763 818 3814 rem
840 3738 933 3813 dare
955 3762 1003 3812 ex
1025 3760 1105 3811 una
1127 3759 1242 3811 causa
1263 3734 1325 3810 uel
1348 3733 1518 3822 diversis,
1541 3733 1614 3810 nisi
1638 3759 1697 3809 res
1723 3731 1842 3808 fuerit

251 3861 474 3949 eommunis,
494 3868 538 3936 ut
558 3858 785 3960 praedictum
803 3866 873 3946 est,
894 3882 1010 3955 quam
1029 3855 1182 3931 unicam
1201 3881 1283 3931 rem
1303 3853 1416 3930 simul
1437 3861 1476 3928 et
1496 3853 1702 3930 insolidum
1722 3852 1841 3952 possi·

251 3983 354 4072 dere,
370 4007 440 4059 nec
456 3982 568 4058 simul
584 3990 622 4057 et
637 3979 843 4055 insolidum
857 3978 1010 4054 unicam
1025 4002 1107 4052 rem
1123 3975 1328 4075 possidere,
1345 4000 1424 4051 non
1439 3974 1563 4072 magis
1581 3999 1697 4072 quam
1714 3971 1841 4050 unus²⁸

252 4111 355 4180 stare
375 4101 441 4178 ubi
462 4101 559 4178 alius
580 4109 670 4189 stat,
692 4108 731 4176 et
751 4125 853 4175 unus
875 4098 1005 4175 sedere
1027 4095 1119 4173 ubi²⁷
1143 4095 1239 4172 alius
1262 4097 1380 4184 sedet,
1404 4103 1442 4171 et
1465 4095 1606 4170 eisdem
1629 4093 1841 4170 rationibus

252 4225 345 4302 dare
366 4249 445 4299 non
466 4231 594 4321 potest
616 4222 681 4319 qui
703 4246 781 4295 non
802 4218 983 4319 possidet.
1010 4218 1087 4294 Sed
1110 4218 1140 4294 si
1162 4216 1246 4315 quis
1268 4217 1327 4293 ius
1349 4214 1525 4291 habuerit
1547 4215 1588 4288 in
1610 4241 1652 4291 re
1674 4224 1712 4291 et
1734 4212 1842 4290 non²⁸

252 4344 440 4434 seisinam,
461 4343 605 4442 poterit
626 4341 837 4440 possidenti
858 4364 1128 4437 recognoscere
1151 4364 1231 4414 esse
1253 4337 1311 4414 ius
1334 4335 1563 4435 possidentis
1585 4345 1624 4412 et
1647 4335 1842 4411 remittere

251 4465 310 4541 ius
326 4490 450 4552 suum,
465 4464 526 4540 vel
541 4462 764 4563 simpliciter
779 4461 973 4537 remittere
989 4460 1069 4536 sine
1084 4457 1354 4556 recognitione.
1373 4456 1526 4533 Poterit
1542 4457 1658 4533 etiam
1674 4455 1705 4532 si
1722 4455 1841 4532 domi·

252 4684 314 4746 ²ex
331 4684 485 4764 pluribus,
502 4683 571 4757 OB,
589 4684 665 4758 ΜΒ,
684 4682 755 4766 CB,
769 4683 835 4743 MA
858 4681 953 4759 (corr.
973 4679 1140 4758 expletis).
1180 4677 1192 4710 ³
1203 4681 1331 4756 poterit,
1350 4678 1426 4752 MA,
1446 4677 1522 4750 ΜΒ,
1542 4677 1611 4751 ΟΒ,
1632 4675 1696 4736 CB.
1739 4674 1843 4748 ⁴Om.,

253 4785 331 4862 MG,
355 4787 429 4846 CM.
473 4783 590 4862 “quod,
613 4784 691 4860 MG,
715 4784 788 4844 CM.
834 4781 891 4842 ⁶et
913 4782 1060 4860 expletio,
1084 4780 1124 4856 V,
1147 4782 1219 4852 oc;
1244 4800 1281 4840 ex
1305 4778 1457 4858 pluribus,
1481 4777 1550 4854 OB,
1575 4779 1652 4854 MB,
1677 4776 1743 4851 CE,
1768 4777 1841 4837 MC.

252 4884 370 4963 'cepit
389 4885 467 4960 MG,
485 4885 559 4946 CM.
599 4883 706 4946 “⁹hoo
724 4884 795 4963 plus
814 4886 875 4943 erit
893 4902 931 4943 ex
949 4880 1058 4955 libero,
1077 4881 1144 4957 OC,
1165 4881 1242 4955 MG,
1263 4881 1335 4941 CM.
1377 4879 1405 4914 ²⁰
1417 4877 1653 4955 Clarhamdone,
1673 4875 1842 4938 Charham-

251 4985 343 5061 dune,
373 4984 611 5059 Clarhsmdune,
641 4984 895 5062 Charhampton.,
926 4983 1148 5056 Clarhamton„
1179 4981 1388 5055 Charamton„
1418 4981 1621 5053 Barbanton„
1652 4980 1745 5041 MSS.
1777 4999 1841 5039 var.

254 5086 279 5121 11
291 5086 330 5150 ue
356 5087 521 5167 onnton,
546 5086 616 5163 on,
642 5057 718 5163 uh,
744 5087 816 5160 ω,
844 5088 1007 5164 neynan,
1034 5085 1112 5158 ruo,
1139 5084 1219 5156 can
1246 5085 1444 5160 Lenington,
1471 5082 1543 5155 m;
1572 5082 1738 5160 Brynton,
1767 5081 1842 5143 un

254 5185 436 5265 ¹²primum,
463 5187 542 5262 MG,
570 5188 650 5260 cM;
679 5192 791 5266 ipsum
820 5187 885 5249 OC.
936 5185 962 5220 ²³
974 5184 1167 5261 donationes,
1196 5185 1263 5259 LA,
1293 5184 1368 5258 MC,
1397 5185 1457 5245 OA
1489 5183 1584 5261 (corr.
1615 5183 1841 5261 donationem).

253 5285 388 5364 “tenea
407 5288 485 5364 MG,
504 5287 578 5349 CM.
619 5286 738 5364 ¹⁸Om.,
758 5289 831 5362 OB;
851 5293 968 5367 posset,
987 5287 1065 5361 MG,
1086 5288 1159 5348 CM.
1201 5284 1320 5361 1⁶Om.‚
1340 5286 1409 5360 OB,
1430 5286 1506 5360 ΜΒ,
1528 5286 1592 5348 CE.
1634 5285 1661 5320 1'
1673 5289 1744 5360 nisi,
1765 5285 1842 5361 MG,

253 5387 327 5450 CM.
363 5387 464 5449 1⁸uon
475 5393 519 5466 in,
534 5391 612 5466 MG,
626 5390 700 5451 CM.
