4392 6352
394 493 469 562 826
927 486 1150 550 BRACTON:
1172 487 1233 548 DE
1258 487 1450 548 LEGIBUS

395 644 685 722 {estimationem
698 645 855 721 iniuriae.
871 645 1070 744 Competit
1084 645 1200 723 etiam
1215 646 1369 722 domino
1386 645 1485 722 actio
1499 644 1696 733 indirecta,
1712 653 1901 744 quatenus
1917 670 1987 721 sua

395 763 575 841 interfuit
597 789 676 840 non
698 764 864 841 caruisse
886 764 1049 841 servitiis
1072 765 1308 841 famulorum
1332 773 1371 841 et
1394 763 1549 862 operis¹⁸
1574 789 1772 840 servorum
1795 773 1834 840 et
1857 763 1985 839 huius·

396 883 511 959 modi.
527 883 726 981 Competit
738 883 855 960 etiam
868 883 1023 961 domino
1037 883 1137 960 actio
1151 909 1200 960 ex
1213 883 1285 959 hoc
1299 883 1330 960 si
1344 883 1441 960 tales
1455 883 1646 960 verberati
1661 892 1752 960 sunt
1766 882 1827 958 vel
1841 881 1986 981 pulsati

397 1003 437 1078 in
464 1001 655 1079 dedecus²⁰
683 1002 803 1100 ipsius
831 1001 987 1090 domini,
1015 1001 1159 1078 etism²⁰
1188 1002 1220 1078 si
1248 1001 1402 1078 servitio
1431 1011 1470 1078 et
1499 999 1653 1099 operis¹¹
1682 1026 1879 1078 servorum
1908 1025 1986 1077 non

396 1121 573 1198 caruerit.
591 1122 648 1198 Et
665 1121 721 1197 ita
736 1121 880 1220 poterit
896 1121 1079 1198 interesse
1095 1147 1164 1197 sua
1181 1120 1398 1220 aliquando,
1416 1119 1565 1196 ratione
1581 1120 1739 1196 alterius
1757 1121 1930 1207 istorum,
1947 1129 1987 1196 et

396 1239 602 1338 aliquando
625 1239 772 1316 ratione
793 1239 1006 1338 utriusque,
1027 1249 1073 1316 ut
1095 1239 1127 1316 si
1149 1239 1251 1315 dicat
1274 1266 1314 1316 se
1336 1239 1438 1315 nolle
1460 1239 1683 1316 sustinuisse
1706 1239 1890 1314 damnum
1913 1263 1985 1336 pro

395 1365 519 1446 tanto,
545 1383 614 1434 nec
638 1359 827 1456 pudorem
851 1359 912 1435 vel
937 1358 1100 1434 dedecus
1126 1383 1199 1456 pro
1224 1367 1347 1446 tanto,
1373 1356 1605 1434 coniunctim
1631 1357 1692 1433 rel
1718 1357 1879 1434 divisim.
1909 1357 1986 1434 Sed

394 1476 604 1552 videndum
619 1476 719 1552 inter
732 1485 861 1552 cetera
875 1502 958 1575 quae
973 1477 1134 1553 istarum
1150 1477 1199 1554 sit
1214 1476 1492 1575 praeiudicialis,
1508 1485 1548 1552 et
1564 1477 1595 1552 si
1611 1501 1689 1552 una
1705 1476 1922 1574 dependeat
1938 1501 1987 1550 ex

397 1597 483 1673 alia.
501 1597 560 1673 Et
576 1596 731 1673 videtur
747 1597 850 1694 quod
869 1596 933 1685 sic,
953 1595 1043 1694 quia
1060 1604 1142 1672 esto
1160 1598 1264 1693 quod
1283 1595 1450 1673 serviens
1468 1594 1557 1672 rel²²
1575 1622 1707 1672 servus
1726 1596 1787 1671 cui
1806 1595 1987 1672 violentia

396 1715 505 1792 illata
526 1723 583 1792 est
604 1715 644 1790 in
666 1715 893 1814 probatione
915 1740 985 1791 sua
1006 1714 1201 1802 defecerit,
1222 1714 1311 1790 licet
1333 1714 1489 1812 querela
1509 1739 1602 1790 vera
1624 1715 1684 1802 sit,
1708 1715 1862 1790 videtur
1883 1713 1987 1812 quod

396 1857 467 1931 per
486 1833 557 1908 hoc
576 1833 747 1910 extincta
765 1833 815 1910 sit
834 1832 933 1909 actio
953 1833 1108 1922 domini,
1129 1833 1220 1932 quia
1239 1833 1270 1910 si
1291 1833 1440 1909 factum
1460 1831 1565 1909 n0n¹⁸
1586 1832 1783 1931 probetur,
1805 1833 1909 1931 quod
1929 1840 1987 1909 est

396 1952 620 2050 principale,
641 1953 744 2051 quod
764 1952 890 2029 valere
910 1977 989 2028 non
1010 1952 1146 2028 debeat
1167 1951 1310 2050 aliquid
1331 1952 1434 2050 quod
1455 1952 1671 2050 dependeat
1693 1977 1742 2026 ex
1761 1976 1818 2039 eo,
1840 1962 1879 2027 et
1901 1977 1986 2050 per·

395 2069 512 2146 inde²⁴
533 2071 636 2168 quod
657 2070 745 2148 talis
767 2096 845 2147 non
865 2071 1090 2147 verberatur
1113 2072 1162 2146 ad
1184 2070 1347 2146 dedecus
1369 2071 1501 2169 ipsius,
1523 2095 1593 2147 nec
1615 2071 1665 2146 ad
1687 2071 1883 2146 damnum.
1909 2070 1987 2146 Sed

395 2217 437 2267 re
459 2216 553 2266 vera
573 2188 773 2289 quamvis¹⁸
795 2191 892 2266 tales
915 2190 955 2264 in
977 2189 1205 2287 probatione
1227 2215 1297 2266 sua
1319 2189 1541 2278 defecerint,
1566 2189 1810 2266 nihilominus
1835 2190 1987 2267 subesse

396 2310 541 2408 poterit
557 2333 691 2384 verum
710 2308 814 2406 quod
832 2309 888 2385 ita
905 2307 992 2384 fuit.
1012 2309 1070 2383 Et
1088 2308 1192 2384 unde
1210 2309 1242 2384 si
1260 2333 1360 2383 unus
1380 2334 1458 2385 non
1476 2308 1709 2407 probaverit,
1729 2309 1825 2385 alius
1845 2316 1985 2408 potest.

397 2428 511 2503 Idem
526 2427 599 2504 erit
616 2427 647 2503 si
662 2427 759 2503 tales
777 2452 818 2504 se
833 2425 1065 2503 retraxerint
1082 2426 1144 2503 vel
1161 2427 1267 2525 sequi
1284 2427 1488 2504 noluerint.

395 2627 590 2706 ²⁸operibua,
609 2628 648 2704 V,
667 2628 735 2702 OC,
754 2627 820 2690 ΟΕ,
862 2625 888 2662 ¹⁹
900 2627 1031 2705 delictis,
1050 2629 1128 2703 MG,
1147 2629 1220 2689 cM.
1262 2627 1288 2661 ¹⁰
1300 2637 1332 2689 et
1350 2633 1453 2703 etiam,
1472 2628 1541 2703 OB,
1561 2629 1636 2704 MA,
1657 2629 1739 2700 MB3
1760 2636 1801 2704 et,
1822 2628 1888 2700 LA,
1908 2628 1986 2689 MG,

395 2727 589 2806 ”operibus
604 2729 644 2804 V,
659 2729 727 2805 OC,
743 2729 935 2807 CE30pere‚
952 2729 1021 2802 OB,
1038 2728 1114 2802 MA,
1131 2728 1207 2803 ΜΒ,
1224 2729 1262 2789 Υ.
1301 2726 1414 2803 ”sire,
1431 2730 1500 2804 OB,
1518 2729 1595 2804 MA,
1611 2730 1687 2804 ΜΒ,
1705 2730 1746 2804 Υ,
1763 2729 1828 2792 CE.
1868 2727 1986 2802 ¹⁸0m.,

396 2830 474 2905 MG,
489 2831 562 2891 CM.
600 2828 626 2862 ¹⁴
638 2828 779 2908 proinde,
795 2829 834 2904 V,
850 2829 928 2905 MG,
944 2829 983 2891 Y.
1020 2827 1047 2862 ²⁵
1058 2835 1208 2911 quatenus
1223 2827 1314 2903 tales,
1331 2829 1398 2906 ΟΕ,
1414 2830 1453 2890 Y.
