4374 6366
393 513 468 582 414
925 509 1149 571 BBACTONz
1171 509 1232 570 DE
1256 509 1449 572 LEGIBUS

393 657 507 734 mitas
520 655 659 733 delicti.
676 655 895 733 Indicitur⁸⁴
910 656 1011 735 enim
1025 657 1255 758 quandoque
1270 659 1466 758 ademptio
1481 661 1580 749 vitae,
1594 661 1852 762 quandoque⁸‘
1867 689 1984 741 mem·

394 775 562 852 brorum.
584 775 865 864 Membrorum,
886 773 1012 852 sicut⁶⁸
1033 775 1072 852 in
1094 775 1229 853 itinere
1251 777 1416 854 Martini
1436 778 1484 856 de
1506 778 1717 857 Pateshilla
1740 781 1779 856 in
1800 783 1984 859 comitatu

394 893 616 982 Lincolniae,
635 894 683 971 de
701 893 852 970 Thoma
871 895 919 971 de
936 895 1079 972 Raane.

494 1104 532 1178 Α
535 1101 711 1202 ppellum
729 1102 777 1180 ds
794 1102 927 1201 iniquo
944 1101 1204 1181 commistione
1222 1111 1262 1181 et
1280 1102 1440 1181 roben‘o.

392 1220 575 1296 Drcrum
597 1229 654 1297 est
675 1219 722 1296 de
742 1218 903 1296 roberia.
927 1221 1045 1296 Nunc
1066 1230 1197 1297 autem
1218 1221 1423 1298 dicendum
1443 1220 1528 1298 est‘'
1551 1223 1600 1298 de
1621 1224 1770 1301 roben'a
1793 1234 1832 1302 et
1854 1225 1985 1325 iniqua

393 1339 666 1416 combustione.
692 1339 735 1414 Si
758 1339 842 1438 quis
865 1347 996 1416 autem
1018 1339 1177 1416 turbata
1200 1339 1384 1418 seditione
1408 1339 1626 1418 incendium
1651 1342 1785 1418 lecerit
1810 1343 1985 1442 nequiter

394 1465 433 1533 et
449 1457 490 1533 in
507 1456 662 1545 felonia,
680 1457 741 1533 vel
758 1455 807 1532 ob
823 1456 1038 1534 inimicitias
1055 1455 1145 1533 vel⁸⁸
1162 1455 1329 1556 praedoe”
1346 1457 1502 1546 causa,⁸⁰
1520 1457 1677 1558 capitali
1697 1459 1883 1559 puniatur
1901 1487 1984 1538 sen-

393 1576 526 1652 tentia.
546 1575 737 1675 Nequiter
755 1575 852 1664 dieo,
871 1575 961 1674 quia
979 1575 1155 1651 incendia
1173 1575 1339 1652 fortuita
1355 1575 1416 1653 vel
1435 1603 1506 1676 per
1524 1577 1800 1676 negligentiam
1821 1578 1928 1656 locta
1945 1589 1984 1657 et

393 1719 472 1771 non
488 1693 592 1770 mala
608 1693 849 1783 conscientia,
867 1719 946 1770 non
965 1694 1018 1772 sic
1035 1695 1264 1792 puniuntur,
1283 1695 1374 1793 quia
1392 1695 1553 1772 civiliter
1572 1695 1702 1794 agitur
1721 1706 1856 1773 contra
1874 1697 1983 1774 tales.

396 1811 438 1888 Si
452 1811 537 1912 quis
551 1811 673 1910 igitur
686 1810 783 1888 aedes
798 1811 940 1888 alienas
955 1812 1132 1911 nequiter
1146 1812 1395 1891 combusserit
1409 1823 1448 1890 et
1464 1813 1623 1912 ingerit,
1640 1813 1671 1890 si
1688 1814 1736 1890 sit
1752 1815 1818 1913 qui
1834 1823 1985 1890 accuset

394 1940 433 2008 et
448 1930 619 2030 appellet
634 1940 673 2008 et
688 1937 882 2030 sequatur,
898 1929 1158 2030 procedatur⁸²
1173 1938 1310 2007 contra
1324 1931 1453 2030 ipsum
1469 1931 1566 2009 sicut
1582 1931 1630 2007 de
1646 1931 1722 2008 alia
1739 1931 1922 2008 felonia.⁸²
1941 1933 1984 2008 Si

394 2057 601 2137 non,t1mc
624 2049 842 2148 inquiratur
864 2049 1006 2126 veritas
1029 2048 1070 2125 in
1093 2047 1263 2126 adventu
1287 2049 1590 2138 iustitiariorum,
1614 2058 1660 2127 ut
1684 2075 1804 2148 supra
1829 2050 1876 2127 de
1901 2049 1984 2126 aliis

393 2167 568 2267 appellis.
587 2167 630 2242 Si
646 2176 776 2244 autem
791 2176 929 2265 captus
946 2167 1065 2244 luerit
1080 2177 1120 2244 et
1138 2167 1187 2245 sit
1202 2167 1268 2266 qui
1284 2175 1480 2266 sequatur,
1496 2177 1590 2244 tunc
1606 2167 1833 2244 irrotuletur
1850 2167 1982 2268 appel·

392 2283 475 2361 lum
490 2285 531 2360 in
545 2285 732 2360 comitatu
747 2284 788 2361 in
804 2283 882 2360 hoec
897 2284 1025 2361 verba.

492 2403 546 2480 A.
565 2401 740 2502 appellat
755 2403 805 2479 B.

393 2522 446 2597 A.
462 2542 667 2598 sermm
680 2522 729 2597 B.
746 2521 850 2620 quod
863 2546 951 2598 cum
967 2529 1066 2598 esset
1081 2521 1121 2597 in
1137 2545 1231 2620 pace
1248 2521 1391 2598 domini
1407 2521 1509 2619 regis
1525 2521 1595 2599 tali
1610 2523 1705 2610 loco,
1722 2522 1792 2600 tali
1809 2523 1870 2600 die
1885 2532 1982 2601 etce-

391 2649 478 2718 tera
492 2649 538 2717 ut
552 2665 684 2739 supra,
700 2639 805 2716 venit
820 2639 922 2716 idem
938 2640 986 2715 B.
1004 2639 1179 2739 nequiter
1195 2649 1234 2716 et
1250 2640 1291 2716 in
1307 2639 1450 2716 felonia
1467 2649 1633 2717 etcetera
1650 2638 1722 2717 ut⁸'
1741 2637 1900 2738 supra,'⁴
1917 2639 1983 2715 ubi

392 2757 503 2858 ipse⁸⁸
518 2759 570 2834 A.
588 2758 767 2834 interluit
782 2767 822 2834 et
837 2757 944 2846 vidit,
961 2755 1028 2835 et⁸⁸
1043 2758 1173 2856 ignem
1189 2757 1371 2858 apposuit
1387 2758 1563 2835 domibus
1581 2757 1658 2834 suis
1675 2769 1713 2835 et
1730 2785 1794 2836 eas
1811 2759 1982 2835 combus-

393 2877 454 2966 sit,
473 2887 512 2954 et
531 2877 578 2955 de
596 2876 760 2953 denariis
779 2887 817 2954 et
835 2877 983 2954 catallis
1001 2877 1079 2954 suis
1098 2876 1139 2952 in
1156 2875 1307 2953 roberia
1326 2874 1391 2952 et⁸²
1410 2886 1546 2953 contra
1565 2900 1699 2975 pacem
1718 2877 1862 2954 domini
1882 2876 1983 2974 regis

393 2995 607 3093 asportavit
621 2994 718 3072 tales
733 2993 821 3070 res⁸⁸
836 2994 1056 3092 designatas
1073 3003 1111 3072 et
1127 2995 1343 3070 nominatas
1358 2996 1409 3070 ad
1424 2993 1659 3070 valentiam⁸⁹
1674 2994 1787 3071 tanti.
1804 2995 1863 3071 Et
1880 2994 1984 3093 quod

393 3113 463 3189 hoc
488 3113 581 3192 fecit
605 3113 781 3212 nequiter
806 3121 846 3190 et
870 3114 909 3188 in
936 3112 1081 3190 felonia
1104 3114 1224 3190 offert
1248 3121 1425 3190 etcetera.
1452 3113 1511 3189 Et
1537 3113 1585 3188 B.
1612 3114 1717 3189 venit
1743 3123 1782 3189 et
1809 3112 1983 3189 defendit

392 3229 547 3309 totum⁷⁰
568 3232 615 3308 de
634 3232 751 3308 verbo
770 3233 811 3307 in
829 3232 989 3308 verbum
1008 3239 1175 3308 etcetera
1193 3239 1238 3308 ut
1258 3257 1388 3330 supra,
1411 3231 1620 3308 seeundum
1641 3232 1744 3329 quod
1766 3231 1800 3307 ei
1822 3231 1982 3330 imponi·

393 3361 468 3428 tur.
487 3351 546 3426 Et
560 3360 654 3427 tunc
669 3360 714 3428 ut
731 3376 851 3449 supra
866 3359 976 3449 petat
993 3350 1062 3426 sibi
1079 3349 1162 3425 fieri
1180 3349 1424 3426 allocutiones
1442 3359 1481 3427 et
1498 3346 1721 3448 proponat'²
1739 3350 1981 3449 exceptiones

394 3467 425 3544 si
441 3493 535 3567 quas
548 3467 699 3556 habeat,
715 3468 776 3543 vel
791 3493 861 3566 per
876 3467 1000 3566 legem
1014 3477 1127 3545 terrae
1143 3494 1183 3544 se
1198 3466 1385 3544 defendat
1400 3476 1565 3544 etcetera
1581 3477 1626 3545 ut
1643 3493 1773 3566 supra.

492 3688 530 3762 Α
534 3685 709 3786 ppellom
727 3685 775 3763 de
792 3694 910 3786 rapto
928 3684 1132 3784 virpinom.

393 3805 423 3880 f.
439 3805 532 3898 147]
588 3804 672 3880 Esr
689 3805 789 3880 inter
807 3803 882 3880 alia
900 3802 1069 3903 appella²
1087 3803 1283 3903 quoddam
1301 3802 1499 3902 appellum
1519 3804 1622 3902 quod
1641 3803 1781 3882 dicitur
1800 3804 1847 3880 de
1865 3813 1983 3902 raptu

393 3923 598 4022 virginum.
620 3924 678 3999 Et
698 3932 756 4000 est
775 3931 912 4022 raptus
932 3921 1127 4020 virginum
1148 3922 1342 4021 quoddam
1363 3922 1506 3998 crimen
1528 3922 1631 4020 quod
1654 3922 1799 3999 femina
1820 3922 1984 4020 imponit

394 4042 517 4130 alicui,
535 4043 675 4140 dequo
692 4068 732 4118 se
749 4041 840 4117 dicit
859 4067 939 4118 esse
955 4041 1142 4117 violenter
1159 4065 1385 4140 oppressam
1401 4049 1538 4117 contra
1555 4063 1690 4138 paoem
1708 4039 1852 4116 domini
1870 4038 1983 4137 regis,

393 4161 497 4259 quod
518 4160 672 4259 quidem
692 4160 835 4235 crimen
855 4160 885 4236 si
905 4159 1165 4247 convincatur,
1188 4159 1360 4257 sequitur
1381 4181 1508 4256 poena,
1531 4157 1671 4234 scilicet
1693 4157 1844 4235 amissio
1866 4182 1983 4233 mem-

393 4278 562 4368 brorum,
578 4277 636 4356 ut¹
653 4279 702 4356 sit
717 4277 932 4354 membrum
948 4303 1020 4377 pro
1037 4277 1220 4366 membro,
1237 4275 1340 4375 quia⁸
1357 4276 1468 4373 virgo
1483 4299 1571 4352 cum
1588 4275 1849 4375 corrumpitur
1865 4300 1982 4352 mem·

393 4398 507 4473 brum
526 4396 680 4472 amittit.
701 4396 760 4474 Et
779 4395 879 4473 ideo⁴
899 4393 1117 4494 corruptor⁶
1138 4395 1324 4494 puniatur
1344 4395 1385 4469 in
1406 4419 1450 4469 eo
1472 4395 1512 4470 in
1533 4393 1623 4493 quo⁸
1645 4393 1816 4492 deliquit.
1839 4391 1983 4470 Oculos

392 4515 513 4613 igitur
528 4513 696 4591 amittat*
713 4524 874 4614 propter
889 4523 1088 4614 aspectum
1105 4513 1249 4590 decoris
1266 4539 1342 4611 quo
1359 4512 1547 4610 virginem
1562 4511 1793 4611 concupivit.
1810 4511 1984 4588 Amittat

394 4733 422 4768 ⁶⁴
432 4734 597 4807 inducitur,
624 4732 693 4809 OB,
720 4732 796 4807 MA,
822 4732 899 4808 MB,
925 4733 964 4792 Y.
1013 4728 1079 4764 ⁸⁸⁸⁸⁸
1090 4729 1203 4809 quand.
1231 4729 1356 4792 membr.
1385 4734 1475 4803 sicut,
1503 4729 1582 4806 MG,
1609 4729 1688 4801 CM;
1716 4727 1830 4806 quand.
1857 4727 1981 4789 membr.

393 4838 548 4897 truncatio
567 4839 657 4908 siout,
675 4834 715 4907 V,
733 4832 802 4908 OB,
822 4833 897 4909 MA,
918 4831 993 4906 ΜΒ,
1014 4833 1086 4905 CE;
1106 4852 1135 4910 q.
1155 4854 1194 4893 m.
1215 4831 1427 4909 ἰ(ιιιιιιοειῐίο)
1451 4829 1654 4891 membrorum
1674 4834 1763 4907 siout,
1783 4831 1822 4892 Y.
1864 4829 1890 4864 δ’
1902 4831 1983 4904 Om,

394 4936 463 5011 OA,
484 4936 551 5010 LA,
573 4934 640 5011 CB,
663 4935 736 4996 MC.
780 4932 939 5010 ⁸⁸·⁸⁰Om.,
960 4933 1028 5007 OC,
1050 4933 1123 4994 CM.
1167 4930 1375 5011 '’praedandi',
1397 4932 1442 5005 V;
1466 4931 1625 5010 predicta,
1648 4932 1731 5004 MG;
1755 4931 1818 4993 alia
1841 4933 1890 5008 de,
1913 4932 1984 5007 OB,

395 5036 471 5112 MA,
489 5038 566 5111 MB,
585 5037 639 5098 CE
663 5035 823 5113 (-alia).
865 5032 983 5110 ⁶²Om.,
1002 5034 1072 5107 OA,
1090 5034 1160 5110 OB,
1179 5036 1255 5109 MA,
1275 5034 1351 5108 MB,
1370 5033 1436 5094 ΟΕ.
1478 5032 1597 5110 ⁸¹Om.,
1618 5034 1692 5094 MA.
1735 5031 1893 5109 ⁸⁸¹⁰⁴Om.,
1914 5034 1984 5109 OB,

395 5137 470 5198 MA.
516 5135 635 5211 ⁸⁶Om.,
659 5136 736 5210 MG,
760 5136 832 5196 CM.
879 5133 980 5212 ”abb
1004 5135 1074 5210 OB,
1099 5135 1175 5210 MA,
1199 5135 1281 5207 MB;
1307 5133 1396 5213 *(et)
1423 5133 1487 5208 ubi,
1512 5134 1551 5196 Y.
1596 5134 1715 5212 ‘'Om,
1740 5136 1779 5212 V,
1806 5136 1883 5211 MG,
1909 5137 1983 5198 CM.

394 5236 513 5313 ⁸⁸Om,
530 5235 599 5311 OB,
618 5238 693 5312 MA,
712 5236 787 5297 MB.
827 5233 854 5269 ⁶⁹
865 5235 1011 5311 valorem,
1030 5235 1108 5309 MG,
1126 5235 1199 5295 CM.
1240 5233 1358 5311 ²⁰Om.,
1376 5235 1454 5312 MG,
1473 5237 1546 5297 CM.
1586 5235 1613 5270 ²²
1625 5245 1732 5314 ponat,
1752 5239 1829 5314 MG,
1849 5239 1921 5300 CM.

477 5337 582 5412 ²Om.,
600 5337 670 5412 OB,
690 5337 766 5411 MA,
784 5336 861 5411 MB,
880 5335 945 5398 CB.
985 5334 1023 5370 Μ
1035 5343 1070 5398 ut
1089 5336 1125 5398 fit
1144 5335 1279 5398 membro
1298 5339 1380 5414 quia,
1400 5338 1469 5412 OB,
1489 5339 1566 5415 MA,
1585 5339 1662 5413 MB,
1682 5339 1748 5399 CB.
1790 5338 1894 5416 ⁴Om.,
1914 5340 1986 5418 OB,

395 5441 471 5516 MA,
492 5439 568 5501 MB.
612 5437 650 5472 ⁶¹⁸
661 5446 822 5518 correptor
844 5457 918 5517 pun.
941 5441 973 5498 ln
996 5457 1031 5498 eo
1053 5437 1145 5516 quod,
1168 5438 1246 5514 MG,
1268 5440 1342 5500 CM.
1386 5436 1542 5517 'amittet
1566 5441 1644 5518 MG,
1666 5441 1746 5515 CM;
1769 5446 1894 5516 amittit,
1916 5441 1984 5504 00.
