4432 6336
371 489 443 559 162
902 478 1124 540 BRACTON:
1146 480 1207 540 DE
1231 479 1423 541 LEGIBUS

369 633 418 710 de
440 631 610 710 Ricardo
634 631 682 709 de
704 631 827 706 Wika
849 640 888 707 et
911 630 1040 729 priore
1063 631 1111 707 de
1136 628 1418 730 Tywardray,⁸⁷
1442 628 1561 706 assisa
1583 629 1728 706 ultimae
1753 639 1959 729 praesenta·

369 753 484 831 tionis
507 751 733 830 deecclesia
756 752 803 828 de
825 751 958 840 Wika,
982 752 1047 827 uhi
1070 776 1148 827 non
1170 751 1292 829 valuit
1316 751 1473 828 donatio
1497 752 1604 828 faeta
1627 753 1675 828 de
1699 753 1959 839 advocatione,

370 874 461 974 quia
479 872 571 950 ille⁸⁸
591 873 656 972 qui
676 872 781 950 dedit
800 897 1012 970 numquam
1032 872 1109 948 fuit
1129 872 1170 947 in
1190 873 1327 949 seisina
1346 871 1615 971 praesentandi,
1637 897 1706 948 nec
1726 882 1871 950 terram
1893 873 1959 947 ali·

370 995 400 1073 f.
415 996 484 1088 54]
541 1019 657 1093 quam
676 993 810 1070 habuit
830 993 871 1069 in
890 992 982 1069 villa
1001 992 1067 1070 illa
1087 995 1138 1070 ad
1158 1019 1275 1093 quam
1297 993 1496 1070 advocatio
1517 992 1583 1070 illa
1605 993 1734 1093 potuit
1755 994 1959 1092 pertinere,

369 1115 544 1216 quamvis
576 1115 708 1192 multa
742 1113 1050 1191 confirmationes
1086 1115 1353 1213 episcoporum
1386 1124 1425 1191 et
1460 1113 1704 1191 dominorum
1737 1114 1962 1214 capitalium

369 1237 673 1314 intervenissent.
694 1237 864 1335 Oportet
882 1236 1015 1333 igitur¹
1034 1235 1138 1334 quod
1156 1236 1355 1313 advocatio
1374 1261 1462 1312 eum
1480 1261 1522 1312 re
1539 1236 1731 1335 corporali
1749 1237 1959 1313 transfera-

369 1367 546 1435 turcum
567 1357 825 1434 seishraillius
847 1358 913 1457 qui
934 1357 1136 1446 transfert,
1158 1357 1219 1434 vel
1241 1357 1400 1435 aliuuus
1423 1366 1707 1434 antecessorum
1729 1383 1898 1446 suorum,
1921 1367 1960 1434 et

369 1503 458 1556 cum
476 1479 529 1556 sie
547 1479 655 1555 facta
673 1479 792 1580 fuerit
813 1478 969 1555 donatio
988 1479 1248 1556 advocationis
1267 1505 1355 1556 eum
1374 1486 1606 1567 tenemento,
1628 1480 1735 1555 facta
1754 1479 1961 1556 traditione

370 1598 424 1674 rei
440 1597 661 1698 corporahs,
676 1596 851 1674 videlieet
866 1596 1087 1686 tenementi‚
1104 1597 1236 1674 statim
1252 1597 1387 1696 incipit
1404 1598 1627 1674 donatarius
1645 1598 1839 1697 possidere
1856 1607 1959 1674 tene·

370 1725 544 1793 mentum
566 1716 675 1805 illud,
699 1725 738 1794 et
760 1716 870 1816 quasi
892 1714 1087 1815 possidere
1111 1716 1169 1792 ius
1193 1715 1468 1816 praesentandi:
1495 1716 1671 1792 seisinam
1696 1725 1827 1793 autem
1850 1739 1960 1791 num-

370 1860 488 1934 quam
507 1835 661 1912 habebit
681 1844 889 1934 antequam
909 1834 1065 1911 ecclesia
1085 1833 1278 1912 vacaverit
1299 1834 1357 1911 ut²
1378 1844 1472 1911 tunc
1493 1843 1726 1934 prasentare
1747 1833 1880 1934 possit.
1903 1834 1961 1909 Et

370 1954 474 2030 unde
490 1954 522 2030 si
536 1954 694 2030 donatio
710 1954 817 2030 facta
833 1953 952 2030 fuerit
968 1962 1124 2030 tantum
1140 1952 1342 2030 donatario
1360 1952 1440 2030 sine
1457 1952 1671 2041 heredibus,
1690 1953 1721 2031 si
1738 1953 1778 2028 in
1795 1953 1875 2029 vita
1892 1978 1962 2030 sua

370 2071 575 2162 vacaverit,
597 2082 829 2172 prasentare
850 2073 994 2172 poterit
1017 2072 1134 2149 etuti
1157 2071 1295 2148 seisina
1315 2097 1395 2148 sua.
1420 2071 1463 2148 Si
1487 2081 1616 2148 autem
1638 2097 1728 2160 non,
1751 2071 1962 2148 remanebit

370 2190 617 2291 praesentatio
634 2215 722 2269 cum
741 2191 938 2279 donatore,
957 2190 1018 2266 vel
1036 2191 1067 2267 si
1085 2189 1191 2266 illam
1209 2190 1249 2264 in
1268 2191 1349 2265 vita
1367 2216 1437 2266 sua
1454 2189 1604 2267 dederit
1622 2190 1735 2265 alicui
1755 2199 1962 2289 antequam

372 2321 493 2402 vacet,
520 2337 599 2388 non
625 2310 767 2388 valebit
794 2308 951 2386 donatio
978 2334 1026 2384 ex
1053 2335 1129 2407 quo
1155 2333 1234 2384 non
1261 2308 1338 2384 fuit
1365 2308 1406 2383 in
1433 2308 1571 2385 seisina
1597 2308 1867 2407 praesentandi,
1895 2308 1962 2385 sed

371 2429 584 2508 remanebit
601 2455 689 2506 cum
706 2429 903 2507 donatore.
924 2427 966 2502 Si
986 2435 1116 2504 autem
1134 2426 1199 2504 sic⁸
1218 2427 1325 2503 facta
1344 2426 1464 2503 fuerit
1483 2426 1651 2514 donatio,
1670 2425 1742 2503 sibi
1760 2437 1798 2503 et
1817 2426 1962 2504 heredi·

373 2549 445 2627 bus
467 2548 558 2637 aab,
582 2546 627 2625 si⁴
651 2547 691 2623 in
714 2547 795 2624 vita
820 2546 1011 2625 donatarii
1035 2571 1114 2623 non
1138 2545 1332 2621 vacaverit
1358 2545 1461 2644 quod
1486 2554 1718 2644 prasentare
1743 2546 1877 2644 possit,
1903 2545 1962 2622 ius

370 2677 503 2745 tamen
523 2666 780 2766 praesentandi
802 2665 1032 2742 transmittit
1053 2664 1103 2740 ad
1123 2664 1279 2740 heredes
1302 2689 1390 2741 suos
1411 2665 1651 2764 propinquos
1672 2671 1712 2740 et
1734 2673 1900 2740 remotos
1923 2664 1964 2739 in

372 2787 579 2876 infinitum,
606 2786 654 2862 de
679 2785 817 2862 seisina
843 2783 1039 2861 donatoris
1065 2793 1105 2860 et
1130 2783 1314 2859 warranti
1341 2781 1411 2871 sui,
1438 2781 1537 2859 sieut
1563 2784 1613 2859 de
1640 2782 1777 2859 seisina
1804 2781 1962 2858 alicuius

372 2906 637 2985 antecessoris:
654 2915 694 2983 et
709 2904 934 2982 donatarius
950 2930 1102 3003 semper
1117 2929 1165 2979 ex
1182 2903 1387 2981 donatione
1404 2913 1461 2981 est
1479 2903 1586 3004 quasi
1603 2904 1643 2979 in
1660 2903 1907 3002 possessione,
1925 2912 1963 2980 et

371 3025 526 3102 videtur
540 3025 598 3101 uti
614 3024 733 3100 donec
750 3023 927 3100 saisinam
943 3021 1111 3099 amiserit
1126 3048 1198 3121 per
1213 3046 1292 3099 non
1307 3047 1432 3110 usum,
1448 3021 1519 3097 hoc
1536 3031 1594 3098 est
1612 3021 1642 3097 si
1660 3021 1886 3098 donatorem
1903 3019 1963 3096 vel

372 3143 490 3220 alium
507 3168 555 3219 ex
570 3141 809 3240 negligentia
822 3140 882 3217 vel
899 3140 1088 3240 patientia
1104 3165 1175 3218 sua
1190 3149 1422 3240 prasentare
1439 3138 1655 3239 permiserit
1672 3137 1737 3215 ad‘
1755 3137 1964 3216 ecclesiam⁸

372 3287 461 3339 cum
478 3261 682 3349 vacaverit,
702 3286 779 3359 quo
797 3283 888 3335 casu
907 3283 1119 3357 numquam
1139 3258 1381 3357 recuperabit
1401 3256 1496 3357 ipse'
1516 3282 1586 3334 nec
1605 3257 1761 3334 heredes
1782 3257 1852 3346 sui,
1874 3256 1964 3357 quia

373 3404 495 3456 vacua
519 3379 592 3456 erit
616 3389 724 3455 carta
749 3387 789 3455 et
814 3378 971 3454 donatio
996 3378 1076 3454 sine
1103 3376 1250 3454 seisina.
1279 3377 1323 3453 Si
1349 3385 1479 3453 autem
1506 3376 1729 3453 donatarius
1756 3386 1964 3475 antequam

372 3498 529 3576 ecclesia
551 3497 617 3573 illa
638 3497 842 3586 vacaverit,
865 3496 925 3572 vel
949 3505 1156 3595 antequam
1178 3494 1478 3595 praesentaverit,
1502 3495 1563 3571 vel
1585 3495 1742 3570 heredes
1766 3495 1824 3570 sui
1848 3495 1962 3571 advo·

372 3616 563 3695 cationem
581 3616 686 3692 illam
706 3615 882 3693 dederint
902 3614 1025 3702 alicui,
1044 3638 1132 3690 cum
1151 3620 1370 3690 tenemento
1389 3612 1450 3689 vel
1472 3611 1563 3702 sine,
1584 3637 1663 3688 non
1682 3612 1824 3691 valebit
1846 3613 1963 3689 dona-

372 3735 440 3824 tio,
459 3735 551 3834 quia
570 3734 742 3833 quamvis
763 3734 821 3811 ius
841 3733 1099 3832 praesentandi
1117 3733 1369 3820 transferant,
1391 3741 1521 3808 tamen
1542 3730 1718 3808 seisinam
1739 3757 1818 3807 non
1838 3741 1963 3808 trans-

374 3856 507 3936 ferunt
527 3881 643 3954 quam
662 3879 741 3929 non
758 3852 918 3930 habent:
939 3855 1006 3931 sed
1025 3878 1176 3952 semper
1195 3852 1407 3928 remanebit
1426 3877 1515 3927 eum
1533 3851 1720 3928 donatore
1741 3851 1807 3950 qui
1828 3850 1965 3927 ultimo

372 3972 632 4073 presentavit,
649 3972 721 4050 nisi
739 3973 843 4049 forte
860 3972 909 4049 sit
927 3972 982 4049 ita
1000 3972 1103 4070 quod
1121 3970 1277 4047 donatio
1295 3971 1401 4047 facta
1419 3969 1468 4047 sit
1486 3969 1688 4047 donatario
1706 3978 1745 4046 et
1762 3970 1964 4046 heredibus

374 4092 463 4181 suis,
485 4091 545 4168 vel
566 4091 627 4167 cui
648 4092 740 4168 dare
761 4090 822 4167 vel
843 4092 1040 4189 assignare
1059 4088 1235 4176 voluerit,
1259 4098 1421 4189 propter
1442 4088 1601 4166 modum
1623 4088 1850 4177 donationis,
1874 4089 1965 4187 quia

375 4210 566 4286 donatarii
593 4201 632 4285 et
659 4208 845 4307 assignati
871 4218 985 4285 erunt
1013 4209 1096 4284 loco
1123 4207 1318 4283 heredum.
1349 4207 1427 4283 Sed
1455 4206 1501 4283 si⁸
1528 4232 1616 4283 cum
1643 4205 1752 4282 nulla
1779 4207 1886 4283 facta
1914 4207 1965 4282 sit

373 4329 517 4406 mentio
533 4329 580 4405 de
595 4329 811 4427 assignatis,
828 4327 1051 4405 donatarius
1067 4327 1127 4402 vel
1144 4327 1224 4402 eius
1240 4325 1397 4402 heredes
1413 4325 1591 4402 dederint
1607 4324 1668 4401 vel
1685 4324 1965 4424 assignaverint

374 4454 582 4545 antequam
608 4446 784 4523 saisinam
808 4445 1024 4534 habuerint,
1051 4454 1089 4522 et
1116 4444 1339 4521 donatarius
1365 4443 1425 4520 vel
1451 4445 1668 4541 assignatus
1695 4466 1784 4518 cum
1808 4441 1965 4520 ecclesia

373 4563 567 4640 vacaverit
584 4563 899 4663 praesentaverit,⁹
918 4573 957 4641 et
976 4587 1047 4661 per
1064 4561 1340 4660 negligentiam
1358 4561 1447 4638 vel²⁰
1466 4561 1694 4661 patientiam
1713 4561 1828 4661 primi
1847 4561 1964 4638 dona-

372 4683 462 4761 tarii
479 4682 666 4759 admissus
683 4683 802 4759 fuerit
818 4681 976 4758 clericus
994 4682 1044 4758 ad
1060 4706 1193 4759 eorum
1210 4680 1556 4780 presentationem,
1574 4681 1626 4756 sic
1643 4679 1825 4779 incipient
1845 4679 1964 4778 possi·

374 4802 465 4877 dere
489 4826 538 4878 ex
561 4799 798 4898 negligentia
821 4799 888 4876 et²²
912 4799 1100 4899 patientia
1125 4799 1299 4888 aliorum,
1324 4809 1363 4877 et
1387 4799 1544 4899 incipiet
1569 4797 1696 4876 valere
1720 4799 1890 4888 donatio,
1915 4823 1965 4875 ex

374 4999 400 5035 ⁸²
413 4998 609 5078 Triwarday,
634 5000 822 5079 Tyvvarday,
848 4998 1068 5079 Tyvvardrayt‚
1093 4999 1319 5080 Tyvvardrayd,
1346 4998 1558 5076 Triwardray,
1584 4997 1772 5078 yWardray,
1798 4998 1965 5075 Cumdray,

278 5107 285 5124 ⁶
375 5101 553 5174 Tilvvardr.,
568 5100 660 5164 MSS.
676 5121 741 5162 var.
777 5099 805 5134 ⁸⁸
815 5105 894 5179 ipae,
908 5101 977 5176 OB,
993 5103 1069 5177 MA,
1084 5101 1161 5176 ΜΒ,
1176 5103 1248 5163 CM.

458 5200 562 5277 ²om,
575 5202 651 5276 Mn,
665 5203 740 5278 Mn,
753 5203 933 5282 cuam,
944 5201 1012 5264 os.
1036 5201 1103 5277 ἐι,
1114 5203 1154 5278 ν,
1168 5203 1245 5276 Mo,
1258 5204 1298 5276 v,
1310 5204 1376 5266 oo.
1401 5200 1585 5278 ⁸om.,0n,
1596 5203 1671 5278 MA,
1682 5204 1756 5264 un.
1782 5201 1965 5284 ⁴om.,on‚

376 5301 541 5376 unus.
566 5300 603 5335 Μ
615 5302 695 5377 om,
708 5303 777 5376 oa,
791 5304 868 5378 un,
882 5303 957 5364 Mn.
982 5301 1077 5379 ersa,
1091 5304 1157 5377 LA,
1172 5304 1210 5364 v.
1237 5302 1517 5380 ⁸0m.,013,MB,
1535 5304 1591 5382 (ΔΓ
1606 5305 1782 5382 Mn),oc.
1809 5304 1966 5383 ⁹1>er-

374 5404 521 5477 taverut,
540 5401 609 5476 on,
628 5403 695 5478 an,
716 5403 784 5478 oc,
804 5404 871 5477 cn,
892 5405 932 5479 v,
953 5404 1027 5464 no.
1069 5403 1156 5466 ²⁰ve1
1176 5426 1244 5484 per,
1264 5406 1304 5480 v,
1324 5406 1393 5484 on,
1415 5407 1481 5481 LA,
1502 5408 1577 5481 cu,
1599 5408 1672 5469 no.
1715 5407 1742 5441 ²²
1754 5407 1814 5482 vel,
1835 5407 1874 5481 v,
1896 5406 1964 5468 on.
