4374 6366
771 497 832 558 DE
855 496 1059 558 PLACITIS
1082 497 1271 561 CORONAE
1743 509 1818 578 865

230 655 354 723 morte
367 646 468 735 talis,
483 655 522 723 et
536 670 653 745 quam
666 648 793 724 tenuit
808 647 951 736 detali,
968 649 1096 726 extitit
1112 649 1153 724 in
1167 675 1286 724 manu
1302 659 1436 726 nostra
1451 677 1521 750 per
1537 677 1659 729 unum
1674 679 1820 730 annum

229 773 269 840 et
291 763 440 840 unum⁴'
464 764 576 853 diem,
601 765 670 841 tibi
693 766 934 865 praecipimus
958 767 1062 865 quod
1085 767 1207 843 eidem
1230 767 1300 844 tali
1325 768 1372 844 de
1396 769 1580 867 praedicta
1604 765 1710 846 terra
1732 796 1820 847 cum

229 883 470 983 pertinentiis
492 883 572 959 sine
594 883 776 960 dilatione
798 882 1040 983 plenariam⁴⁸
1064 885 1240 962 seisinam
1261 886 1400 962 habere
1424 887 1555 963 facias.
1580 889 1698 965 Teste
1720 899 1819 966 etce-

229 1009 324 1077 tera.
342 1000 473 1077 Item⁴⁴
488 1001 594 1078 aliud
607 1003 657 1078 de
671 1001 844 1078 eodem.⁴⁸

328 1125 454 1202 Aliud
468 1124 581 1203 breve
596 1126 645 1203 de
660 1126 794 1203 eadem
809 1127 971 1204 materia
985 1127 1033 1205 de
1048 1127 1287 1206 restituenda
1302 1138 1416 1206 terra.

228 1250 325 1326 REX
342 1249 551 1325 vicecomiti
570 1250 745 1327 salutem.
765 1251 1017 1350 Praecipimus
1034 1252 1105 1329 tibi
1125 1253 1228 1351 quod
1247 1253 1278 1328 si
1297 1261 1402 1329 terra
1421 1278 1505 1353 quae
1524 1255 1601 1331 fuit
1620 1256 1673 1330 A.
1694 1253 1733 1332 et
1752 1256 1818 1355 qui

228 1368 427 1466 utlagatus
445 1377 503 1444 est
522 1368 570 1444 de
587 1394 708 1466 regno
726 1377 859 1445 nostro
878 1379 916 1447 et
936 1371 1131 1446 convictus
1152 1371 1199 1447 de
1217 1370 1429 1460 latrocinio,
1449 1373 1621 1449 extiterit
1640 1373 1681 1449 in
1700 1399 1817 1450 manu

228 1495 361 1563 nostra
375 1512 580 1585 perunum
595 1513 739 1563 annum
754 1497 792 1564 et
806 1487 955 1563 unum⁴⁰
970 1489 1083 1576 diem,
1100 1489 1197 1566 sicut
1212 1516 1292 1566 esse
1308 1489 1420 1567 debet
1437 1491 1646 1568 secundum
1661 1516 1817 1567 consue-

227 1605 403 1681 tudinem
423 1605 533 1704 regni
555 1606 688 1694 nostri,
711 1615 806 1683 tunc
827 1606 967 1682 habere
992 1607 1112 1682 facias
1135 1609 1184 1682 B.
1209 1607 1366 1707 capitali
1390 1609 1543 1685 domino
1568 1610 1744 1686 seisinam
1769 1610 1818 1686 de

228 1722 412 1821 praedicta
429 1731 546 1812 terra,
565 1748 650 1822 quae
668 1724 746 1800 fuit
764 1722 912 1822 ipsius⁴'
932 1725 984 1800 A.
1005 1724 1045 1800 in
1065 1724 1205 1802 balliva
1224 1734 1295 1801 tua
1313 1736 1352 1802 et
1372 1752 1488 1824 quam
1507 1727 1633 1803 tenuit
1651 1726 1700 1803 de
1720 1753 1816 1827 prae-

228 1841 330 1917 dicto
354 1844 416 1930 Β.,
441 1851 480 1918 et
504 1867 588 1940 quae
611 1850 726 1941 capta
752 1842 829 1919 fuit
852 1843 893 1917 in
916 1868 1034 1919 manu
1060 1853 1232 1920 nostram
1257 1845 1452 1920 occasione
1477 1845 1671 1943 praedieta.
1699 1847 1816 1922 Teste

226 1967 403 2035 etcetera.
423 1957 555 2036 Item⁴⁸
572 1959 677 2036 aliud
693 1960 742 2036 de
758 1961 891 2036 eodem
909 1962 939 2037 si
956 1961 996 2036 in
1011 1960 1197 2037 comitatu
1215 1962 1334 2038 fuerit
1352 1963 1436 2061 quis
1453 1961 1693 2060 utlagatus.⁴⁹

325 2084 372 2161 Si
391 2094 496 2160 terra
514 2083 668 2161 dalaia
687 2085 934 2183 maritapium
955 2109 1042 2160 cum
1061 2085 1142 2183 filia
1163 2085 1321 2162 urata
1341 2088 1389 2163 de
1410 2086 1621 2164 hereditate
1641 2097 1817 2165 materna

326 2201 498 2278 estiterit
519 2201 562 2279 io
585 2227 704 2278 manu
727 2203 828 2300 repis
849 2227 921 2302 per
945 2228 1089 2279 annom
1113 2214 1152 2280 et
1176 2204 1289 2291 diem
1313 2229 1385 2302 per
1407 2204 1591 2299 feloniam
1616 2230 1732 2304 quam
1757 2206 1816 2283 vir

324 2319 446 2418 ipsius
459 2319 549 2418 filtae
563 2319 711 2414 fecerit,
727 2320 840 2398 breve
854 2320 902 2398 de
916 2320 1170 2430 restitutione.

225 2444 322 2520 Rrx
342 2442 552 2519 vicecomiti
574 2444 748 2520 salutem.
773 2445 1011 2521 Monstravit
1034 2445 1142 2521 nobis
1165 2447 1217 2521 A.
1243 2447 1456 2545 quodcum
1479 2449 1528 2522 B.
1552 2447 1612 2522 vir
1634 2473 1725 2524 suus
1749 2446 1814 2546 qui

223 2569 399 2639 mortuus
413 2571 471 2638 est
486 2572 525 2639 et
538 2563 624 2661 ipsa
637 2561 719 2637 A.⁸⁰
734 2562 927 2640 dedissent
941 2563 987 2639 Ο.
1002 2572 1155 2640 tantam
1169 2573 1313 2639 terram
1329 2589 1416 2641 cum
1431 2565 1673 2663 pertinentiis
1688 2565 1730 2640 in
1744 2565 1813 2642 tali

223 2679 316 2755 villa
332 2681 373 2755 in
390 2681 638 2778 maritagium
656 2705 744 2756 cum
760 2680 815 2756 D.
834 2681 914 2756 filia
932 2706 1002 2756 sua
1019 2682 1067 2758 de
1085 2682 1297 2758 hereditate
1316 2681 1435 2781 ipsius
1454 2683 1520 2770 A.‚
1540 2682 1745 2782 praedictus
1766 2683 1812 2766 C.

223 2806 390 2874 rettatus
407 2798 456 2874 de
473 2806 598 2874 morte
616 2797 695 2874 ΕΡ
715 2799 819 2896 fugit
838 2824 911 2897 pro
928 2807 1052 2876 morte
1070 2797 1164 2874 illa⁸²
1182 2809 1221 2877 et
1239 2800 1364 2876 noluit
1382 2810 1485 2876 stare
1504 2800 1555 2877 ad
1573 2801 1754 2877 iudicium
1774 2810 1813 2877 et

222 2916 592 2992 considerationem⁶⁸
610 2917 814 2994 comitatus
834 2917 934 3006 talis,
953 2918 1239 3016 propterquod
1259 2918 1443 3016 praedicta
1461 2927 1568 2994 terra
1586 2943 1674 2994 cum
1694 2917 1811 3017 perti-

222 3034 361 3111 nentiis
382 3034 536 3111 devenit
557 3034 597 3111 in
616 3060 775 3111 manum
796 3045 980 3124 nostram,
1002 3045 1041 3112 et
1062 3035 1102 3111 in
1122 3062 1241 3113 manu
1263 3044 1396 3112 nostra
1417 3036 1547 3113 extitit
1570 3062 1640 3135 per
1662 3035 1811 3112 unum⁸⁴

222 3177 368 3227 annum
388 3161 427 3229 et
447 3177 569 3229 unum
588 3152 717 3229 diem⁶⁶
739 3163 777 3230 et
798 3179 843 3229 eo
864 3153 1029 3252 amplius
1050 3162 1095 3229 ut
1117 3154 1267 3231 dicitur.
1290 3154 1348 3228 Et
1370 3154 1455 3230 ideo
1476 3154 1545 3230 tibi
1568 3154 1810 3254 praecipimus

222 3271 326 3368 quod
340 3270 550 3347 secundum
565 3270 690 3368 legem
705 3280 744 3347 et
760 3272 1074 3348 consuetudinem
1090 3273 1200 3369 regni
1215 3272 1337 3348 nostri
1353 3272 1520 3370 Angliae‚
1537 3272 1728 3371 praedjetae
1744 3273 1810 3360 Α.,

222 3388 269 3463 de
284 3387 391 3465 cuius
407 3388 521 3464 feodo
537 3389 722 3487 praedicta
735 3396 841 3465 terra
855 3398 972 3466 estut
988 3390 1091 3478 dicit,
1108 3389 1175 3466 et⁶⁶
1192 3391 1241 3465 ad
1258 3416 1374 3488 quam
1391 3391 1530 3466 reverti
1547 3390 1660 3467 debet
1678 3415 1809 3466 secun-

220 3506 314 3582 dum
329 3505 486 3582 assisam
501 3508 612 3604 regni
627 3506 760 3595 nostri,
777 3506 857 3583 sine
872 3506 1054 3583 dilatione
1071 3506 1310 3607 plenariam⁶'
1328 3507 1504 3585 seisinam
1520 3508 1659 3585 habere
1677 3509 1808 3584 facias.

221 3623 285 3700 Ne
299 3625 464 3723 amplius
479 3634 655 3702 etcetera.
672 3626 790 3702 Teste
805 3633 981 3702 etcetera.
998 3626 1202 3726 Contingit
1219 3626 1448 3725 quandoque
1464 3627 1567 3725 quod
1583 3626 1647 3702 ille
1662 3626 1724 3702 cui
1740 3652 1810 3702 rex

218 3741 427 3819 terminum
453 3768 565 3818 suum
589 3743 773 3820 concessit
797 3743 902 3820 infra
927 3768 1072 3820 annum
1096 3753 1135 3820 et
1161 3744 1262 3820 diem
1284 3752 1431 3820 terram
1456 3744 1609 3832 alienat,
1634 3744 1695 3820 vel
1721 3770 1809 3820 cum

220 3858 325 3936 illam
347 3857 478 3935 forte⁶⁸
499 3858 539 3935 in
560 3885 679 3936 manu
702 3886 772 3936 sua
792 3861 959 3938 tenuerit
981 3861 1087 3937 illam
1109 3861 1265 3960 capitali
1287 3860 1442 3937 domino
1465 3887 1543 3937 non
1565 3862 1746 3950 restituit,
1769 3870 1808 3938 et

220 3976 325 4074 qu0⁸⁹
338 3976 456 4053 casu⁰⁰
471 3978 541 4054 fiat
555 3978 670 4054 breve
682 3978 892 4054 vicecomiti
908 3978 948 4054 in
961 3978 1031 4053 hac
1046 3979 1184 4054 forma.

318 4102 459 4189 Breve,
472 4101 505 4177 ai
518 4125 588 4178 rea
602 4101 824 4180 alienamdt
837 4101 945 4196 infra
959 4101 1165 4178 terminum
1180 4127 1292 4178 suum
1308 4101 1370 4179 vel
1385 4100 1515 4178 ballivi
1529 4102 1600 4178 aui.

218 4225 315 4302 Rrx
330 4224 541 4300 vicecomiti
558 4225 732 4301 salutem.
751 4225 925 4323 Praecipe
941 4226 994 4300 A.
1013 4224 1116 4324 quod
1133 4225 1232 4302 iuste
1250 4235 1415 4302 etcetera
1432 4225 1571 4302 reddat
1588 4227 1636 4301 B.
1656 4234 1808 4302 tantam

218 4353 364 4421 terram
381 4369 469 4420 cum
486 4345 727 4443 pertinentiis
746 4344 786 4421 in
803 4344 873 4421 tali
892 4344 994 4433 villa,
1015 4345 1112 4421 etin
1132 4372 1248 4445 quam
1267 4370 1345 4422 non
1365 4345 1479 4422 habet
1499 4346 1714 4444 ingressum
1735 4345 1808 4422 nisi

219 4487 290 4560 per
304 4487 373 4539 nos
390 4463 455 4561 qui
470 4472 615 4539 terram
630 4463 735 4539 illam
752 4465 785 4539 ei
800 4465 1056 4540 commisimus
1073 4463 1170 4563 per⁸¹
1186 4489 1307 4540 unum
1324 4489 1468 4540 annum
1486 4473 1525 4541 et
1540 4461 1689 4540 unum⁸²
1706 4463 1809 4540 diem

218 4592 424 4682 postquam
439 4583 480 4658 in
495 4608 632 4659 manus
647 4593 799 4660 nostras
815 4584 980 4672 devenit,
998 4594 1036 4662 et
1053 4610 1169 4683 quam
1185 4585 1273 4661 talis
1289 4584 1413 4661 tenuit
1431 4585 1497 4683 qui
1512 4584 1712 4682 utlagatus
1730 4583 1807 4660 fuit

218 4725 292 4798 pro
311 4708 435 4777 morte
455 4699 544 4778 talis
564 4702 626 4777 vel
647 4726 854 4800 suspensus
875 4703 923 4778 de
944 4703 1003 4790 C.,
1025 4712 1137 4801 patre
1158 4701 1246 4778 vel⁰⁸
1268 4701 1369 4779 av0⁸⁴
1389 4702 1450 4777 vel
1474 4701 1548 4778 alio
1570 4710 1807 4778 antecessore

217 4913 336 4990 ⁴’Om.‚
362 4918 440 4991 ΜΟ,
466 4916 533 4992 ΟΟ,
559 4917 632 4979 ΟΜ.
680 4916 706 4951 ⁴⁸
718 4918 868 4995 plenarie,
894 4919 961 4995 LA,
988 4920 1071 4992 MG;
1098 4919 1229 4997 plenam,
1257 4920 1331 4993 CM,
1359 4919 1397 4980 Y.
1446 4916 1605 4994 “'⁴⁶Om.,
1632 4919 1701 4995 OB,
1729 4919 1805 4994 MA,

218 5015 294 5091 un,
320 5016 387 5092 ca,
413 5017 477 5078 oc.
526 5016 644 5094 ⁴⁸0m„
670 5018 747 5093 us,
773 5019 848 5093 cu,
874 5020 940 5081 oc,
989 5018 1177 5098 *τριήρη
1203 5020 1244 5094 ν,
1271 5021 1345 5081 cu.
1393 5017 1605 5091 *semesas
1632 5020 1710 5095 uc,
1738 5019 1805 5093 oc,

217 5114 292 5177 ua,
330 5115 358 5149 ⁸⁰
369 5118 450 5192 orn„
464 5117 534 5192 on,
551 5117 627 5193 uA,
644 5119 719 5179 un.
757 5117 783 5152 ⁸1
795 5123 864 5195 var,
881 5121 950 5194 os,
967 5121 1043 5196 un,
1060 5121 1134 5182 ua.
1173 5118 1200 5153 ⁸²
1211 5139 1277 5195 sua,
1295 5122 1372 5197 un,
1389 5121 1467 5197 uo,
1484 5122 1558 5182 cu.
1597 5119 1623 5154 ⁵⁸
1635 5119 1806 5196 amnium,

216 5217 292 5294 MA,
304 5219 373 5293 OB,
386 5219 453 5294 ΟΕ,
466 5219 539 5281 ΜΟ.
573 5217 1167 5298 ΙΜἰιιιιιιιιιιι’.ῐι1ἰοι,ΜΟ,ΟΜ,ΟΟ.
1202 5221 1228 5256 ³⁸
1240 5222 1321 5298 Om,
1333 5224 1402 5298 OB,
1417 5221 1492 5299 MA,
1506 5224 1582 5284 ΜΒ.
1616 5221 1643 5256 ‘i
1654 5222 1805 5301 plenarie,

216 5317 300 5393 MG;
318 5318 450 5398 piem,
468 5321 542 5397 cM,
560 5321 627 5397 OC,
645 5321 684 5383 Y.
724 5318 842 5397 ⁸⁸Om,
860 5323 930 5399 ΟΒ,
948 5323 1025 5398 MA,
1043 5324 1119 5400 ΜΒ,
1138 5322 1204 5384 ΟΕ.
1243 5321 1309 5357 ⁸⁰⁴⁰
1321 5344 1382 5403 qna
1400 5343 1504 5401 causa,
1524 5325 1601 5399 MG,
1620 5326 1694 5386 ΟΜ.
1735 5322 1806 5385 “et

215 5439 283 5499 per,
298 5421 376 5497 MG,
391 5422 463 5482 CM.
500 5419 567 5456 ⁸⁸⁸⁸⁸
577 5442 636 5500 per
649 5443 762 5484 annum
777 5430 818 5499 et,
834 5424 912 5498 MG,
927 5423 1001 5499 CM,
1017 5425 1083 5486 OC.
1119 5421 1186 5458 Μ*
1198 5425 1279 5500 Om,
1295 5426 1364 5500 OB,
1380 5426 1457 5500 MA,
1473 5427 1549 5487 ΜΒ.
