4432 6340
377 541 452 610 210
909 534 1132 596 BRACTON:
1155 534 1216 595 DE
1239 535 1432 598 LEGIBUS

376 684 483 762 vobis
501 693 708 786 presentes
727 685 891 762 fuerint:
910 695 949 763 et
968 687 1000 762 si
1018 711 1109 775 nou,
1129 687 1189 762 vel
1209 685 1241 763 si
1259 695 1466 785 praesentes
1486 686 1633 764 fuerint
1653 697 1692 764 et
1712 687 1789 764 sint
1809 687 1967 765 rebelles

378 806 602 907 quominus
625 805 797 882 extensio
819 806 886 883 illa
908 807 992 883 fieri
1015 806 1149 905 possit,
1172 816 1266 884 tuuc
1289 806 1383 884 alios
1406 807 1549 906 legales
1573 807 1712 885 milites
1737 808 1967 885 assumatis²⁴

376 927 483 1004 vobis
500 953 548 1002 ex
565 925 639 1004 illis
655 952 750 1025 quos
766 927 973 1005 vicecomes
991 937 1122 1004 noster
1138 927 1226 1004 talis
1245 952 1374 1004 coram
1391 928 1498 1005 vobis
1516 929 1656 1006 ibidem
1674 930 1804 1007 venire
1823 929 1967 1007 faciet²⁸

374 1046 460 1123 loco
476 1047 747 1146 praedictorum
762 1046 940 1136 militum,
956 1074 1028 1149 per
1043 1073 1138 1147 quos
1153 1050 1326 1125 extensio
1342 1058 1381 1125 et
1398 1049 1632 1149 appretiatio
1649 1049 1715 1126 illa
1731 1050 1867 1128 melius
1884 1052 1968 1128 fieri

376 1166 560 1268 poterit,²⁸
575 1178 614 1245 et
629 1169 694 1267 qui
708 1195 777 1245 nec
793 1169 1020 1268 praedictum
1034 1169 1153 1247 talem
1168 1180 1206 1247 et
1219 1170 1339 1247 talem
1355 1170 1484 1269 aliqua
1499 1169 1685 1248 affinitate
1702 1172 1910 1271 attingant,
1928 1183 1967 1250 et

375 1313 447 1388 per
459 1314 593 1366 eorum
606 1299 888 1368 sacramentum
903 1291 986 1367 fieri
1000 1290 1179 1368 faciatis¹²
1194 1291 1456 1368 extensionem
1471 1302 1510 1369 et
1524 1293 1847 1392 appretiationem
1862 1294 1967 1372 illam

376 1411 445 1488 in¹⁸
460 1411 532 1487 hac
549 1412 689 1500 forma,
706 1411 847 1489 scilicet
865 1412 968 1511 quod
984 1437 1116 1489 omnes
1134 1421 1247 1488 terrae
1264 1421 1303 1490 et
1322 1413 1452 1489 omnia
1468 1422 1689 1491 tenementa
1706 1415 1968 1491 extendantur

375 1533 587 1612 secundum
608 1534 713 1631 quod
734 1531 989 1634 praedictum²’
1012 1541 1082 1609 est.
1106 1533 1357 1632 Praecipimus
1380 1534 1591 1611 vicecomiti
1614 1544 1747 1611 nostro
1768 1535 1840 1611 tali
1864 1537 1968 1634 quod

376 1655 506 1730 venire
533 1654 651 1732 faciat
677 1678 807 1731 coram
833 1653 939 1730 vobis
966 1655 1017 1730 ad
1043 1654 1270 1753 praedictum
1295 1653 1397 1732 diem
1423 1663 1506 1732 tam
1533 1655 1673 1734 milites
1700 1680 1817 1755 quam
1845 1655 1967 1733 alios'⁰

373 1773 518 1872 legales
538 1774 721 1864 homines,
744 1801 814 1874 per
835 1800 930 1873 quos
953 1775 1152 1874 negotium
1173 1775 1269 1852 illud
1291 1776 1427 1852 melius
1449 1777 1623 1875 expediri
1644 1777 1777 1876 possit.
1801 1777 1860 1856 Et
1881 1777 1968 1855 ideo

375 1897 482 1974 vobis
504 1899 733 1974 mandamus
758 1896 862 1996 quod
885 1898 989 1973 omni
1014 1895 1209 1973 occasione
1234 1896 1462 1996 postposita,
1488 1897 1708 1995 praedictis·¹
1732 1899 1816 1974 loco
1842 1907 1881 1976 et
1906 1898 1979 1975 die

375 2018 405 2094 f.
420 2017 515 2111 tab]
570 2016 804 2094 conveniatis
824 2018 873 2093 ad
894 2017 1118 2116 praedictam
1138 2017 1399 2094 extensionem
1419 2025 1459 2094 et
1480 2018 1803 2117 appretiationem
1825 2020 1967 2096 facien·

375 2141 466 2216 dam
493 2140 702 2216 secundum
729 2139 896 2215 formam
923 2138 1157 2238 praedictam.
1186 2139 1358 2215 Etcum
1385 2139 1491 2214 facta
1518 2140 1649 2227 fuerit,
1677 2149 1771 2217 tunc
1798 2141 1967 2217 valorem

374 2259 547 2336 omnium
560 2259 781 2337 terrarum⁸'
797 2269 836 2336 et
851 2267 1159 2336 tenementorum
1174 2258 1392 2336 imbreviari
1408 2259 1572 2349 faciatis,
1589 2269 1629 2337 et
1645 2259 1751 2336 illam
1767 2261 1967 2338 imbrevia-

375 2379 520 2457 tionem
534 2379 705 2457 habeatis
721 2404 851 2456 coram
866 2379 1078 2458 iustitiariis
1095 2380 1236 2457 nostris
1253 2379 1322 2457 tali
1339 2382 1422 2457 loco
1439 2379 1506 2457 et⁸⁸
1522 2380 1592 2459 tali
1610 2381 1682 2469 die,
1700 2391 1739 2460 et
1757 2408 1874 2481 quam
1891 2383 1968 2460 cito

376 2500 548 2577 extensio
567 2501 635 2577 illa
653 2511 693 2578 et
713 2501 1075 2599 appretiationem
1096 2500 1227 2591 luerit,
1248 2526 1315 2578 vos
1335 2526 1416 2577 una
1435 2527 1524 2578 eum
1544 2502 1728 2600 predicto
1748 2503 1967 2580 vicecomite

374 2630 508 2699 nostro
525 2621 657 2699 statim
673 2620 812 2698 habere
831 2621 982 2700 faciatis
999 2621 1183 2720 praedicto
1201 2621 1271 2699 tali
1289 2622 1503 2722 plenariam
1521 2622 1698 2700 seisinam
1716 2624 1765 2701 de
1783 2623 1968 2722 praedicto

374 2741 518 2819 honore
534 2767 623 2819 cum
637 2741 892 2840 pertinentiis,
908 2741 1108 2842 exceptis⁸⁴
1122 2743 1236 2820 terris
1253 2752 1292 2821 et
1308 2742 1536 2820 tenementis
1554 2769 1638 2843 quae
1656 2743 1861 2843 praedictus
1878 2744 1967 2822 talis

375 2861 486 2940 aliis¹⁸
501 2863 590 2940 inde
604 2863 711 2942 dedit
725 2865 766 2941 in
781 2864 909 2953 feodo,
925 2872 964 2941 et
979 2889 1063 2963 quae
1079 2863 1234 2963 quidem
1250 2863 1547 2964 appretientur⁸⁸
1564 2873 1604 2942 et
1618 2866 1881 2942 extendantur
1897 2891 1969 2966 per

374 2984 605 3076 se,etinde⁸'
618 2986 766 3062 valores
779 3010 850 3084 per
863 3011 902 3062 se
914 2985 1087 3062 similiter
1099 2984 1386 3073 imbreviantur,
1400 2994 1445 3061 ut
1459 3010 1528 3062 nos
1541 2984 1630 3061 vel⁸⁸
1645 2984 1867 3063 iustitiarios
1880 3012 1967 3063 nos·
2089 3037 2090 3042 =

373 3117 456 3184 tros
471 3106 569 3184 tales
582 3106 671 3184 inde
687 3106 847 3183 reddere
861 3104 1015 3207 possitis
1031 3105 1221 3182 certiores.
1238 3107 1356 3183 Teste
1373 3114 1550 3182 etcetera.
1569 3107 1671 3190 Cum
1688 3114 1818 3182 autem
1835 3117 1966 3184 exten·

374 3250 479 3303 sores
498 3224 574 3302 ex”
592 3223 808 3302 consensu⁴⁰
826 3224 998 3324 partium
1017 3223 1215 3322 eligrmtur
1234 3225 1284 3300 ad
1304 3224 1565 3301 extensionem
1584 3235 1624 3302 et
1644 3225 1968 3324 appretiationem

376 3343 605 3432 faciendam,
619 3352 714 3420 tunc
728 3343 799 3420 fiat
813 3343 927 3420 breve
943 3341 1208 3420 extensoribus
1225 3341 1353 3420 electis
1369 3341 1409 3419 in
1425 3341 1496 3418 hac
1513 3343 1641 3419 forma
1655 3369 1705 3420 ex
1722 3353 1836 3445 parte
1852 3345 1966 3443 regis.

475 3466 604 3542 Breve
627 3490 714 3541 com
737 3473 869 3564 portes
893 3464 1079 3562 deperiat
1102 3463 1250 3563 aliquos
1274 3465 1322 3542 de
1345 3465 1538 3541 communi
1561 3489 1747 3541 consenso
1771 3465 1823 3543 ad
1845 3465 1967 3566 parti·

476 3584 620 3661 umam
631 3583 862 3678 faciendam.

376 3708 473 3784 Rsx
494 3707 547 3783 A.
572 3707 620 3783 Β.
646 3706 691 3783 C.
714 3706 768 3783 D.
794 3706 969 3784 salutem.
995 3705 1134 3783 Sciatis
1157 3706 1260 3804 quod
1282 3706 1336 3782 A.
1360 3706 1409 3783 de
1433 3705 1486 3780 N.
1511 3715 1550 3782 et
1573 3706 1622 3781 B.
1646 3707 1695 3782 de
1719 3706 1773 3782 N.
1797 3705 1839 3783 in
1861 3705 1968 3783 curia

375 3826 535 3903 nostra⁴²
554 3836 733 3916 etcetera,
753 3828 955 3925 elegenmt
973 3852 1040 3903 vos
1059 3836 1104 3905 ut
1124 3851 1196 3927 per
1214 3835 1497 3903 sacramentum
1516 3834 1688 3902 vestrum
1707 3827 1969 3906 extendantur

375 3959 415 4026 et
430 3947 728 4049 appretientur⁴¹
743 3973 875 4024 omnes
890 3958 1002 4025 terrae
1017 3957 1056 4024 et
1072 3947 1201 4023 omnia
1214 3954 1435 4023 tenementa
1451 3948 1498 4023 de
1514 3946 1584 4024 tali
1600 3945 1743 4024 honore
1758 3947 1863 4023 unde
1878 3972 1967 4023 con·

375 4071 498 4148 tentio
513 4069 590 4146 fuit
606 4069 797 4157 intereos,
814 4077 853 4144 et
866 4069 970 4144 uude
985 4065 1206 4142 concordati
1224 4064 1370 4143 suntin
1386 4065 1493 4141 curia
1509 4075 1643 4142 nostra
1658 4090 1788 4142 coram
1805 4066 1967 4142 iustitia·

376 4188 441 4266 riis
457 4187 626 4265 nostris‘⁸
642 4186 796 4276 talibus,
813 4196 852 4263 et
869 4186 925 4262 ita
941 4185 1044 4284 quod
1062 4185 1094 4260 si
1110 4211 1210 4260 unus
1227 4193 1399 4260 vestrum
1415 4184 1597 4260 interesse
1615 4209 1694 4260 non
1711 4183 1844 4282 possit,
1863 4185 1967 4283 quod

376 4309 474 4386 alius
486 4309 575 4386 talis
590 4316 760 4407 ponatur
773 4306 856 4381 loco
871 4304 962 4392 eius,
978 4313 1017 4380 et
1031 4303 1084 4380 sic
1099 4303 1146 4379 de
1160 4302 1336 4378 omnibus
1353 4300 1435 4378 aliis
1450 4302 1668 4378 nominatis.
1685 4302 1743 4377 Et
1759 4303 1844 4378 ideo
1860 4301 1967 4379 vobis

374 4427 603 4505 mandamus
617 4423 779 4501 firmiter
792 4422 1068 4524 praecipientes,
1084 4419 1300 4520 quatenus⁴⁴
1315 4420 1385 4496 tali
1400 4419 1462 4496 die
1477 4421 1710 4496 conveniatis
1727 4421 1833 4520 apud
1848 4421 1967 4497 talem

377 4645 403 4681 ¹⁴
415 4649 593 4722 assumptis,
607 4644 676 4716 OB,
690 4643 766 4716 MA,
780 4644 861 4714 MB;
875 4644 1053 4718 assignatis,
1068 4640 1141 4700 ΜΟ.
1176 4637 1203 4672 ²⁸
1215 4638 1296 4713 Om.,
1310 4639 1390 4711 CM3
1406 4636 1513 4710 faciat,
1528 4637 1610 4710 MB;
1626 4637 1699 4714 fac,
1714 4638 1783 4713 OB,
1798 4638 1874 4711 MA,
1890 4639 1966 4699 MG.

377 4745 403 4780 ²⁸
415 4749 525 4824 possit,
548 4745 617 4819 OA,
640 4745 707 4819 LA,
730 4744 798 4817 OC,
823 4743 895 4802 MC.
942 4739 1090 4815 ²'factata
1114 4740 1195 4814 MB;
1221 4739 1350 4816 faciant,
1374 4739 1452 4815 MG,
1477 4739 1516 4798 Y.
1562 4737 1632 4800 ²⁸et
1656 4743 1699 4814 in,
1724 4739 1803 4816 MG,
1827 4740 1902 4816 ΟΜ,
1927 4741 1966 4800 Υ.

376 4845 636 4926 ”supradictum
647 4845 717 4919 OA,
729 4845 796 4920 LA,
808 4845 876 4919 ΟΟ,
890 4843 964 4917 ΜΟ,
976 4843 1013 4904 V.
1049 4841 1075 4876 ⁸⁰
1087 4841 1168 4917 0m.‚
1181 4842 1249 4918 OB,
1263 4842 1338 4902 MA.
1373 4839 1399 4874 ⁸²
1411 4839 1570 4919 predicto,
1584 4842 1652 4915 OB,
1667 4843 1741 4903 MB.
1777 4840 1968 4903 ⁸'terrarum

375 4947 510 5025 illarum,
523 4948 592 5023 OA,
605 4948 672 5023 LA,
686 4945 752 5020 OC,
767 4945 842 5020 MC,
855 4944 894 5006 V.
929 4942 955 4978 ⁸⁸
968 4943 1049 5020 Om.,
1061 4944 1131 5018 OA,
1146 4945 1212 5017 LA,
1226 4944 1294 5019 ΟΟ,
1308 4943 1346 5004 V.
1383 4941 1411 4977 ⁸⁴
1421 4950 1453 5003 et
1466 4947 1615 5022 exceptis,
1628 4944 1698 5020 OB,
1714 4945 1790 5018 ΜΒ,
1806 4944 1884 5019 MG,
1900 4945 1967 5021 ΟΕ,

376 5050 414 5110 Y.
452 5047 478 5082 ⁸⁶
491 5048 581 5123 alius,
595 5048 665 5122 OA,
679 5048 754 5123 ΜΟ,
768 5047 841 5118 ΟΟς
857 5067 926 5122 om.,
942 5044 1019 5105 MG.
1057 5042 1084 5077 ⁸⁶
1096 5047 1322 5124 appretientur,
1338 5045 1384 5118 Y;
1401 5048 1629 5123 appretiantur,
1645 5046 1713 5122 OA,
1730 5047 1797 5121 LA,
1814 5047 1881 5120 OC,
1899 5047 1968 5122 OB,

376 5150 454 5224 MA,
467 5150 543 5224 MB,
559 5149 625 5223 CB,
641 5149 715 5222 MC,
731 5148 808 5223 MG,
822 5147 895 5208 ΟΜ.
931 5145 1061 5222 ⁸'‘nrrde,
1076 5147 1144 5220 OA,
1160 5148 1226 5223 LA,
1241 5146 1308 5223 OC,
1324 5147 1397 5208 MC.
1434 5145 1514 5223 ⁸⁸et,
1529 5148 1607 5224 MG,
1622 5149 1662 5222 Y,
1679 5149 1752 5209 ΟΜ.
1789 5147 1877 5222 ⁸’de,
1893 5149 1967 5224 ΟΜ,

377 5249 454 5325 MG,
477 5250 517 5310 Y.
562 5249 750 5310 ⁴⁴>communi
773 5268 910 5322 assensu,
932 5248 1002 5324 OB,
1026 5248 1102 5323 MA,
1127 5249 1201 5308 MB.
1247 5246 1273 5281 ⁴¹
1286 5255 1392 5310 nostra
1415 5270 1529 5324 coram,
1553 5250 1622 5325 OA,
1647 5250 1713 5325 LA,
1736 5250 1804 5324 OC,
1829 5251 1903 5325 ΜΟ,
1928 5251 1965 5313 V.

375 5348 643 5429 ⁴²appretiantur,
662 5350 731 5424 OA,
752 5349 820 5425 OB,
840 5349 907 5423 ΟΟ,
927 5349 1003 5422 MA,
1024 5349 1100 5422 ΜΒ,
1121 5350 1195 5422 ΟΜ,
1216 5351 1245 5411 Υ
1270 5350 1365 5427 (corr.
1387 5350 1540 5428 arentur).
1583 5349 1609 5384 ⁴⁸
1622 5353 1702 5425 0m.,
1722 5353 1791 5427 OA,
1812 5353 1878 5430 LA,
1900 5353 1967 5429 OC,

377 5452 449 5512 MC.
486 5449 709 5528 “quod,MG,
724 5449 798 5525 ΟΜ,
813 5449 851 5510 Y.
