4432 6336
663 517 724 576 DE
747 516 1050 589 ADQUIRENDO
1073 516 1230 578 RERUM
1253 516 1455 578 DOMlNlO
1782 525 1855 598 127

266 667 391 744 fundo
410 666 621 744 dominium
638 666 843 743 habuerit⁸⁸
861 665 1037 743 merum³⁹
1056 667 1114 744 ius
1134 677 1173 744 et
1192 666 1482 766 proprietatem,
1502 666 1687 742 feodum⁴⁰
1706 679 1744 745 et
1762 668 1854 744 libe·

265 811 353 862 rum
369 794 643 875 tenementum,
661 797 701 863 et
717 787 1015 875 usumfructum,
1032 793 1072 862 et
1089 794 1216 863 totum
1232 786 1421 862 tradendo
1437 786 1569 863 statim
1586 796 1713 863 totum
1729 798 1854 864 trans·

266 906 346 985 fert
371 907 421 984 ad
444 906 701 984 donatarium.
729 906 772 981 Si
797 913 928 982 autem
951 914 1078 982 totum
1102 930 1182 981 non
1204 903 1391 993 habuerit,
1419 905 1550 981 statim
1574 906 1762 983 transfert
1786 905 1854 984 id⁴²

266 1027 371 1124 quod
391 1024 518 1101 habet.
541 1025 652 1101 Etsi
673 1049 751 1101 non
772 1024 844 1100 nisi
865 1024 1153 1100 usumfructum
1172 1032 1339 1111 tantum,
1361 1034 1492 1100 tamen
1515 1024 1646 1100 statim
1669 1025 1763 1102 facit
1786 1051 1856 1102 suo

266 1145 432 1222 feoffato
448 1145 612 1222 liberum
628 1154 902 1233 tenementum,
920 1153 1109 1244 quantum
1126 1145 1176 1221 ad
1193 1172 1233 1221 se
1250 1143 1315 1221 et⁴²
1335 1145 1428 1222 alios
1446 1146 1512 1243 qui
1529 1146 1588 1222 ius
1605 1171 1684 1222 non
1700 1146 1854 1236 habent,

267 1265 333 1342 sed
353 1275 543 1364 quantum
562 1267 612 1344 ad
631 1292 765 1343 verum
785 1266 982 1343 dominum
1000 1291 1080 1343 non
1098 1267 1170 1343 nisi
1190 1275 1280 1366 post
1299 1275 1463 1365 tempus.
1488 1266 1530 1343 Si
1551 1277 1680 1345 autem
1701 1269 1856 1345 omnino

266 1388 359 1464 nihil
382 1388 559 1466 habuerit
584 1389 650 1486 qui
673 1388 794 1465 tradit
818 1413 888 1464 nec
913 1388 1081 1485 aliquam
1104 1388 1293 1476 seisinam,
1319 1388 1370 1465 ad
1395 1413 1483 1464 eum
1508 1389 1573 1486 qui
1599 1389 1736 1488 accipit
1761 1390 1855 1465 nihil

265 1510 467 1598 transfert,
493 1508 583 1608 quia
606 1509 700 1586 dare
725 1519 763 1586 et
788 1509 1001 1585 transferre
1025 1534 1104 1585 non
1129 1518 1258 1607 potest
1282 1534 1352 1584 nec
1375 1510 1528 1586 tradere
1555 1509 1622 1587 id⁴⁸
1647 1511 1751 1609 quod
1776 1536 1855 1587 non

265 1629 391 1707 habet.
420 1631 522 1707 Cum
548 1639 678 1707 autem
704 1631 916 1707 dominium
941 1631 1132 1719 tradatur,
1160 1630 1397 1707 transfertur
1425 1631 1475 1705 ad
1502 1630 1749 1729 accipientem
1775 1633 1855 1709 tale

267 1752 478 1829 dominium
500 1752 613 1851 quale
634 1752 711 1828 fuit
732 1753 839 1850 apud
860 1778 948 1829 eum
970 1752 1036 1849 qui
1057 1751 1229 1840 tradidit,
1251 1761 1296 1827 ut
1317 1751 1349 1827 si
1372 1751 1517 1828 fundus
1541 1752 1617 1829 fuit
1640 1777 1772 1829 servus
1794 1753 1854 1828 vel

265 1881 459 1962 oneratus,
480 1873 719 1949 transfertur
740 1897 828 1949 cum
849 1872 1096 1949 servitutibus
1116 1880 1157 1949 et
1177 1897 1303 1960 onere,
1325 1872 1397 1949 nisi
1420 1872 1585 1948 donator
1606 1873 1646 1949 in
1668 1899 1708 1950 se
1730 1899 1852 1950 susce·

265 1994 395 2095 perit⁴⁴
412 2020 511 2070 onus
525 1995 567 2070 in
584 1995 669 2093 ipsa
686 1995 892 2071 donatione
909 1994 950 2068 in
966 2002 1050 2069 toto
1067 1993 1127 2069 vel
1145 1994 1185 2069 in
1203 2002 1325 2091 parte.
1347 1993 1389 2069 Si
1408 2003 1537 2070 autem
1554 1993 1650 2069 liber
1668 1994 1745 2071 fuit
1763 1995 1852 2070 fun·

266 2115 349 2206 dus,
375 2116 613 2192 transfertur
638 2125 732 2192 tunc
757 2113 843 2192 uti⁴⁶
870 2114 987 2191 fuit.⁴⁶
1014 2115 1118 2192 Item
1143 2115 1174 2191 si
1201 2115 1365 2191 donator
1390 2114 1552 2191 liberum
1579 2116 1746 2193 fundum
1773 2143 1852 2192 esse

265 2237 406 2314 dixerit
431 2263 519 2315 cmn
543 2236 760 2326 tradiderit,
787 2235 880 2336 qui⁴'
908 2263 950 2313 re
975 2261 1067 2312 vera
1093 2261 1224 2313 servus
1251 2236 1382 2324 fuerit,
1410 2236 1503 2311 nihil
1529 2235 1652 2313 iuris⁴⁸
1679 2237 1853 2315 servituti

265 2357 379 2433 fundi
397 2356 607 2445 detrahit,⁴⁹
627 2359 694 2434 sed
714 2357 862 2456 obligat
882 2355 948 2434 se⁶⁰
969 2357 1106 2433 debere
1127 2367 1310 2454 praestare
1331 2357 1434 2456 quod
1456 2356 1635 2434 dixerit.⁸²
1659 2359 1702 2434 Si
1724 2367 1854 2435 autem

264 2479 433 2557 fundum
453 2479 658 2557 tradiderit
680 2504 768 2556 cum
791 2478 1031 2578 pertinentiis
1055 2489 1094 2555 et
1117 2478 1375 2568 servitutibus,
1399 2479 1651 2578 pertinentias
1676 2490 1714 2557 et
1739 2480 1853 2556 servi·

264 2611 368 2680 tutes
390 2602 582 2690 transfert
606 2601 655 2677 ad
680 2626 768 2678 eum
792 2602 858 2700 qui
882 2600 1031 2700 accipit.
1057 2600 1115 2678 Et
1140 2600 1172 2677 si
1196 2599 1289 2676 nihil
1315 2599 1447 2677 aliud⁶²
1471 2601 1685 2676 transferre
1710 2602 1852 2701 poterit

264 2723 429 2800 donator
444 2724 494 2799 ad
510 2723 761 2822 accipientem
776 2748 891 2822 quam
907 2723 990 2822 ipse
1005 2721 1150 2810 habuit,
1167 2731 1212 2797 ut
1227 2723 1258 2798 si
1275 2746 1353 2798 non
1369 2721 1441 2796 nisi
1457 2723 1605 2798 nudum
1622 2748 1746 2811 usum,
1764 2721 1853 2797 vel⁸⁸

262 2845 561 2934 usumfructum,
575 2854 707 2922 tamen
721 2845 771 2920 ad
785 2843 891 2920 aliud
904 2843 1141 2921 transfertur
1156 2844 1283 2942 quoad
1298 2842 1557 2942 accipientem,
1574 2843 1715 2920 scilicet
1730 2844 1780 2921 ad
1792 2843 1852 2920 ius

262 2991 423 3056 merum,
444 2967 614 3055 feodum,
635 2975 673 3043 et
692 2966 856 3042 liberum
874 2973 1149 3055 tenementum,
1169 2963 1260 3064 quia
1280 2990 1328 3040 ex
1349 2989 1394 3041 eo
1414 2966 1518 3062 quod
1538 2964 1623 3063 quis
1643 2965 1684 3040 in
1704 2990 1851 3063 posses·

263 3088 368 3166 sione
380 3088 500 3165 fuerit
514 3085 647 3187 quali⁶⁴
658 3085 803 3186 quali,⁶⁸
817 3087 960 3186 poterit
973 3087 1051 3162 haec
1064 3085 1192 3162 omnia
1206 3086 1333 3161 facere
1342 3110 1411 3160 suo
1421 3084 1586 3160 feoffato
1595 3085 1722 3183 quoad
1732 3085 1851 3160 domi-

262 3214 381 3302 nium,
398 3213 460 3289 vel
477 3211 614 3288 saltem
631 3210 760 3307 quoad
776 3205 1027 3296 excambium,
1044 3207 1133 3283 licet
1151 3204 1355 3283 dominus⁶⁶
1373 3207 1428 3282 rei
1444 3232 1524 3282 non
1541 3204 1750 3282 extiterit.⁵'
1773 3207 1852 3283 Sed

263 3334 395 3411 statim
412 3358 491 3408 non
508 3331 672 3408 efficitur
688 3331 877 3428 accipiens
895 3329 1072 3406 dominus
1091 3328 1164 3405 nisi
1182 3338 1272 3427 post
1291 3328 1466 3405 seisinam
1485 3329 1643 3426 longam
1662 3336 1701 3405 et
1720 3328 1851 3428 pacifi-

262 3479 359 3543 cam,
382 3462 572 3553 quantum
594 3453 645 3528 ad
665 3478 800 3529 verum
822 3451 1031 3527 dominum.
1055 3450 1114 3528 Et
1136 3449 1267 3526 unde⁸⁸
1291 3451 1322 3527 si
1345 3475 1457 3527 verus
1480 3449 1657 3527 dominus
1680 3458 1852 3526 recenter

263 3598 352 3652 eum
376 3573 566 3663 eiecerit,⁶⁹
590 3600 661 3673 per
684 3573 852 3654 assisam¹
865 3598 943 3648 non
968 3572 1210 3671 recuperabit
1227 3572 1266 3660 ,si
1289 3573 1455 3650 donator
1479 3571 1638 3671 plenum
1662 3571 1721 3648 ius
1744 3571 1786 3647 in
1810 3597 1852 3648 re

262 3720 341 3771 non
361 3694 537 3783 habuit,⁶o
557 3706 603 3773 ut
624 3697 655 3772 si
677 3720 755 3772 non
776 3694 849 3771 nisi
872 3696 922 3771 ad
942 3694 1063 3771 vitam
1084 3693 1264 3783 tenuerit,
1286 3694 1348 3770 vel
1370 3719 1448 3769 non
1470 3693 1542 3770 nisi
1565 3693 1852 3770 usumfructum

262 3819 323 3894 vel
344 3820 492 3895 nudum
514 3843 628 3894 usum
648 3816 836 3893 habuerit.
861 3816 905 3891 Si
927 3825 1057 3892 autem
1079 3816 1244 3892 donator
1266 3814 1385 3891 talem
1407 3815 1558 3892 eiecerit
1579 3814 1641 3891 vel
1665 3814 1762 3890 alius
1786 3815 1852 3912 qui

262 3938 291 4014 f.
306 3941 376 4033 41]
431 3938 490 4016 ius
506 3964 585 4014 non
599 3937 802 4025 habuerit,²
818 3962 951 4014 versus
967 3961 1098 4013 omnes
1114 3936 1211 4013 tales
1228 3935 1397 4034 quolibet
1415 3944 1590 4034 tempore
1607 3961 1678 4034 per
1694 3936 1852 4012 assisam

261 4061 514 4161 recuperabit.
536 4061 579 4137 Si
597 4069 727 4136 autem
745 4059 902 4136 donatio
920 4066 960 4134 et
977 4058 1137 4135 traditio
1155 4055 1274 4133 facta²
1295 4058 1415 4133 fuerit
1434 4057 1482 4134 de
1501 4058 1634 4133 eadem
1653 4082 1695 4133 re
1714 4057 1782 4132 uni
1802 4056 1851 4133 ab

261 4209 339 4260 uno
361 4183 527 4271 domin0,
547 4192 587 4259 et
608 4182 672 4257 alii
694 4206 815 4257 anon
838 4180 1003 4268 dominu,
1025 4178 1183 4256 traditio
1205 4178 1311 4254 facta
1333 4204 1356 4253 a
1378 4177 1532 4254 domino
1554 4177 1788 4277 praevalebit,
1811 4187 1850 4254 et

260 4303 375 4381 idem⁸
390 4305 421 4380 si
435 4303 596 4393 duobus,
612 4302 702 4401 quia
715 4327 794 4379 una
808 4301 952 4402 poterit
967 4301 1137 4377 revocari
1153 4310 1191 4377 et
1206 4299 1283 4376 alia
1295 4324 1385 4375 non.
1403 4299 1506 4375 Item
1522 4299 1553 4376 si
1568 4324 1592 4374 a
1607 4298 1756 4374 duobus
1771 4323 1850 4373 non

261 4522 417 4599 ⁸⁸babuit,
434 4522 502 4599 OA,
520 4523 558 4583 Y.
598 4519 751 4594 ⁸⁹verum,
768 4521 837 4595 OB,
855 4519 930 4593 MA,
948 4521 1025 4596 ΜΒ,
1043 4519 1109 4580 ΟΕ.
1149 4517 1219 4578 ⁴⁰et
1237 4518 1372 4593 lendum,
1389 4517 1468 4591 MG,
1486 4518 1561 4593 ΟΜ,
1579 4517 1644 4579 ΟΟ.
1683 4514 1710 4549 ⁴²
1723 4513 1850 4593 aliquid,

260 4624 330 4700 OB,
349 4625 431 4697 MB3
450 4624 527 4698 MA,
545 4643 624 4685 corr.
643 4622 685 4683 id.
726 4619 961 4697 ⁴²etad,MG,
981 4621 1054 4682 CM.
1095 4618 1224 4694 “illud
1243 4621 1312 4694 OB,
1332 4619 1408 4695 MA,
1427 4620 1503 4679 MB.
1546 4616 1664 4693 ⁴⁴Om.,
1685 4618 1754 4692 OB,
1774 4618 1849 4678 MB.

261 4723 344 4801 “ut
357 4725 424 4798 ΟΟ,
436 4724 476 4786 Υ.
510 4722 577 4757 *Μ’
588 4727 634 4784 uti
648 4724 723 4798 frui,
737 4724 870 4796 OB;uti
883 4726 958 4797 sint,
971 4723 1049 4797 MG,
1064 4724 1137 4783 CM.
1173 4720 1473 4799 ‘'quia,MG,CM.
1509 4717 1850 4797 ⁴⁸iure,V;iur.,OA,

261 4824 329 4901 OB,
345 4826 422 4900 MA,
438 4825 514 4900 MB,
528 4826 569 4901 Y,
584 4825 662 4899 MG,
678 4825 753 4899 CM,
768 4823 841 4885 MC.
879 4821 906 4857 ⁴⁹
917 4823 1098 4898 detraxerit,
1114 4824 1188 4896 OB;
1204 4822 1350 4898 detraxit,
1367 4823 1443 4898 MA,
1460 4824 1535 4883 MB.
1574 4821 1639 4856 ⁵⁰⁴¹
1652 4841 1685 4883 se
1701 4829 1850 4900 praetere

260 4926 342 5003 quod
360 4924 474 4986 fflmsse
491 4924 628 4999 deberet,
646 4926 715 5001 OB,
735 4926 811 4999 MA,
830 4924 906 5000 MB,
925 4924 992 4998 ΟΕ,
1011 4925 1050 4985 Y.
1091 4923 1117 4957 ⁸²
1128 4923 1218 5000 dixit,
1238 4925 1311 4985 ΟΜ.
1353 4922 1472 5000 ⁸²Om.,
1491 4924 1570 4999 MG,
1589 4924 1663 4984 ΟΜ.
1705 4922 1793 4984 ⁵⁸vel
1811 4927 1850 4997 sl,

261 5025 300 5100 V,
316 5026 478 5102 OC,·MG,
496 5027 569 5087 CM.
608 5024 673 5060 ⁶⁴⁴⁸
685 5025 770 5104 quali
787 5026 881 5105 quali,
898 5026 938 5102 V,
955 5027 1025 5100 OA,
1041 5027 1115 5099 MC,
1133 5026 1199 5101 LA,
1216 5026 1289 5098 oc;
1306 5030 1405 5104 quasi,
1423 5025 1492 5099 OB,
1510 5027 1586 5100 MB,
1605 5025 1671 5101 ΟΕ,
1690 5026 1735 5098 Υ;
1755 5022 1850 5103 quali,

261 5125 338 5203 MG,
360 5127 435 5202 CM,
462 5126 546 5204 (MA
567 5127 677 5205 corn).
721 5124 921 5188 ⁶⁶¹⁵'domino
943 5171 951 5188 .
974 5171 982 5188 .
1005 5171 1013 5188 .
1036 5131 1220 5201 constiterit,
1243 5127 1313 5203 OB,
1337 5127 1413 5201 MA,
1437 5129 1514 5202 MB,
1539 5127 1592 5188 ΟΕ
1623 5125 1682 5204 (-
1691 5126 1785 5204 non),
1809 5127 1850 5202 Y,

260 5227 323 5287 ΜΟ
342 5226 527 5305 (extiterit).
561 5225 627 5262 Μ’
640 5227 720 5290 unde
733 5235 764 5289 et
778 5232 805 5290 si
819 5249 908 5289 verus
923 5228 1062 5290 dominus
1077 5249 1139 5290 non
1152 5235 1292 5289 recenter
1306 5232 1440 5304 eiecerit,
1455 5229 1532 5304 MG,
1548 5230 1621 5290 CM.
1657 5227 1850 5304 ⁶⁰babuerit,

260 5325 355 5388 MSS.
371 5346 435 5388 var.

344 5425 485 5503 ²hsbuit,
505 5427 600 5491 MSS.
620 5449 684 5491 rar.
726 5427 915 5503 'celebrata
935 5429 1004 5509 OB,
1025 5431 1102 5507 MA,
1122 5431 1199 5505 MB,
1219 5433 1287 5507 ΟΕ,
1306 5433 1345 5494 Y.
1388 5431 1492 5507 'idem
1513 5434 1591 5509 MG,
1612 5434 1686 5495 CM.
