4394 6342
396 463 444 531 52
926 453 1148 516 BRACTONt
1171 452 1232 514 DB
1256 451 1447 514 LEGIBUS

394 605 654 683 condicionem
673 629 782 682 suam
800 603 996 680 meliorem
1015 604 1153 680 facere.
1174 603 1283 680 Dare
1303 610 1433 679 autem
1452 628 1531 680 non
1550 609 1747 702 potenrnt,
1768 626 1838 678 nec
1857 601 1985 678 condi·

394 726 542 802 cionem
565 751 676 802 suam
698 724 942 802 deteriorare.
968 723 1077 800 Dare
1103 733 1233 799 autem
1257 723 1342 798 ideo
1367 747 1446 798 non
1471 729 1646 821 possunt,
1673 722 1763 820 quia
1787 721 1985 798 donationi

394 843 609 921 consentire
631 867 709 920 non
730 841 942 944 potenmt,¹
963 867 1032 919 nec
1054 867 1141 919 cum
1165 840 1394 918 auctoritate
1415 839 1556 918 tutoris
1578 865 1649 916 nec
1673 840 1764 916 sine.
1790 841 1893 917 Item
1916 865 1986 918 nec

394 965 534 1042 surdus
551 964 616 1062 qui
633 963 788 1040 omnino
805 988 883 1040 non
901 962 1021 1051 audit,
1039 985 1147 1038 secus
1163 971 1295 1039 tamen
1312 961 1343 1038 si
1362 961 1484 1037 tarde.
1503 960 1569 1037 De
1585 970 1695 1036 muto
1713 985 1804 1036 vero
1821 960 1887 1059 qui
1905 985 1985 1036 om·

394 1087 486 1162 nino
501 1086 606 1184 loqui
621 1109 701 1160 non
716 1093 846 1184 potest
862 1083 972 1160 illud·
988 1083 1090 1160 idem
1105 1082 1180 1160 erit
1194 1081 1411 1170 dicendum,
1428 1088 1593 1181 possunt
1608 1080 1754 1158 tamen‘
1771 1081 1985 1158 consentire

394 1206 605 1283 seeundum
626 1205 813 1304 quosdam
834 1230 906 1305 per
928 1204 1040 1302 signa
1060 1213 1100 1281 et
1122 1228 1193 1302 per
1215 1211 1366 1280 nutmn.
1393 1203 1500 1294 <Et
1522 1201 1753 1302 regulariter
1774 1203 1985 1281 tenendum

394 1329 498 1426 quod
515 1327 644 1403 nullus
661 1327 909 1404 donationem
926 1325 1054 1402 facere
1072 1333 1202 1424 potest
1220 1325 1286 1424 qui
1305 1324 1502 1402 donationi
1520 1325 1735 1402 consentire
1753 1350 1833 1402 non
1851 1325 1985 1426 possit,

393 1450 491 1526 sicut
511 1473 581 1526 nec
600 1448 770 1525 furiosus
790 1473 861 1524 nec
880 1457 1009 1524 mente
1029 1457 1167 1547 captus
1188 1447 1260 1524 nisi
1280 1446 1463 1545 gaudeat⁸
1486 1445 1674 1524 dilucidis‘
1695 1445 1918 1538 intervallis,
1941 1457 1985 1524 ut

394 1573 492 1650 sicut
510 1571 574 1649 ille
593 1572 659 1670 qui
678 1580 736 1648 est
755 1571 861 1647 infra
878 1579 1048 1647 aetatem:
1067 1569 1148 1646 vice
1168 1578 1298 1646 autem
1318 1569 1475 1646 minoris
1495 1568 1621 1646 utitur
1641 1569 1856 1660 ecclesia>
1881 1570 1985 1646 Item

393 1719 464 1772 nec
477 1694 541 1770 ille
555 1695 701 1771 donare
714 1701 844 1793 potest
858 1693 923 1791 qui
939 1693 987 1769 ab
1002 1691 1174 1768 hostibus
1188 1699 1326 1790 eaptus
1341 1702 1400 1769 est
1415 1691 1599 1790 quamdiu
1614 1691 1734 1768 fuerit
1750 1691 1835 1768 sub'
1851 1716 1985 1767 eorum

393 1815 613 1915 potestate,⁸
634 1815 724 1914 quia
744 1813 839 1891 nihil
860 1813 1055 1914 possidere
1077 1821 1207 1912 potest
1229 1814 1294 1912 qui
1317 1814 1366 1890 ab
1388 1813 1471 1891 aliis
1494 1814 1724 1914 possidetur,
1748 1837 1818 1890 nec
1841 1813 1984 1912 aliquid

393 1939 487 2014 dare
504 1946 634 2038 potest
652 1962 740 2012 cum
758 1937 914 2026 effectu,
934 1935 1038 2035 quia'
1057 1935 1150 2012 nihil
1170 1934 1352 2035 possidet.
1374 1933 1514 2011 Idem¹⁰
1534 1934 1607 2011 dici
1628 1935 1785 2035 posset²²
1806 1936 1985 2012 deservo

392 2059 541 2136 ratione
558 2057 753 2156 praedicta,
771 2055 903 2156 qu0d²¹
920 2055 1013 2134 nihil
1030 2058 1123 2134 dare
1140 2065 1269 2156 potest
1286 2082 1375 2133 cum
1392 2057 1547 2146 effectu,
1567 2056 1657 2155 quia
1674 2055 1768 2132 nihil
1786 2055 1984 2155 possidet²⁸

393 2183 488 2259 dum
513 2180 562 2256 ab
587 2180 671 2257 aliis
696 2179 925 2279 possidetur.
953 2179 1005 2256 In
1031 2179 1216 2278 pendenti
1240 2186 1374 2256 tamen
1399 2187 1490 2255 sunt
1515 2178 1732 2256 huiusmodi
1758 2178 1983 2256 donationes

393 2303 603 2380 secundum
622 2303 820 2401 quosdam,
841 2303 961 2378 donee
980 2301 1257 2377 continuentur
1276 2301 1336 2377 vel
1357 2300 1512 2400 penitus
1532 2301 1788 2391 infirmentur,
1810 2302 1984 2400 quamvis

393 2423 523 2501 dicant
540 2421 698 2521 quidam
714 2424 818 2522 quod
834 2422 943 2499 nulla
960 2420 1157 2522 praeterita
1174 2447 1244 2499 nec
1261 2423 1466 2523 praesentia
1485 2430 1709 2500 remaneant
1727 2422 1768 2498 in
1786 2447 1983 2522 suspenso,

393 2545 603 2623 seeundum
626 2547 730 2644 quod
751 2544 914 2622 inferius
936 2544 1087 2644 plenius
1109 2543 1260 2621 dicetur
1281 2545 1329 2622 de
1351 2544 1423 2619 hac
1444 2543 1618 2633 materia,
1641 2544 1682 2620 in
1704 2553 1877 2621 tractatu
1899 2569 1984 2643 quoe

392 2667 618 2745 donationes
631 2665 835 2744 invalidae²⁴
847 2678 939 2744 sunt
952 2667 1001 2743 ab
1015 2667 1135 2756 initio,
1147 2677 1188 2744 et
1202 2667 1337 2743 valida
1350 2665 1567 2744 efficiuntur
1579 2693 1629 2744 ex
1642 2675 1733 2765 post
1746 2667 1863 2743 facto.
1880 2667 1984 2743 Item

392 2791 536 2867 donare
559 2815 638 2866 non
662 2797 792 2890 potest
815 2791 989 2888 leprosus
1013 2769 1126 2867 extra
1150 2789 1455 2866 communionem
1480 2789 1655 2887 gentium
1680 2789 1840 2889 positus,
1865 2798 1911 2866 ut
1935 2789 1983 2865 de

390 2910 556 2989 termino
582 2912 715 2988 Sancti
738 2910 926 2988 Michaelis
949 2935 1051 2988 anno
1074 2910 1204 3008 regis¹⁸
1228 2910 1394 2987 Henrici
1418 2911 1582 3008 septimo
1606 2910 1812 3009 incipiente
1835 2919 1983 2999 octavo,

391 3032 492 3108 circa
511 3030 669 3120 finem‚²⁸
689 3031 788 3108 sicut
808 3056 877 3107 nec
897 3039 1039 3132 petere.
1064 3033 1167 3108 Item
1188 3040 1280 3108 sunt
1300 3056 1378 3106 non
1400 3029 1496 3108 nulli
1518 3032 1583 3130 qui
1605 3033 1699 3109 dare
1720 3056 1800 3108 non
1820 3038 1984 3131 possunt

392 3153 473 3230 sine
489 3178 676 3230 consensu
693 3152 867 3242 aliorum,
884 3177 953 3228 nec
969 3154 1072 3230 valet
1090 3152 1244 3230 illorum
1262 3153 1419 3230 donatio
1437 3180 1508 3252 per
1527 3177 1578 3242 se,
1596 3164 1642 3230 ut
1659 3154 1691 3230 si
1709 3151 1982 3251 archiepiscopi

391 3273 638 3350 donationem
654 3272 828 3360 fecerint,
843 3271 1024 3371 episcopi,
1041 3271 1209 3361 abbates,
1225 3271 1286 3348 νε]
1302 3271 1449 3373 priores
1467 3271 1710 3350 ecclesiamm
1726 3281 1917 3371 quaesunt
1935 3273 1982 3348 de

391 3390 641 3467 advocatione
661 3389 804 3466 domini
824 3389 937 3488 regis,
957 3389 1050 3467 nihil
1069 3391 1162 3468 dare
1181 3401 1345 3490 possunt
1364 3391 1446 3468 sine
1465 3415 1622 3468 assensu
1641 3391 1801 3490 capituli
1821 3390 1891 3481 sui,
1912 3414 1982 3466 nec

391 3507 492 3609 ipsi¹¹
512 3518 550 3586 et
568 3507 810 3606 capitulum¹⁸
828 3509 970 3585 simul²⁰
989 3509 1069 3587 sine
1087 3509 1302 3586 consensu²⁰
1321 3511 1428 3608 regio
1447 3511 1508 3586 νε]
1528 3510 1685 3587 alterius
1704 3510 1872 3611 patroni,
1892 3510 1982 3608 quia

391 3627 562 3705 omnium
580 3628 734 3705 illorum
752 3653 957 3704 consensus
975 3653 1070 3728 quos
1089 3653 1150 3706 res
1169 3629 1298 3726 tangit
1317 3628 1390 3706 erit
1407 3629 1642 3707 necessarius
1659 3639 1699 3707 et
1718 3629 1980 3729 requirendus.

393 3748 506 3824 Idem
530 3747 736 3824 dicendum
760 3746 834 3824 erit
861 3747 934 3822 de¹¹
962 3747 1173 3824 rectoribus
1199 3747 1443 3825 ecclesiarum
1470 3750 1535 3848 qui
1562 3748 1655 3824 nihil
1683 3748 1882 3849 possident
1908 3749 1982 3827 nisi

391 3865 544 3944 nomine
560 3865 723 3943 ecclesiae
741 3864 858 3954 suae,¹¹
873 3868 976 3944 unde
992 3867 1086 3943 nihil
1103 3866 1195 3944 dare
1213 3877 1377 3965 possunt
1395 3867 1561 3944 alienare
1577 3867 1638 3944 νε]
1657 3869 1980 3972 ρενωυιενε,,Μεί

391 3985 440 4060 de
457 4009 643 4062 consensu
660 3985 829 4086 episcopi
847 3984 908 4062 νε]
927 3985 1093 4084 patroni,
1112 3986 1183 4062 nisi
1202 3986 1291 4064 inde
1309 3987 1533 4064 melioretur
1551 3986 1721 4064 condicio
1741 3987 1914 4065 ecclesiae.
1938 3987 1980 4064 Si

390 4104 549 4181 autem²⁸
570 4105 836 4194 deterioretur,
858 4130 937 4180 non
958 4105 1072 4194 valet,
1094 4105 1184 4204 quia
1205 4105 1252 4181 fit
1273 4105 1325 4183 eis
1348 4106 1505 4183 donatio
1527 4107 1625 4184 sicut
1645 4107 1813 4184 maxime
1833 4106 1874 4182 in
1896 4107 1981 4208 ipsa

390 4223 628 4301 dedicatione
647 4232 793 4321 etpost
811 4223 1101 4313 dedicationem,
1120 4225 1188 4302 Do
1207 4225 1336 4303 decet
1357 4223 1522 4302 eccleas'oe
1540 4225 1621 4314 tali,
1641 4235 1679 4304 et
1699 4225 1901 4314 comrade,
1921 4227 1981 4302 vel

390 4341 596 4430 monachis,
615 4342 675 4419 vel
694 4341 917 4430 rectoribus,
936 4340 996 4418 vel
1015 4341 1190 4441 peractas
1207 4341 1347 4420 ibidem
1367 4344 1440 4420 deo
1459 4343 1723 4434 servientibus,
1742 4355 1783 4423 et
1802 4347 1857 4423 ita
1878 4349 1981 4446 quod

391 4457 517 4558 primo
539 4469 577 4536 et
598 4458 864 4558 principaliter
884 4459 930 4537 fit
951 4459 1108 4535 donatio
1131 4460 1202 4536 deo
1224 4471 1263 4537 et
1285 4459 1459 4550 ecclesia,
1482 4470 1522 4538 et
1544 4462 1769 4541 secundario
1790 4467 1980 4543 canonicis

390 4659 556 4738 'possunt
573 4660 650 4735 MG,
667 4661 741 4735 CM,
756 4662 796 4736 Y,
812 4661 878 4722 OC.
916 4660 1137 4737 'td,MG,V;
1154 4681 1224 4738 om,
1241 4662 1314 4724 CM.
1353 4661 1489 4737 ⁴antem,
1507 4666 1587 4738 CM;
1604 4669 1696 4742 enim,
1713 4667 1750 4728 V.
1790 4665 1982 4747 'gaudeant

391 4759 469 4834 MG,
485 4758 550 4821 OC.
588 4757 962 4837 ⁶de1ueidn,MG,CM;
979 4761 1146 4823 dilucIdum
1162 4763 1368 4840 intervallum,
1386 4765 1458 4826 HA
1498 4764 1580 4828 ''⁸in
1596 4767 1736 4828 custodia
1753 4788 1858 4830 eorum
1874 4778 1906 4832 et
1924 4769 1980 4831 sub

390 4865 557 4938 potestate,
577 4859 647 4934 OB,
668 4859 707 4936 V,
728 4860 793 4923 MB
820 4861 992 4940 (potestate
1012 4863 1146 4942 eorum).
1189 4863 1277 4942 'qui,
1298 4864 1368 4940 OA,
1389 4867 1456 4940 LA,
1478 4867 1546 4942 OC,
1568 4868 1646 4943 MG,
1669 4871 1731 4932 MC
1758 4870 1854 4947 (corr.
1876 4871 1979 4951 qula).

390 4958 457 4996 ¹⁰¹²⁸
469 4961 549 5038 Om.,
572 4962 641 5036 OB,
664 4962 741 5039 MA,
764 4963 830 5038 CB,
854 4964 931 5039 MG,
953 4965 993 5038 Y,
1016 4966 1081 5027 MB
1110 4965 1184 5042 (om.
1207 4985 1264 5028 nec
1287 4965 1404 5044 aliquid
1427 4967 1502 5029 dare
1525 5013 1532 5029 .
1555 5013 1563 5030 .
1586 5015 1594 5030 .
1617 4970 1657 5032 ab
1679 4971 1750 5033 aliis
1773 4973 1978 5052 possidetur).

390 5062 417 5098 ¹¹
429 5067 539 5141 posslt,
556 5065 631 5139 CM,
647 5064 684 5127 V.
723 5063 750 5098 ²¹
761 5068 844 5141 qnia,
860 5066 935 5139 CM,
951 5064 989 5126 V.
1027 5064 1185 5144 ¹⁴validoe,
1202 5067 1242 5142 V,
1259 5069 1335 5144 MA,
1353 5070 1425 5130 CM.
1465 5067 1593 5150 1⁸regul
1611 5073 1790 5152 rchs,OC,
1807 5075 1884 5150 MA,
1902 5076 1980 5151 MG,

392 5164 464 5226 CM.
505 5162 635 5226 ²‘tinem
652 5165 756 5241 rotuli,
774 5167 812 5227 V.
853 5164 1003 5244 ”Ipsum
1021 5168 1098 5228 MG.
1138 5165 1205 5202 ¹¹¹¹¹
1217 5171 1319 5247 ipsum
1337 5171 1517 5248 capitulum,
1536 5172 1576 5249 V,
1595 5174 1665 5250 OB,
1685 5176 1759 5236 ΜΒ.
1802 5174 1921 5253 ¹'Om,
1941 5178 1980 5253 V,

390 5266 460 5342 OB,
481 5267 558 5342 MB,
581 5267 660 5340 ΗΑ;
682 5267 835 5343 simffiter,
856 5268 929 5330 MC.
973 5267 1149 5344 ¹⁰assensu,
1170 5271 1240 5344 OB,
1263 5272 1338 5333 MA.
1382 5271 1409 5306 ¹²
1420 5277 1464 5347 in,
1485 5271 1525 5347 V,
1548 5274 1617 5351 OB,
1640 5276 1715 5336 ΜΒ.
1759 5274 1878 5353 ¹'Om.,
1902 5279 1980 5354 MG,

391 5370 465 5446 CM,
481 5369 555 5429 MC.
592 5367 710 5444 ²⁸0m,
726 5370 795 5445 OB,
809 5371 885 5431 ΜΒ.
