4392 6352
383 468 458 539 846
915 459 1139 523 BRACTON:
1161 460 1222 521 DE
1247 459 1440 522 LEGIBUS

384 610 547 688 hominis
566 611 627 688 vel
645 635 718 709 pro
738 611 815 686 alia
832 610 987 687 felonia.
1008 611 1067 688 Et
1087 610 1284 686 sciendum
1302 610 1406 709 quod
1425 635 1504 684 non
1523 608 1596 685 nisi
1616 609 1657 684 in
1677 609 1835 708 prisona
1855 608 1975 708 ipsius

386 729 452 828 qui
474 731 570 806 tales
594 737 724 826 posset
746 729 787 804 in
810 729 915 805 curia
939 755 1009 806 sua
1032 729 1211 818 iudicare,
1236 728 1332 804 sieut
1357 727 1534 804 dominus
1559 753 1628 803 rex
1653 727 1718 825 qui
1743 735 1975 825 potestatem

384 846 499 923 habet
514 846 706 922 iudicandi
722 847 768 923 de
784 847 863 924 vita
879 857 918 924 et
932 847 1123 937 membris,
1139 847 1201 923 vel
1216 847 1377 925 tollendi
1392 846 1513 922 vitam
1529 846 1590 922 vel
1607 845 1848 922 concedendi.
1867 845 1928 921 Ut
1944 845 1975 921 si

385 965 466 1042 felo
486 966 683 1044 convictus
704 966 823 1043 fuerit
844 991 918 1065 pro
938 974 1063 1042 morte
1084 965 1247 1042 hominis
1270 967 1331 1041 vel
1353 965 1429 1042 alia
1451 966 1606 1054 felonia,
1630 964 1767 1041 ultimo
1790 964 1976 1063 puniatur

385 1083 574 1182 supplicio
591 1083 688 1162 sicut
703 1093 829 1160 morte
844 1085 905 1160 vel
920 1085 1181 1161 membrorum
1196 1085 1422 1162 trucatione.

484 1204 551 1279 De
565 1202 784 1302 probatore.

386 1322 499 1398 Irurr
523 1322 755 1397 concedendi
779 1321 900 1398 vitam
923 1322 984 1397 vel
1008 1321 1192 1410 membra,
1218 1321 1316 1398 sicut
1341 1321 1481 1397 dicitur
1505 1321 1553 1397 de
1579 1319 1799 1420 probatore,
1826 1321 1874 1396 de
1899 1346 1976 1419 quo

385 1441 514 1518 nullus
531 1441 728 1540 prisonam
744 1440 884 1518 habere
901 1439 1045 1540 poterit
1063 1465 1132 1517 nec
1149 1440 1198 1516 de
1215 1465 1260 1515 eo
1277 1439 1463 1540 placitum
1480 1438 1619 1516 habere
1637 1439 1708 1516 nisi
1727 1436 1838 1538 ipse⁸⁹
1856 1436 1975 1515 domi-

385 1587 459 1638 nus
479 1587 561 1650 rex,
580 1585 669 1636 cum
689 1559 818 1635 nullus
840 1559 938 1636 alius
958 1559 1080 1659 possit
1102 1559 1136 1635 ei
1158 1559 1279 1634 vitam
1300 1559 1504 1635 concedere
1527 1558 1589 1633 vel
1610 1557 1793 1634 membra.
1818 1556 1876 1632 Et
1898 1557 1976 1632 haec

384 1705 477 1755 vera
492 1689 584 1756 sunt
597 1679 670 1756 nisi
686 1678 736 1755 sit
752 1677 887 1777 aliquis
903 1677 943 1753 in
958 1703 1079 1775 regno
1096 1678 1161 1776 qui
1179 1676 1348 1775 regalem
1364 1675 1531 1752 habeat⁴⁰
1548 1684 1781 1775 potestatem
1798 1677 1839 1752 in
1856 1675 1975 1751 omni·

384 1798 468 1887 bus,
481 1799 578 1875 sicut
590 1807 681 1874 sunt
694 1795 877 1872 comites⁴²
890 1796 1036 1896 poleya,
1050 1797 1155 1872 salvo
1168 1794 1336 1872 dominio
1350 1794 1505 1872 domino
1518 1796 1600 1892 regi
1614 1794 1712 1872 sicut
1724 1793 1902 1893 principi,
1915 1794 1976 1870 vel

386 1915 445 1994 si⁴¹
459 1916 509 1994 sit
522 1916 658 2015 aliquis
673 1916 738 2014 qui
753 1917 801 1992 de
814 1914 1053 1992 concessione
1068 1914 1212 1991 domini
1227 1915 1329 2013 regis
1344 1914 1462 1991 talem
1478 1914 1617 1990 habeat
1632 1913 1862 2003 libertatem,
1878 1915 1976 1991 sicut

386 2035 477 2112 soke
493 2045 532 2112 et
548 2034 650 2124 sake,
667 2034 735 2123 tol,
751 2043 866 2122 team,
882 2033 1178 2132 infangenethef
1193 2042 1232 2109 et
1248 2032 1560 2131 utfangenethef,
1578 2033 1644 2132 qui
1661 2033 1839 2110 inventus
1857 2033 1977 2109 fuerit

386 2153 535 2231 saisitus
552 2153 601 2230 de
618 2153 747 2251 aliquo
762 2151 973 2240 latrocinio,
992 2152 1089 2228 sicut
1106 2150 1409 2226 hondhabbende
1427 2149 1532 2227 and⁴⁸
1551 2150 1798 2240 bacherende,
1816 2160 1856 2228 et
1874 2151 1977 2227 unde

386 2272 416 2346 f.
433 2274 526 2365 128]
581 2273 646 2370 qui
670 2270 767 2348 tales
790 2270 933 2347 habent
955 2269 1152 2346 libertates
1176 2269 1371 2346 habebunt
1395 2269 1592 2368 prisonem
1617 2295 1726 2346 suam
1750 2269 1799 2346 de
1822 2269 1976 2358 talibus,

387 2389 477 2488 quia
491 2398 654 2487 possunt
667 2389 765 2466 tales
779 2388 820 2464 in
835 2387 941 2464 curia
955 2414 1026 2465 sua
1039 2387 1218 2464 iudicare.

486 2509 670 2587 Parnm
684 2534 763 2586 ooo
777 2508 917 2587 debeat
932 2509 980 2588 de
996 2509 1109 2586 terris
1123 2509 1202 2586 sair
1217 2509 1397 2587 manaa
1412 2509 1479 2586 aad
1493 2509 1583 2586 inae
1599 2508 1740 2586 debent
1756 2508 1975 2585 sustentari.

386 2627 598 2704 Pursonrs¹
614 2652 705 2704 vero
722 2627 775 2703 sic
788 2627 1031 2727 imprisonati
1046 2635 1254 2726 antequam
1269 2627 1432 2703 convicti
1449 2627 1596 2703 fuerint
1613 2628 1661 2704 de
1676 2627 1789 2704 terris
1807 2627 1884 2704 suis
1902 2628 1976 2703 dis·

387 2746 505 2824 seisiri
522 2772 600 2822 non
617 2747 769 2835 debent,
786 2745 869 2822 nec²
886 2745 999 2822 rebus
1017 2745 1094 2823 suis
1111 2745 1413 2844 quibuscumque
1431 2744 1613 2845 spoliari,⁸
1632 2747 1699 2822 sed
1718 2746 1811 2823 dum
1830 2745 1977 2822 fuerint

386 2866 426 2941 in
442 2865 600 2964 prisona
616 2864 756 2941 debent
774 2865 820 2941 de
837 2865 995 2964 proprio
1012 2865 1052 2939 in
1069 2864 1244 2941 omnibus
1262 2865 1470 2941 sustentari
1488 2865 1608 2940 donec
1626 2889 1697 2963 per
1713 2865 1895 2940 iudicium
1913 2865 1976 2940 de·

386 2984 551 3060 liberati⁴
571 2983 718 3061 fuerint
737 2983 798 3059 vel
818 2983 1072 3059 condemnati.
1094 2983 1204 3058 Etsi
1225 2982 1327 3058 forte
1349 2991 1438 3058 ante
1458 2982 1815 3059 condemnationem
1837 2983 1877 3058 in
1898 2983 1976 3082 pri·

387 3130 482 3181 sona
493 3103 668 3192 obierint,
682 3113 788 3179 terra
801 3109 1024 3177 remaneant
1037 3100 1239 3176 heredibus
1253 3110 1292 3177 et
1305 3100 1446 3177 catallo
1459 3109 1684 3177 remaneant
1697 3101 1922 3198 parentibus
1938 3109 1977 3177 et

389 3221 530 3310 amicis,
559 3222 733 3319 quamvis
761 3220 965 3296 manifeste
995 3228 1184 3317 appareat
1214 3219 1318 3318 quod
1347 3218 1443 3295 tales
1475 3218 1605 3297 forent
1634 3219 1915 3296 condemnandi
1945 3220 1976 3297 si

386 3339 569 3416 iudicium
589 3348 867 3436 expectassent,
889 3338 1099 3414 secundum
1120 3338 1224 3436 quod
1244 3337 1385 3414 dicitur
1405 3338 1508 3435 quod
1531 3339 1561 3414 si
1583 3337 1719 3436 aliquis
1741 3336 1811 3414 sub
1831 3339 1977 3414 incerto

387 3482 509 3533 causae
532 3466 671 3533 eventu
694 3456 734 3531 in
755 3456 915 3532 vinculis
938 3456 998 3532 vel
1022 3457 1093 3532 sub
1115 3455 1400 3532 fideiussoribus
1424 3457 1637 3543 decesserit,
1661 3457 1741 3532 eius
1764 3456 1866 3532 bona
1889 3479 1976 3532 con·

388 3577 559 3652 fiscauda
577 3600 655 3650 non
675 3583 800 3651 erunt.
822 3575 907 3650 Nec
926 3599 1013 3649 cum
1034 3575 1118 3673 quis
1138 3575 1179 3649 in
1199 3599 1389 3651 carcerem
1410 3575 1548 3651 ductus
1571 3575 1690 3651 fuerit
1711 3575 1868 3673 spoliari
1890 3600 1977 3651 eum

386 3694 496 3771 bonis
519 3693 723 3793 oportebit,
747 3694 814 3770 sed
837 3693 881 3770 si⁶
905 3701 994 3791 post
1017 3693 1385 3768 condemnationem.
1413 3693 1492 3769 Sed
1515 3693 1696 3790 quoniam
1720 3693 1895 3792 iniquum
1919 3702 1977 3770 est

387 3814 491 3913 quod
507 3813 726 3889 innocentes
743 3811 839 3889 sicut
856 3812 910 3887 illi
926 3811 992 3910 qui
1008 3811 1200 3887 criminosi
1217 3809 1321 3887 sunt⁶
1340 3811 1405 3886 diu
1422 3811 1557 3888 inclusi
1575 3812 1821 3888 detineantur
1838 3812 1879 3886 in
1895 3836 1976 3887 car-

386 3957 483 4020 cere,
496 3931 582 4008 ideo
594 3931 644 4007 ad
656 3930 896 4007 lacrimosam
909 3931 1105 4029 querelam
1119 3938 1327 4028 parentum
1340 3940 1378 4007 et
1394 3929 1613 4018 amicorum,
1628 3929 1676 4006 de
1690 3931 1819 4027 gratia
1833 3929 1978 4006 domini

387 4050 488 4148 regis
505 4049 589 4125 fieri
606 4049 702 4126 solet
718 4048 924 4147 inquisitio,
941 4057 1075 4123 utrum
1091 4046 1308 4124 huiusmodi
1325 4048 1566 4145 imprisonati
1584 4072 1657 4146 pro
1674 4058 1799 4124 morte
1815 4046 1977 4124 hominis

387 4167 596 4267 culpabiles
616 4176 743 4243 essent
760 4167 809 4242 de
827 4175 951 4242 morte
971 4165 1037 4241 illa
1055 4166 1116 4242 vel
1136 4192 1225 4254 non,
1246 4175 1284 4242 et
1304 4176 1436 4243 utrum
1456 4166 1643 4265 appellati
1662 4176 1789 4243 essent
1809 4167 1897 4242 odio
1916 4166 1977 4242 vel

388 4294 491 4386 atys.
519 4286 578 4360 Et
603 4285 718 4360 breve
745 4285 791 4361 de
818 4283 1033 4360 huiusmodi
1060 4283 1304 4382 inquisitione
1330 4284 1426 4359 nulli
1454 4284 1567 4360 debet
1594 4285 1787 4382 denegari.
1817 4283 1977 4360 Forma*

387 4403 512 4480 brevis
528 4401 617 4479 talis
633 4401 719 4478 est.⁸

487 4521 615 4596 Breve
630 4521 677 4596 de
692 4519 935 4618 inquisitione
950 4519 1142 4614 faciendo,
1156 4530 1290 4596 atram
1305 4521 1493 4619 appellati
1508 4522 1585 4598 aar
1601 4520 1689 4598 odio
1705 4520 1766 4598 vel
1782 4531 1884 4620 αἱμα.

387 4639 484 4716 Rax
498 4637 708 4712 vicecomiti
725 4637 898 4714 salutem.
916 4637 1166 4734 Praecipimus
1182 4638 1251 4714 tibi
1268 4640 1371 4736 quod
1386 4665 1458 4737 per
1474 4639 1630 4738 probos⁹
1646 4639 1684 4716 et
1699 4640 1842 4737 legales
1858 4640 1977 4715 homi-

386 4783 454 4834 nes
471 4757 518 4833 de
534 4756 722 4842 comitatu¹
735 4765 804 4832 tuo
821 4755 1025 4852 diligenter
1040 4756 1210 4854 inquiras
1228 4766 1361 4832 utrum
1378 4758 1430 4833 A.
1449 4759 1497 4834 de
1514 4759 1568 4833 N.
1586 4768 1723 4857 captus
1742 4769 1781 4835 et
1798 4759 1977 4835 detentus

388 4973 414 5008 ³⁰
426 4974 506 5050 Om,
521 4974 589 5047 OB,
604 4974 680 5048 MA,
695 4974 770 5046 MB,
785 4973 851 5033 CE.
887 4971 914 5005 ⁴⁰
926 4971 1028 5050 habet,
1044 4973 1110 5047 ΟΕ,
1125 4973 1201 5034 MG.
1238 4973 1263 5007 ⁴²
1276 4981 1393 5050 cuntes,
1409 4975 1476 5048 LA,
1490 4975 1557 5049 CB,
1574 4975 1648 5050 CM,
1664 4975 1736 5036 MC.
1774 4972 1801 5006 ⁴²
1813 4973 1892 5048 Om,
1908 4974 1978 5049 OB,

388 5074 464 5148 MA,
479 5075 553 5135 ΜΒ.
588 5072 615 5106 ⁴⁸
627 5080 669 5148 et,
682 5074 721 5148 V,
735 5074 804 5149 OB,
818 5075 894 5149 ΜΒ,
907 5075 987 5147 cM;
1001 5081 1056 5134 ant
1073 5073 1175 5152 (aut),
1189 5074 1267 5151 MG,
1281 5075 1347 5150 ΟΕ,
1361 5077 1430 5151 OA,
1444 5076 1516 5148 003
1531 5077 1585 5146 sic,
1600 5075 1668 5149 LA,
1683 5075 1745 5136 MC
1754 5097 1762 5147 ;
1778 5096 1846 5151 om,
1861 5075 1899 5136 Y.

470 5171 508 5207 ²¹⁸
520 5178 660 5252 prisoner
679 5192 741 5233 non
761 5172 874 5236 debent
893 5171 933 5233 de
951 5177 1044 5236 terris
1064 5177 1127 5236 suis
1147 5173 1308 5253 disseisiri,
1327 5196 1389 5237 non
1408 5175 1522 5238 debent
1542 5175 1581 5238 de
1601 5181 1694 5238 terris
1715 5181 1777 5237 suis
1798 5176 1979 5253 ubicumque

388 5274 527 5354 spoliari,
545 5275 620 5336 MA.
658 5273 738 5338 'nec
755 5274 805 5350 de,
821 5275 861 5352 V,
879 5274 944 5336 ΟΕ.
983 5273 1143 5350 ‘liberm
1159 5276 1229 5352 OB,
1247 5278 1321 5353 MA,
1340 5278 1415 5338 ΜΒ.
1454 5275 1560 5354 ⁶Om.‚
1577 5280 1617 5354 V,
1635 5278 1675 5353 Y,
1695 5279 1762 5353 OC,
1780 5278 1853 5339 CM.
1892 5274 1979 5337 ‘non

387 5381 461 5451 sint,
476 5378 521 5450 V;
536 5397 598 5437 non
613 5384 696 5451 sunt,
711 5378 757 5450 Y;
773 5397 843 5454 om,
857 5376 926 5437 OB.
963 5374 1002 5412 '¹⁸
1013 5375 1093 5452 0m.,
1110 5375 1179 5453 OB,
1196 5376 1273 5453 MA,
1289 5379 1365 5454 MB,
1382 5378 1449 5454 ΟΕ,
1465 5379 1533 5454 OC,
1549 5379 1622 5440 CM.
1661 5377 1792 5456 ⁹b0u0s,
1809 5379 1884 5455 ΜΒ,
1903 5378 1978 5439 MA
