4432 6340
624 481 685 543 DE
708 481 1011 556 ADQUIRENDO
1034 485 1192 547 RERUM
1216 486 1418 548 DOMINIO
1744 495 1819 570 247

227 631 289 706 vel
312 656 553 731 quacumque
577 633 727 709 ratione
751 635 801 712 ad
825 633 946 712 vitam
970 637 1150 725 tenuerit,
1175 637 1359 713 relevium
1385 638 1502 715 dabit.
1532 639 1635 714 Item
1660 665 1730 715 nec
1755 640 1819 716 ille

228 749 294 848 qui
309 749 478 848 aliquam
492 751 647 828 duxerit
661 752 702 828 in
715 778 877 830 uxorem
892 779 976 853 quae
991 755 1227 854 aliquamdiu
1244 755 1416 833 extiterit
1430 757 1470 832 in
1486 757 1660 834 custodia
1675 759 1819 836 domini

229 867 297 943 sui.
315 869 420 945 Item
432 894 502 945 nec
516 869 580 946 ille
594 871 660 969 qui
675 871 927 971 quacumque'
942 871 1105 949 ratione⁸
1121 875 1241 951 fuerit
1256 876 1297 949 in
1311 875 1486 952 custodia
1500 875 1589 974 plus
1604 876 1665 952 vel
1680 877 1819 966 minus,

229 991 322 1068 dum
341 998 472 1066 tamen
493 991 669 1067 dominus
689 991 842 1067 nomine
863 992 1043 1068 custodire
1065 993 1251 1092 receperit
1272 995 1322 1070 ad
1342 993 1551 1070 valentiam
1571 995 1684 1071 unius
1706 995 1818 1072 oboli.

230 1108 334 1184 Item
362 1133 432 1184 nec
458 1108 524 1184 ille
552 1107 618 1207 qui
647 1109 763 1185 semel
791 1109 975 1186 relevium
1004 1110 1152 1188 dederit
1183 1113 1366 1209 quamdiu
1395 1112 1535 1188 vixerit
1564 1113 1670 1188 aliud
1700 1114 1818 1192 dabit.

228 1227 400 1302 Possunt
417 1237 548 1303 tamen
564 1227 735 1324 quidam⁹
754 1253 835 1305 esse
854 1229 925 1305 sub
943 1231 1117 1307 custodia
1136 1241 1175 1307 et
1193 1231 1437 1308 nihilominus
1457 1231 1641 1310 relevium
1660 1233 1820 1322 dabunt,

228 1345 429 1443 quamvis¹⁰
447 1345 594 1422 fuerint
609 1346 715 1422 infra
730 1356 894 1437 aetatem,
912 1349 979 1426 sed
993 1356 1088 1424 tunc
1105 1351 1259 1426 demum
1276 1351 1451 1427 dabunt¹1
1469 1377 1557 1428 cum
1574 1351 1820 1450 pervenerint

229 1468 278 1543 ad
295 1476 448 1543 atatem
465 1477 504 1544 et
522 1492 600 1542 non
617 1478 718 1544 ante.
741 1467 819 1546 Sed
836 1468 907 1543 hoc
925 1477 983 1544 est
1003 1469 1165 1568 speciale
1184 1471 1224 1544 in
1243 1496 1334 1567 rege
1353 1480 1516 1570 propter
1534 1496 1647 1547 suum
1666 1471 1819 1571 privile·

228 1585 346 1684 giam,
365 1596 411 1662 ut
427 1585 459 1662 si
477 1586 561 1685 quis
579 1612 650 1684 per
668 1587 967 1664 feoffamentum
982 1588 1103 1687 ipsius
1121 1588 1264 1664 domini
1283 1589 1384 1688 regis
1403 1599 1533 1666 tenere
1551 1590 1689 1667 debeat
1708 1592 1756 1667 de
1774 1615 1819 1666 eo

228 1704 413 1802 incapite
432 1714 471 1781 et
490 1705 691 1782 heredibus
712 1706 789 1782 suis
809 1705 849 1781 in
870 1707 996 1795 feodo,
1017 1732 1115 1806 pure
1136 1707 1216 1784 sine
1237 1707 1366 1806 aliqua
1385 1708 1616 1797 condicione,
1638 1708 1727 1785 vel¹²
1747 1708 1819 1788 sub

227 1821 486 1912 condicione,²⁸
500 1825 593 1900 dum
605 1834 736 1900 tamen
748 1826 830 1924 ipse
843 1851 912 1901 rex
923 1833 1103 1902 teneatur
1116 1827 1165 1902 ad
1178 1827 1406 1902 warentiam
1418 1836 1458 1903 et
1470 1828 1721 1917 excambium,
1736 1828 1819 1928 ipse

229 1941 324 2017 rex¹⁴
341 1940 495 2020 habebit
513 1943 726 2019 custodiam
744 1943 915 2020 omnium
934 1954 1126 2021 terrarum
1145 1943 1267 2044 quas¹³
1285 1945 1374 2022 talis
1391 1947 1560 2022 tenuerit
1579 1947 1627 2023 de
1646 1947 1729 2023 aliis
1748 1973 1819 2047 per

228 2061 425 2139 servitium
438 2062 615 2152 militare,
630 2062 679 2139 de
693 2062 965 2162 cuiuscumque
980 2064 1095 2140 feodo
1111 2064 1270 2153 fuerint,
1286 2091 1407 2163 usque
1423 2066 1473 2141 ad
1488 2072 1641 2140 aetatem
1657 2065 1816 2141 heredis.

228 2181 285 2259 Ilt
305 2206 393 2258 cum
412 2181 501 2259 talis
523 2181 573 2258 ad
592 2191 745 2258 aetatem
765 2182 995 2281 pervenerit,
1016 2182 1197 2259 restituta
1217 2183 1251 2259 ei
1272 2183 1485 2259 hereditate
1505 2183 1613 2260 dabit
1634 2183 1817 2260 relevium

228 2300 390 2376 dominis
414 2301 491 2376 suis
517 2310 556 2377 et
579 2327 658 2377 non
683 2301 802 2400 prius,
829 2302 917 2400 quia
943 2309 1205 2378 tenementum
1231 2303 1339 2401 prius
1366 2302 1545 2400 distringi
1571 2328 1649 2378 non
1674 2303 1818 2402 poterit

228 2418 358 2519 quod¹⁸
377 2419 548 2496 extiterit
566 2420 607 2496 in
624 2446 743 2496 manu
762 2419 906 2496 domini
924 2419 1038 2517 regis,
1058 2445 1127 2496 nec
1146 2430 1366 2497 tenemento
1385 2446 1518 2497 eorum
1538 2422 1604 2520 qui
1622 2422 1817 2499 tenuerint

227 2540 274 2617 de
291 2538 591 2616 antecessoribus
606 2537 766 2628 heredis,
783 2538 872 2615 licet
886 2539 1064 2616 videatur
1080 2539 1183 2637 quod
1200 2539 1379 2639 distringi
1395 2538 1584 2638 possint,²'
1602 2541 1693 2639 quia
1709 2539 1817 2620 heres

226 2661 332 2736 infra
348 2668 501 2736 atatem
517 2657 740 2756 homagium
758 2683 894 2757 capere
913 2658 1058 2757 poterit
1077 2666 1116 2733 et
1136 2659 1274 2746 facere,
1295 2667 1334 2735 et
1354 2660 1457 2755 quod
1476 2658 1608 2735 statim
1627 2658 1734 2757 sequi
1753 2661 1817 2735 de·

227 2780 316 2858 beat
334 2780 518 2857 relevium
536 2777 785 2877 homagium¹⁸
804 2787 974 2876 captum.
996 2780 1099 2854 Item
1117 2788 1200 2856 esto
1220 2780 1323 2877 quod
1341 2779 1449 2864 heres
1470 2780 1520 2855 sit
1540 2780 1736 2868 astrarius,
1756 2779 1817 2855 vel

227 2902 330 3001 quod
345 2900 480 3000 aliquis
496 2911 711 2977 antecessor
723 2899 903 2978 restituat
916 2900 1046 2977 heredi
1060 2901 1100 2975 in
1114 2899 1195 2976 vita
1209 2926 1278 2976 sua
1291 2899 1544 2976 hereditatem
1558 2910 1597 2976 et
1612 2926 1652 2976 se
1668 2900 1816 2976 dimise·

227 3023 290 3112 rit,
311 3020 464 3099 videtur
485 3021 588 3121 quod
609 3021 716 3097 nullo
738 3029 912 3121 tempore
934 3020 1070 3097 iacebit
1091 3020 1292 3097 hereditas.
1316 3021 1374 3098 Et
1396 3019 1508 3097 ideo²⁰
1530 3020 1634 3119 quod
1656 3020 1817 3097 relevari

227 3141 333 3218 non¹⁰
346 3143 468 3241 possit
482 3167 552 3218 nee
566 3141 714 3231 debeat,
729 3167 798 3218 nec
812 3140 995 3218 relevium
1010 3141 1104 3218 dari.
1123 3142 1202 3217 Sed
1216 3168 1257 3218 re
1272 3167 1362 3217 vera
1378 3141 1716 3239 quotienscumque
1732 3142 1816 3239 quis

226 3263 444 3362 ingreditur
462 3273 507 3339 ut
525 3263 633 3340 heres
653 3272 692 3339 et
711 3289 781 3362 per
800 3262 1035 3351 decessum,²²
1055 3262 1249 3339 relevatur
1267 3261 1458 3338 hereditas
1478 3263 1519 3338 in
1539 3287 1704 3361 persona
1724 3263 1816 3350 eius,

227 3396 266 3462 et
281 3387 355 3463 erit
370 3385 554 3463 relevium
571 3386 743 3463 dandum
761 3385 892 3461 statim
909 3394 999 3482 post
1016 3382 1238 3481 homagium
1255 3391 1426 3482 captum,
1445 3382 1548 3482 quod
1567 3383 1720 3481 quidem
1738 3408 1817 3458 non

226 3508 337 3584 fieret
354 3506 427 3583 nisi
444 3507 712 3606 ingrederetur
730 3515 775 3582 ut
793 3505 912 3581 heres.
933 3506 1037 3581 Item
1056 3503 1239 3602 quaritur
1258 3531 1309 3580 an
1327 3503 1444 3580 bbere
1464 3512 1638 3581 tenentes
1659 3504 1816 3580 alicuius

226 3627 374 3704 heredis
396 3627 446 3704 ad
467 3627 650 3703 relevium
672 3627 844 3703 dandum
865 3635 1071 3702 teneantur
1092 3625 1344 3701 contribuere.
1368 3626 1463 3699 Non
1484 3635 1529 3701 ut
1551 3624 1715 3713 videtur,
1739 3625 1817 3701 sive

227 3748 304 3824 sint
319 3747 612 3848 propinquiores
627 3755 802 3823 tenentes
818 3747 895 3823 sive
912 3745 1145 3834 remotiores,
1162 3771 1250 3822 cum
1267 3744 1426 3844 quilibet
1443 3746 1491 3822 de
1507 3755 1632 3822 morte
1648 3754 1815 3822 anteces-

227 3866 321 3944 soris
335 3868 483 3968 proprii
497 3877 675 3943 teneatur
690 3868 739 3942 ad
754 3866 938 3943 relevium
953 3891 1021 3942 suo
1037 3864 1247 3942 feoffatori.
1265 3867 1368 3942 Item
1383 3865 1567 3964 quaeritur
1582 3866 1614 3942 si
1629 3890 1717 3941 cum
1733 3865 1817 3964 quis

228 3988 347 4064 fuerit
372 3988 478 4064 infra
501 3996 654 4064 aetatem
679 3998 718 4064 et
742 3987 784 4063 in
807 3986 981 4064 custodia
1006 3987 1150 4062 domini
1176 3985 1246 4075 sui,
1273 3996 1312 4062 et
1337 3995 1472 4062 tenens
1498 4012 1590 4062 suus
1616 3986 1816 4074 moriatur,

226 4108 364 4185 herede
380 4107 512 4185 relicto
529 4109 595 4207 qui
612 4107 731 4185 fuerit
747 4108 852 4184 infra
868 4117 1032 4197 aetatem,
1049 4108 1089 4183 in
1105 4107 1211 4183 cuius
1228 4106 1402 4182 custodia
1418 4132 1499 4183 esse
1516 4107 1664 4183 debeat.
1683 4107 1742 4182 Et
1759 4115 1817 4182 est

226 4247 360 4305 verum
375 4230 478 4328 quod
494 4229 534 4304 in
549 4228 723 4305 custodia
737 4227 866 4304 illius²²
883 4228 1027 4305 domini
1042 4227 1217 4326 capitalis
1234 4228 1304 4303 sub
1321 4227 1427 4304 cuius
1443 4227 1617 4303 custodia
1634 4236 1692 4302 est
1707 4225 1816 4302 heres

226 4358 265 4425 et
278 4358 474 4426 warantus
490 4375 593 4439 suus,
608 4375 697 4426 cum
711 4348 886 4426 omnibus
901 4349 1026 4438 terris,
1040 4347 1297 4425 tenementis¹³
1313 4347 1380 4424 et²‘
1396 4346 1608 4424 redditibus
1624 4371 1709 4446 quae
1726 4355 1816 4423 sunt

227 4470 256 4546 f.
273 4469 368 4563 85b]
424 4472 472 4546 de
496 4471 612 4547 feodo
634 4470 736 4546 illius
760 4469 903 4547 domini
927 4469 1115 4569 capitalis,
1140 4469 1309 4546 sednon
1334 4495 1379 4545 ea
1404 4493 1488 4567 quae
1513 4477 1603 4545 sunt
1628 4468 1676 4545 de
1701 4467 1816 4544 feodo

227 4589 362 4680 alieno,
379 4591 470 4690 quia
485 4601 578 4668 tunc
594 4590 803 4690 pertinebit
818 4591 1067 4689 maritagium
1083 4591 1232 4667 heredis
1250 4601 1289 4668 et
1307 4588 1481 4666 custodia
1497 4599 1610 4666 terrae
1628 4589 1678 4666 ad
1697 4587 1816 4665 domi·

224 4807 522 4889 'qualitercumque
542 4811 616 4882 OB;
637 4818 739 4871 temen
760 4828 898 4888 cumque,
919 4810 998 4882 MC;
1020 4817 1307 4888 quantumcumque,
1329 4807 1398 4882 OA,
1420 4807 1487 4882 LA,
1508 4806 1575 4868 00.
1619 4803 1724 4882 ⁸0m.,
1747 4805 1816 4879 OA,

226 4911 295 4986 OB,
318 4909 385 4986 00,
407 4911 474 4985 LA,
497 4911 574 4988 MA,
596 4912 673 4986 MB,
696 4912 775 4984 MC;
803 4910 893 4988 (fuit,
916 4911 985 4985 OB,
1009 4910 1105 4988 ΜΒ).
1150 4907 1308 4987 'quidem
1331 4909 1405 4982 0133
1429 4907 1524 4988 quid„
1548 4909 1624 4984 MA,
1648 4908 1725 4983 ΜΒ,
1749 4907 1816 4982 00,

225 5009 264 5070 Y.
301 5009 367 5045 ¹¹¹¹¹
380 5011 460 5087 Om.,
475 5010 544 5086 OB,
559 5012 636 5088 MA,
652 5013 727 5073 MB.
764 5009 830 5045 ¹¹¹¹¹
843 5011 923 5088 Om.,
939 5010 1009 5085 OA,
1024 5012 1093 5086 OB,
1110 5011 1185 5071 MA.
1225 5007 1403 5071 ¹⁴domInus
1420 5029 1485 5085 rex,
1502 5009 1571 5085 OB,
1587 5009 1662 5069 MB.
1701 5005 1816 5086 ¹⁶quoe‚

227 5110 265 5186 V,
285 5112 355 5187 OA,
375 5111 445 5188 OB,
464 5111 532 5187 OC,
553 5113 621 5188 ΟΕ,
642 5113 718 5187 MA,
740 5114 816 5188 ΜΒ,
838 5112 917 5185 Μο;
939 5133 1040 5192 quam,
1063 5112 1139 5173 MG.
1183 5110 1258 5172 ¹⁸00
1280 5111 1372 5190 quod,
1393 5111 1433 5185 V,
1457 5113 1530 5173 CM.
1574 5108 1601 5144 ²'
1612 5117 1754 5189 possunt,
1776 5109 1816 5186 V,

227 5211 303 5286 MA,
319 5212 402 5285 MG;
418 5219 556 5291 possent,
572 5213 612 5274 Y.
650 5211 677 5246 ²⁸
688 5222 760 5290 post
776 5213 962 5291 homagium,
979 5213 1018 5287 V,
1035 5214 1110 5274 ΜΒ.
1149 5211 1215 5246 ¹¹¹¹¹
1227 5211 1309 5290 quod
1326 5212 1459 5272 relevari
1475 5210 1544 5273 ideo
1561 5233 1634 5286 non,
1653 5211 1722 5287 OB,
1740 5212 1816 5285 MA,

227 5312 301 5373 MB.
344 5311 369 5346 ²²
381 5311 570 5389 descensum,
590 5314 659 5390 OA,
679 5314 746 5388 LA,
766 5313 811 5387 V;
832 5313 1005 5388 decessum,
1026 5314 1092 5376 OC.
1135 5311 1282 5391 ²¹ipsius,
1304 5314 1373 5390 OB,
1395 5314 1471 5390 MA,
1493 5314 1569 5388 MB,
1591 5313 1658 5389 GE,
1680 5313 1754 5388 cM,
1775 5313 1816 5391 Y,

227 5412 303 5474 MG.
338 5411 366 5446 ²⁸
377 5414 458 5490 Om,
473 5414 540 5488 CE,
554 5415 595 5488 Y,
610 5414 687 5475 MG.
722 5411 790 5447 ²⁸⁴⁴
801 5415 882 5490 Om,
898 5415 966 5488 OB,
982 5414 1058 5488 MA,
1075 5415 1149 5476 MB.
