4374 6366
760 483 820 543 DE
844 482 1048 544 PLACITIS
1071 483 1260 545 CORONAE
1734 493 1807 562 419

219 639 281 708 ter
303 630 491 720 comitem,
515 639 560 707 ut
583 639 732 708 statuto
755 631 815 709 die
839 632 986 709 veniret
1011 634 1060 710 ad
1084 633 1230 710 curiam
1254 634 1304 710 ad
1329 635 1687 713 disrationandum⁸²
1712 663 1753 714 se
1777 637 1808 714 si

221 759 361 848 posset.
375 750 514 826 Comes
527 758 657 826 autem
670 760 714 826 ut
726 750 873 827 audivit
886 751 1003 827 verba
1016 752 1129 848 regis,
1142 752 1281 829 timens
1295 753 1393 828 iram
1406 754 1507 852 regis
1522 779 1595 852 pro
1609 781 1678 832 suo
1692 756 1808 832 male·

220 867 317 957 ficio,
333 868 533 967 respondit
547 868 649 966 quod
664 868 714 944 ad
728 868 828 944 hunc
843 869 1050 945 terminum
1064 896 1143 945 non
1156 868 1314 968 posset⁸⁸
1330 871 1385 947 ire
1401 872 1450 947 ad
1465 873 1623 960 curiam,
1639 873 1705 949 sed
1721 899 1808 949 con·

220 985 303 1062 silio
329 988 539 1062 amicorum
565 1012 722 1062 suorum
747 987 946 1063 mandavit
973 989 1055 1086 regi
1082 996 1244 1086 propter
1270 989 1548 1087 pacificandam
1575 992 1672 1067 iram
1700 1018 1809 1069 suam

222 1101 353 1203 quod⁸⁴
377 1105 489 1181 daret
514 1105 547 1180 ei
572 1104 756 1181 ducentas
782 1104 898 1182 libras
923 1105 1169 1182 Beluacensis
1195 1115 1369 1196 moneta,
1397 1117 1435 1184 et
1462 1108 1591 1184 decem
1617 1134 1734 1209 equos
1761 1111 1810 1186 de

221 1223 356 1320 pretio.
379 1222 599 1300 Ioculatrici
620 1222 777 1300 autem⁸⁵
797 1233 952 1299 centum
971 1223 1099 1312 libras,
1121 1234 1161 1301 et
1181 1251 1266 1301 eam
1287 1225 1396 1302 daret
1417 1227 1457 1300 in
1478 1227 1680 1324 coniugem
1701 1227 1809 1305 diviti

220 1340 403 1438 burgensi
425 1349 494 1416 aut
514 1341 626 1418 militi
649 1342 714 1440 qui
736 1367 821 1419 eam
842 1341 999 1419 honeste
1021 1342 1230 1419 custodiret
1253 1344 1429 1420 omnibus
1452 1344 1585 1420 diebus
1609 1344 1696 1421 vitae
1721 1370 1807 1422 suae.

221 1461 310 1536 Rex
332 1459 487 1559 quidem
508 1460 637 1535 omnia
657 1459 735 1534 haec
757 1460 1001 1536 subsanando
1023 1461 1161 1548 renuit,
1186 1461 1313 1538 dicens
1337 1464 1440 1560 quod
1463 1488 1541 1539 non
1564 1473 1662 1540 esset
1686 1463 1809 1540 iustus

220 1578 383 1655 vicarius
407 1578 468 1654 dei
494 1578 525 1653 si
549 1586 700 1654 tantam
724 1579 936 1676 nequitiam
960 1579 1124 1655 inultam
1149 1580 1332 1657 venderet
1358 1605 1430 1679 pro
1456 1590 1630 1678 argento,
1657 1591 1695 1658 et
1721 1606 1810 1658 cum

220 1720 364 1794 magna
382 1697 441 1772 ira
461 1696 554 1772 fecit
574 1721 815 1772 summouere
836 1697 1057 1786 exercitum,
1079 1697 1285 1797 disponens
1305 1699 1362 1773 ire
1383 1725 1499 1797 super
1520 1725 1619 1775 eum.
1645 1699 1723 1775 Sed
1744 1699 1809 1775 ba-

215 1839 333 1891 rones
357 1814 503 1913 precati
526 1823 618 1890 sunt
640 1812 798 1912 regem⁸⁶
822 1824 866 1892 ut
889 1815 941 1890 eis
965 1814 1134 1892 indutias
1158 1824 1244 1891 octo
1268 1815 1416 1892 dierum
1439 1816 1589 1903 daret‚⁸⁷
1615 1815 1681 1894 et⁸⁸
1706 1818 1811 1917 quod

220 1941 379 2031 possent
399 1958 488 2008 eum
508 1932 697 2009 adducere
718 1934 767 2009 ad
788 1933 1086 2009 misericordiam
1108 1959 1227 2010 suam.
1252 1934 1369 2024 Quod
1390 1934 1456 2010 vix
1478 1934 1673 2024 concessit,
1697 1945 1736 2012 et
1759 1935 1810 2011 sic

221 2050 303 2149 ipse
317 2075 440 2127 comes
456 2051 613 2127 consilio
626 2051 813 2127 baronum
828 2053 933 2128 venit
948 2052 998 2127 ad
1013 2052 1169 2127 curiam.
1187 2053 1244 2128 Et
1260 2077 1347 2128 cum
1363 2079 1432 2128 rex
1447 2053 1645 2151 comparui
1665 2051 1692 2087 ⁸⁹
1707 2053 1811 2152 quod

219 2169 335 2245 vellet
352 2171 487 2245 cedere
506 2171 556 2245 ad
575 2170 692 2269 pedes
710 2169 802 2258 eius,
820 2169 976 2246 divertit
995 2168 1063 2247 se⁰⁰
1082 2170 1209 2246 dicens
1230 2181 1298 2247 aut
1317 2180 1517 2269 pateretur
1535 2170 1721 2247 iustitiam
1740 2181 1808 2246 aut

220 2287 430 2384 discederet
449 2312 473 2361 a
492 2287 608 2362 curia.
631 2287 738 2377 Quid
759 2286 894 2385 plura?
914 2287 1059 2365 Omnes
1081 2287 1242 2364 barones
1262 2288 1525 2365 clamaverunt
1547 2298 1586 2366 et
1608 2290 1808 2365 confirma·

220 2414 360 2481 venmt
380 2413 515 2481 contra
533 2430 663 2502 regem
684 2406 787 2503 quod
807 2405 891 2504 ipse
910 2431 979 2481 rex
999 2404 1263 2482 concesserat⁹1
1284 2407 1316 2482 ei
1338 2407 1635 2483 misericordiam
1656 2408 1811 2506 quando

220 2524 407 2600 miserunt
428 2549 500 2622 pro
521 2548 576 2599 eo.
598 2524 776 2599 Tandem
797 2549 865 2599 rex
886 2525 951 2599 rix
971 2525 1167 2600 concessit.
1189 2523 1389 2624 Episcopi,
1409 2525 1566 2602 comites
1588 2535 1627 2602 et
1649 2524 1810 2602 barones

221 2639 367 2717 locuti⁹²
379 2665 466 2716 cum
480 2641 617 2717 comite
630 2641 902 2740 disposuerunt
917 2643 1020 2740 quod
1034 2642 1116 2741 ipse
1129 2667 1254 2718 comes
1270 2642 1486 2719 subarravit
1501 2669 1586 2719 eam
1601 2669 1685 2741 quae
1698 2643 1810 2720 nimis

221 2769 305 2835 erat
328 2759 489 2857 pulchra
511 2768 550 2835 et
571 2759 735 2858 sapiens,
759 2769 798 2837 et
820 2785 904 2858 quae
926 2760 1069 2858 largita
1092 2770 1149 2838 est
1171 2761 1313 2836 multas
1338 2762 1561 2837 elemosinas
1583 2761 1747 2837 ecclesiis
1772 2770 1811 2837 et

222 2877 468 2977 pauperibus.
484 2878 583 2968 Quae
597 2887 727 2954 tamen
741 2878 788 2954 de
804 2878 935 2954 Iudeis
949 2888 1053 2966 nata,
1070 2904 1093 2953 a
1108 2887 1220 2977 patre
1235 2888 1274 2956 et
1287 2888 1411 2954 matre
1427 2888 1465 2956 et
1480 2880 1625 2955 cunctis
1642 2878 1810 2979 parenti-

222 2995 304 3071 bus.
325 2994 425 3070 Haeo
444 2995 671 3094 dispositi0⁹⁸
691 3022 714 3071 a
732 2996 873 3073 talibus
893 3006 932 3072 et
950 2996 1069 3074 tantis
1090 2997 1197 3073 facta
1214 2996 1254 3073 in
1274 3007 1428 3074 tantum
1447 2997 1614 3074 excrevit
1636 3007 1676 3074 et
1696 2997 1811 3073 subli-

221 3124 328 3190 mata
341 3123 412 3203 est,
427 3115 619 3213 quodiam
632 3116 764 3192 multis
778 3114 869 3192 locis
884 3115 992 3215 quasi
1007 3115 1342 3192 consuetudinaria
1356 3114 1578 3205 habetur>

322 3385 376 3460 la
392 3383 531 3483 pacibus
547 3384 696 3462 casibus
714 3385 850 3462 molier
868 3383 982 3461 babet
1000 3383 1210 3485 appelleon.

224 3500 309 3578 IN⁹⁴
325 3502 462 3601 quibus
479 3503 628 3579 casibus
646 3503 792 3579 femina
809 3503 1006 3602 appellum
1023 3503 1162 3579 habeat
1180 3503 1398 3579 videndum.
1418 3504 1476 3579 Bt
1495 3503 1690 3579 sciendum
1709 3502 1813 3600 quod

222 3646 301 3696 non
318 3621 390 3696 nisi
407 3621 447 3696 in
465 3621 625 3709 duobus,
644 3648 714 3720 per
732 3622 835 3720 quod
853 3623 964 3697 alicui
982 3622 1045 3698 lex
1063 3647 1256 3721 apparens
1275 3622 1411 3697 debeat
1431 3620 1651 3708 adiudicari,
1671 3619 1812 3696 scilicet

223 3765 302 3814 non
317 3739 389 3815 nisi
406 3740 454 3815 de
469 3739 608 3815 iniuria
625 3749 663 3816 et
679 3739 861 3816 violentia
877 3739 1047 3839 corporis
1065 3741 1124 3816 sui
1140 3740 1259 3827 illata,
1278 3740 1374 3816 sicut
1392 3740 1439 3815 de
1457 3748 1574 3838 raptu
1592 3748 1636 3815 ut
1655 3737 1812 3836 praedic·

222 3869 307 3937 tum
320 3869 388 3936 est.
404 3860 507 3936 Item
519 3859 585 3937 et⁹⁵
599 3861 646 3936 de
658 3868 782 3937 morte
795 3860 866 3935 riri
880 3861 938 3936 sui
951 3860 1145 3936 interfecti
1159 3861 1260 3936 inter
1272 3859 1437 3947 brachia,
1452 3867 1490 3936 et
1504 3885 1582 3936 non
1596 3858 1671 3934 alio
1684 3858 1811 3934 modo.

223 3978 288 4055 De
302 3986 427 4054 morte
443 3977 514 4054 viri
529 3976 616 4055 sui⁹⁸
632 3977 684 4054 sic
699 3979 751 4053 fia
771 3977 796 4012 ⁹²
814 3978 1024 4077 appellum.

323 4103 387 4179 De
404 4100 559 4201 appello
576 4103 623 4179 de
640 4112 762 4179 morte
779 4102 851 4179 uiri
866 4103 936 4179 eoi.

223 4227 275 4302 A.
294 4248 391 4308 oum
409 4225 486 4301 fuit
504 4251 603 4301 uxor
620 4226 668 4301 Β.
688 4225 860 4324 appellat
879 4226 924 4310 C.
944 4226 1047 4324 quod
1065 4248 1154 4301 cum
1171 4225 1219 4301 Β.
1239 4225 1298 4300 vir
1316 4251 1406 4300 suus
1425 4233 1523 4300 esset
1541 4223 1611 4301 tali
1628 4223 1723 4312 loco,
1743 4222 1813 4299 tali

223 4347 296 4436 die,
311 4346 381 4423 tali
395 4372 508 4435 anno,
522 4347 627 4424 venit
642 4347 745 4422 idem
760 4348 805 4423 C.
821 4371 908 4422 cum
923 4347 961 4421 vi
976 4372 1056 4434 sua,
1073 4355 1111 4422 et
1125 4344 1301 4443 nequiter
1317 4353 1355 4420 et
1371 4344 1411 4419 in
1426 4344 1570 4420 felonia
1585 4352 1751 4420 etcetera
1768 4351 1812 4419 ut

224 4493 354 4567 supra,
375 4467 512 4543 occidit
532 4468 660 4566 ipsum
679 4468 728 4543 Β.
749 4467 875 4543 virum
894 4492 1006 4542 suum
1026 4467 1128 4542 inter
1147 4464 1301 4541 brachia
1321 4490 1401 4541 sua.
1424 4464 1483 4540 Et
1504 4465 1606 4562 quod
1627 4463 1698 4539 hoc
1720 4462 1813 4540 fecit

223 4589 399 4687 nequiter
419 4598 457 4665 et
479 4589 519 4664 in
540 4587 695 4676 felonia,
716 4587 834 4664 offert
856 4596 1022 4664 etcetera
1042 4596 1087 4663 ut
1110 4611 1239 4684 supra.
1263 4585 1416 4661 Eadem
1438 4584 1611 4684 appellat
1633 4584 1685 4660 E.
1709 4583 1813 4681 quod

223 4806 250 4840 '³'
262 4805 335 4868 disr.
355 4806 403 4866 vel
423 4805 661 4879 defendendum,
679 4806 720 4879 V,
739 4806 808 4881 OB,
827 4805 903 4878 MA,
923 4804 998 4865 ΜΒ.
1039 4801 1065 4837 ⁸⁸
1077 4807 1187 4881 possit,
1208 4802 1285 4877 MG,
1305 4803 1380 4878 CM,
1400 4801 1465 4862 CE.
1506 4798 1626 4875 “Om,
1645 4799 1714 4874 OA,
1735 4800 1811 4861 MG.

224 4905 250 4942 ⁸⁸
262 4914 326 4982 aut,
344 4908 413 4982 OB,
433 4907 509 4981 MA,
529 4907 605 4981 ΜΒ,
625 4906 692 4981 CE,
710 4906 784 4967 CM.
826 4904 932 4967 “eum
951 4924 1066 4983 regem,
1085 4905 1154 4977 OB,
1175 4904 1250 4979 MA,
1271 4903 1346 4964 ΜΒ.
1388 4901 1413 4936 ⁸⁷
1426 4901 1566 4978 donaret,
1585 4903 1625 4979 V,
1644 4901 1714 4975 OA,
1735 4902 1811 4963 MG.

224 5004 342 5081 ⁸⁸Ona,
369 5006 437 5082 OB,
465 5007 541 5082 MA,
567 5006 642 5067 ΜΒ.
690 5003 911 5084 ⁸⁸comparnit,
936 5006 976 5081 V,
1003 5005 1072 5078 OA,
1099 5006 1166 5080 CB,
1193 5005 1271 5078 MG,
1298 5005 1372 5078 CM,
1399 5004 1472 5076 00;
1499 5003 1622 5078 viderit,
1648 5005 1718 5079 OB,
1746 5004 1812 5063 MA

227 5107 384 5187 (regem);
405 5107 543 5183 vidisset,
564 5107 639 5167 ΜΒ.
681 5104 739 5168 ⁹⁰2
759 5125 802 5181 se,
823 5106 891 5180 OB,
911 5107 987 5180 MA,
1008 5107 1084 5180 ΜΒ,
1106 5107 1172 5181 οΒ,
1194 5107 1262 5167 OA.
1305 5104 1330 5138 ⁹²
1343 5109 1539 5181 concesserit,
1559 5107 1633 5182 οΜ,
1655 5105 1722 5181 00,
1743 5104 1813 5181 OB,

224 5207 305 5280 MA;
324 5212 534 5281 concessisset,
553 5208 634 5279 MB;
653 5213 854 5281 concesserat,
872 5207 948 5268 MG.
988 5205 1014 5240 ⁹²
1026 5206 1121 5267 locuti
1139 5213 1222 5282 sunt,
1240 5208 1308 5283 OA,
1327 5207 1394 5280 OC,
1413 5208 1481 5283 OB,
1501 5207 1576 5282 MA,
1595 5207 1670 5267 ΜΒ.
1712 5205 1812 5267 ”dis-

223 5313 376 5386 pensatio,
398 5308 437 5383 V,
460 5307 528 5382 OA,
551 5307 628 5382 MG,
651 5309 717 5369 OC.
762 5305 873 5367 “item
894 5311 937 5382 in,
960 5308 1029 5382 OB,
1052 5307 1128 5382 MA,
1152 5309 1226 5368 ΜΒ.
1272 5305 1391 5385 ⁹⁶Om.,
1415 5309 1492 5384 MG,
1516 5309 1591 5384 CM,
1615 5309 1680 5370 OC.
1726 5306 1811 5370 ⁹'sui

223 5407 393 5481 interfecti,
410 5408 478 5484 LA,
496 5409 535 5483 Y,
554 5408 627 5469 MC.
668 5405 693 5441 ⁹⁷
707 5407 770 5481 fiet,
787 5409 855 5483 OC,
873 5408 950 5481 MG,
969 5409 1042 5470 CM.
