4392 6352
332 506 408 581 270
865 501 1087 564 BRACTON:
1111 501 1171 562 DE
1195 502 1388 565 LEGIBUS

333 649 424 728 dam
448 660 574 728 castro
599 653 640 729 in
663 651 868 742 Hibernia,
894 653 959 729 ubi
983 654 1176 730 comitissa
1200 655 1337 732 dotata
1361 653 1439 730 fuit
1465 655 1513 731 de
1537 663 1620 732 toto
1646 655 1817 731 manerio
1843 655 1924 733 sine

333 767 464 868 aliqua
486 770 722 870 exceptione,
748 771 852 869 quod
876 771 953 849 fuit
978 779 1097 871 caput
1121 771 1297 850 baroniae.
1325 772 1478 850 Poterit
1503 773 1646 851 etiam⁸⁸
1671 800 1772 850 uxor
1797 775 1924 852 dotari

333 887 561 965 nominatim
578 889 649 965 sub
666 889 886 967 condicione
904 891 966 966 vel
983 891 1074 968 sine.
1096 890 1228 978 Sine,⁸¹
1246 902 1292 970 ut
1311 893 1342 969 si
1361 892 1464 968 dicat
1481 891 1541 968 vir
1558 892 1671 968 uxori
1690 893 1793 991 quod
1813 894 1924 970 dotat

332 1034 418 1085 eam
437 1008 572 1085 detali
591 1009 762 1085 manerio
780 1034 868 1086 cum
887 1009 1140 1108 pertinentiis.
1161 1010 1252 1099 Quo
1272 1035 1374 1099 casu,
1395 1011 1426 1087 si
1446 1008 1608 1088 sufficiat
1629 1012 1680 1087 ad
1700 1012 1830 1088 dotem
1850 1037 1923 1111 pro

332 1127 449 1203 tertia
465 1135 578 1226 parte
593 1127 713 1204 totius
730 1126 951 1205 hereditatis
968 1127 1040 1204 viri
1059 1128 1129 1218 sui,
1146 1137 1277 1206 tenere
1295 1155 1335 1206 se
1353 1129 1467 1206 dehet
1482 1139 1715 1219 contentam,
1734 1141 1773 1207 et
1791 1155 1923 1208 omnes

332 1244 573 1343 pertinentia
592 1246 642 1321 ad
661 1245 785 1344 ipsam
803 1247 1000 1344 pertinent
1017 1247 1057 1321 in
1076 1247 1389 1324 advocationibus
1408 1257 1447 1325 et
1465 1247 1731 1325 collationibus
1751 1248 1922 1326 ecclesia·

333 1390 432 1452 rum,
448 1365 488 1441 in
502 1365 723 1442 custodibus
738 1374 777 1442 et
794 1365 941 1442 releviis
957 1375 996 1442 et
1010 1365 1224 1464 maritagiis
1240 1376 1280 1443 et
1296 1366 1472 1443 omnibus
1489 1366 1572 1444 aliis
1590 1367 1714 1456 rebus,
1731 1392 1819 1444 cum
1835 1367 1924 1444 inde

333 1483 426 1558 nihil
449 1483 665 1582 specialiter
686 1482 912 1582 excipiatur.
938 1483 1149 1583 Excipitur
1173 1485 1403 1584 quaudoque
1424 1485 1690 1584 multiphciter
1714 1486 1925 1562 secundum

334 1601 437 1699 quod
460 1600 622 1678 inferius
647 1601 806 1679 dicetur.
834 1602 876 1679 Si
901 1611 1031 1678 autem
1054 1603 1106 1678 ibi
1130 1603 1257 1681 minus
1283 1602 1430 1679 luerit⁸⁸
1455 1629 1572 1703 quam
1597 1602 1727 1702 quod⁸⁸
1753 1603 1924 1680 sufficere

334 1721 455 1819 possit
471 1720 521 1796 ad
535 1721 676 1809 dotem,
691 1731 730 1797 et
744 1720 785 1796 in
798 1721 1071 1799 constitutione
1086 1722 1186 1798 dotis
1201 1748 1241 1799 se
1255 1722 1423 1799 tenuerit
1438 1732 1670 1812 contentam,
1686 1725 1776 1822 plus
1792 1732 1924 1823 petere

333 1865 412 1916 non
427 1840 571 1939 poterit
587 1840 627 1915 in
643 1839 912 1936 assignatione.
933 1839 976 1916 Si
993 1849 1123 1917 autem
1139 1840 1240 1939 plus,
1257 1840 1498 1940 superfluum
1512 1842 1664 1917 tollitur
1680 1868 1751 1941 per
1768 1843 1923 1919 admen-

334 1958 579 2046 surationem,
600 1967 639 2034 et
660 1966 822 2056 uterque
841 1958 978 2034 modus
1000 1959 1087 2035 duci
1108 1959 1252 2058 poterit
1273 1959 1313 2034 in
1333 1959 1603 2037 condicionem.
1628 1961 1688 2037 Ut
1710 1961 1741 2037 si
1763 1960 1847 2059 quis
1869 1961 1925 2038 ita

334 2075 525 2153 dotaverit
544 2102 704 2154 uxorem
726 2102 835 2152 suam
856 2078 903 2152 de
924 2076 1053 2174 aliquo
1074 2076 1241 2154 scilicet⁸'
1263 2079 1433 2154 manerio
1455 2076 1645 2176 integre,⁸⁸
1667 2086 1706 2156 et
1728 2079 1781 2156 sic
1803 2079 1922 2156 dicat:

333 2204 373 2271 et
390 2196 421 2272 si
439 2195 535 2272 illud
553 2195 716 2272 sufficiat
733 2221 806 2294 pro
825 2196 926 2283 dote,
946 2195 999 2272 sic
1018 2197 1051 2271 ei
1070 2204 1268 2272 remaneat
1284 2195 1463 2294 integre”
1482 2206 1521 2274 et
1541 2198 1621 2274 sine
1639 2196 1923 2275 contentione.⁴⁰

336 2314 378 2390 si
399 2323 528 2390 autem
547 2314 598 2390 ibi
616 2315 743 2390 minus
763 2314 894 2402 luerit,
914 2314 953 2390 id
973 2315 1076 2412 quod
1096 2313 1265 2392 deluerit
1283 2315 1507 2414 perficiatur
1527 2317 1560 2392 ei
1581 2316 1621 2390 in
1642 2315 1797 2414 aliquo⁴²
1819 2325 1924 2392 certo

333 2441 372 2508 et
388 2432 621 2531 competenti
638 2433 732 2508 loco.
754 2432 797 2509 Si
814 2440 944 2508 autem
960 2432 1050 2532 plus
1066 2433 1119 2508 ibi
1136 2433 1267 2523 fuerit,
1287 2435 1394 2510 facta
1410 2435 1631 2512 extensione
1647 2444 1687 2512 et
1705 2434 1924 2512 rationabili

334 2551 616 2651 appretiatione
634 2552 738 2651 quod
754 2551 851 2627 illud
870 2550 1110 2650 superfluum
1128 2551 1356 2628 restituatur
1374 2553 1515 2629 heredi.
1535 2553 1594 2630 Et
1614 2580 1654 2630 re
1672 2579 1766 2630 vera
1783 2553 1923 2652 qualis·

333 2694 496 2768 cumque
512 2669 631 2746 luerit
646 2669 746 2746 dotis
761 2670 996 2758 constitutio,
1013 2695 1165 2768 semper
1179 2671 1252 2747 erit
1267 2671 1404 2747 modus
1420 2671 1703 2749 constitutionis
1720 2671 1923 2748 observan-

334 2789 406 2865 dus
424 2797 463 2865 et
482 2789 708 2887 sequendus,
728 2789 822 2865 dum
839 2799 969 2866 tamen
987 2789 1161 2887 legitima
1180 2789 1229 2866 sit
1247 2788 1471 2867 constitutio
1489 2798 1530 2866 et
1548 2815 1626 2867 non
1644 2797 1781 2866 contra
1797 2790 1924 2889 legem

332 2918 455 2986 terrae.
474 2908 637 2985 Etcum
654 2933 754 2984 uxor
772 2908 823 2984 sic
841 2909 977 2984 dotata
993 2908 1112 2984 fuerit
1130 2908 1356 2984 nominatim
1375 2908 1424 2985 de
1441 2933 1680 3007 quacumque
1698 2919 1804 2985 certa
1822 2935 1864 2986 re
1883 2910 1924 2985 in

332 3027 418 3126 ipsa
433 3027 705 3103 constitutione
721 3024 834 3114 dotis,
853 3025 985 3102 statim
1000 3026 1136 3124 incipit
1151 3025 1290 3102 habere
1306 3027 1365 3103 ius
1383 3027 1424 3102 in
1441 3026 1553 3126 ipsa¹²
1570 3053 1612 3104 re
1629 3027 1837 3105 nominata.
1857 3029 1924 3104 Ita

332 3145 436 3243 quod
451 3144 481 3221 si
496 3145 555 3221 vir
570 3170 655 3221 eam
668 3153 868 3221 constante
884 3144 1129 3220 matrimonio
1145 3170 1193 3221 ex
1209 3169 1449 3242 quacumque
1464 3169 1581 3222 causa
1596 3146 1646 3221 ad
1663 3146 1782 3222 alium
1797 3155 1922 3222 trans·

331 3266 476 3353 tulerit,
494 3289 594 3340 uxor
610 3273 880 3363 postmortem
896 3263 967 3339 viri
984 3263 1139 3340 habebit
1156 3287 1288 3339 versus
1305 3288 1583 3363 quemcumque
1600 3274 1796 3341 tenentem
1813 3291 1921 3364 repe-

332 3382 362 3458 f.
377 3384 446 3475 ol]
501 3381 688 3458 titionem.
707 3381 869 3458 Etcum
886 3407 956 3480 per
973 3381 1162 3458 actionem
1179 3383 1226 3458 de
1244 3381 1334 3459 dote
1352 3382 1518 3481 petierit,
1536 3391 1576 3459 et
1592 3392 1726 3460 tenens
1744 3384 1923 3460 heredem

332 3501 526 3578 vocaverit
552 3501 602 3577 ad
627 3509 845 3576 warantum
869 3499 921 3577 et¹
947 3500 1030 3599 ipse
1056 3498 1374 3589 warantizaverit,
1401 3526 1502 3578 uxor
1527 3501 1771 3599 recuperabit
1798 3502 1923 3600 ipsam

332 3647 425 3710 rem,
443 3631 482 3698 et
497 3631 631 3698 tenens
647 3621 695 3696 de
711 3629 885 3696 waranto
901 3643 971 3694 suo
988 3619 1228 3694 excambium
1245 3619 1295 3694 ad
1311 3619 1530 3706 valentiam,
1549 3619 1652 3717 quod
1670 3618 1823 3716 quidem
1842 3645 1922 3696 esse

332 3766 411 3816 non
428 3739 541 3816 debet
558 3739 590 3814 si
607 3740 743 3815 dotata
759 3737 879 3814 fuerit
896 3738 945 3813 de
962 3763 1003 3813 re
1021 3737 1177 3824 incerta,
1196 3737 1294 3814 sicut
1312 3739 1360 3813 de
1376 3737 1492 3813 tertia
1510 3746 1623 3836 parte
1641 3763 1771 3814 rerum
1789 3738 1921 3836 adqui·

332 3859 540 3934 rendarum
554 3856 615 3933 vel
630 3855 919 3954 adquisitorum.
938 3855 1050 3932 Sede
1064 3855 1269 3944 contrario,
1286 3855 1427 3932 scilicet
1441 3856 1472 3932 si
1487 3881 1547 3932 res
1563 3856 1682 3933 fuerit
1697 3883 1721 3932 a
1735 3856 1818 3932 viro
1834 3856 1922 3932 alie·

331 3986 426 4053 nata
445 3984 645 4053 constante
664 3974 909 4052 matrimonio
930 3984 969 4050 et
988 3975 1075 4073 ipsa
1094 3982 1205 4073 petat
1224 3975 1380 4050 tertiam
1401 3983 1554 4073 partem
1574 4000 1706 4052 versus
1728 3984 1923 4051 tenentem

331 4121 419 4172 cum
433 4095 542 4171 heres
557 4091 875 4182 warantizaverit,
892 4101 1027 4169 tenens
1043 4091 1223 4169 retinebit
1238 4092 1278 4168 id
1293 4092 1397 4191 quod
1413 4101 1531 4180 tenet,
1549 4101 1588 4169 et
1604 4117 1703 4168 uxor
1720 4117 1921 4192 recupera·

333 4213 389 4290 bit
407 4214 457 4289 ad
474 4213 683 4289 valentiam
701 4213 749 4288 de
765 4212 903 4288 herede
921 4211 952 4288 si
970 4210 1079 4287 heres
1096 4209 1236 4287 habeat
1254 4211 1368 4286 unde.
1391 4211 1433 4287 Si
1452 4218 1583 4287 autem
1602 4236 1692 4299 non,
1712 4212 1797 4310 ipsa
1817 4236 1922 4288 recu·

333 4334 485 4432 perabit
499 4333 604 4432 quod
619 4333 730 4432 petit,
746 4342 785 4410 et
800 4343 934 4409 tenens
951 4333 999 4408 de
1015 4331 1211 4408 excambio
1228 4341 1406 4431 expectet
1422 4341 1600 4430 tempora
1615 4331 1775 4409 meliora
1790 4357 1923 4408 versus

332 4453 522 4542 heredem,
541 4455 661 4529 donec
680 4455 731 4529 ad
749 4453 877 4552 ipsum
896 4452 1042 4550 aliquid
1061 4453 1279 4551 pervenerit
1299 4453 1347 4529 de
1365 4452 1593 4529 hereditate:
1614 4461 1653 4528 et
1674 4453 1704 4528 si
1725 4453 1775 4528 ad
1795 4453 1924 4550 ipsum

333 4573 477 4671 ahquid
500 4574 730 4673 pervenerit,
754 4583 847 4650 tuuc
870 4573 1009 4650 habeat
1032 4598 1132 4649 uxor
1156 4574 1203 4648 de
1226 4572 1439 4649 hereditate
1460 4572 1701 4649 excambium
1725 4579 1764 4648 et
1788 4581 1922 4648 tenens

332 4690 513 4768 rehabeat
526 4700 790 4768 tenementum
804 4716 928 4768 suum.
945 4691 988 4767 Si
1002 4701 1133 4768 autem
1145 4691 1239 4768 nihil
1254 4692 1301 4768 de
1315 4691 1526 4769 hereditate
1540 4691 1580 4766 in
1595 4691 1675 4766 vita
1689 4691 1820 4767 uxoris
1836 4715 1923 4789 per·

332 4810 480 4887 venerit
504 4811 553 4886 ad
577 4809 765 4898 heredem,
790 4820 883 4886 tunc
906 4809 1117 4886 remaneat²
1140 4820 1245 4887 terra
1268 4810 1334 4886 illa
1358 4810 1393 4886 ei
1417 4810 1468 4886 ad
1492 4809 1612 4886 vitam
1636 4835 1745 4886 suam
1769 4808 1923 4885 nomine

332 5026 649 5105 ⁸⁸enim,MG,CM.
689 5027 808 5103 ⁸⁴Om.,
827 5029 866 5102 V,
885 5027 952 5102 ΟΕ,
970 5028 1037 5102 OC,
1057 5029 1133 5103 MA,
1152 5027 1230 5101 MG,
1250 5029 1322 5088 CM.
1363 5025 1482 5101 ⁸⁵Om,
1501 5026 1569 5102 OB,
1590 5026 1666 5100 MA,
1687 5025 1760 5086 ΜΒ.
1803 5022 1921 5099 ⁸⁶0m,

333 5128 399 5204 CE,
423 5129 499 5191 MG.
546 5129 664 5204 ⁸'Om.,
687 5129 732 5202 V;
755 5133 800 5189 ita
823 5129 942 5190 scilicet
965 5129 1004 5188 de
1028 5128 1142 5207 aliquo,
1166 5129 1234 5190 OA.
1282 5125 1307 5161 ⁸⁸
1320 5131 1452 5207 integro,
1477 5130 1546 5204 OB,
1572 5127 1648 5203 ΜΒ,
1673 5127 1750 5202 MG,
1775 5127 1816 5201 Y,
1841 5127 1921 5200 CM;

335 5229 394 5307 (-
403 5233 536 5309 integre,
551 5228 646 5305 MA).
683 5227 709 5262 ⁸⁹
721 5233 854 5308 integra,
869 5229 947 5304 MG,
961 5230 1035 5289 CM.
1071 5228 1098 5262 ⁴⁰
1109 5227 1297 5303 condicione,
1312 5229 1380 5304 OB,
1396 5230 1472 5305 MA,
1488 5230 1564 5304 ΜΒ,
1580 5229 1662 5302 MG;
1679 5228 1922 5292 contradictione

331 5337 364 5390 et
377 5334 583 5403 contentione,
598 5330 671 5390 CM.
708 5329 733 5362 ¹¹
746 5329 819 5403 alio,
835 5329 904 5404 OA,
919 5329 986 5403 LA,
1001 5329 1074 5390 MC.
1112 5327 1139 5362 ⁴²
1151 5330 1231 5406 Om,
1246 5330 1285 5405 V,
1299 5330 1368 5406 OA,
1386 5331 1452 5407 LA,
1467 5331 1534 5406 OC,
1551 5331 1624 5392 MC.

415 5428 520 5506 ¹Om.,
539 5428 608 5503 OA,
628 5429 696 5505 LA,
715 5428 782 5504 OC,
803 5429 875 5490 MC.
917 5427 1121 5506 'remanebit
1140 5431 1210 5507 OB,
1230 5432 1305 5507 MA,
1327 5431 1402 5492 MB.
