4432 6336
636 532 696 592 DE
719 533 1022 606 ADQUIRENDO
1045 534 1203 597 RERUM
1227 534 1429 596 DOMINIO
1758 545 1829 612 149

240 707 329 773 non,
348 683 439 782 quia
457 683 581 759 adbuc
599 682 714 759 durat
733 682 916 780 obligatio
934 683 1036 760 inter
1053 684 1209 760 heredes
1228 684 1344 783 primi
1361 684 1527 762 tenentis
1547 695 1586 762 et
1605 687 1771 777 secundi,
1792 696 1832 765 et

239 828 319 880 non
338 813 430 882 sunt
450 804 631 880 densitati
652 827 739 880 cum
760 805 818 880 uti
838 804 981 882 vellent
1003 805 1033 882 si
1054 814 1225 902 possent.
1245 806 1304 882 Et
1324 806 1380 882 ita
1401 806 1544 905 poterit
1566 807 1650 905 quis
1672 834 1720 883 ex
1742 832 1829 884 con·

239 923 418 999 ventione
434 921 589 1022 speciali
606 923 827 999 renuntiare
843 922 901 999 his
919 949 1001 1021 quae
1018 949 1091 1022 pro
1109 951 1148 1000 se
1166 924 1386 1000 introducta
1403 933 1494 1001 sunt
1512 934 1550 1002 et
1570 925 1646 1002 suis
1664 927 1731 1025 qui
1750 953 1774 1002 a
1791 952 1831 1004 se

239 1041 269 1117 f.
284 1042 353 1134 to]
409 1066 564 1118 causam
586 1040 747 1118 trahunt
769 1050 809 1118 et
829 1041 1028 1140 originem.
1054 1042 1111 1119 Et
1134 1043 1231 1119 sicut
1254 1042 1398 1142 poterit
1421 1044 1505 1142 quis
1529 1045 1750 1122 renuntiare
1772 1046 1830 1122 his

239 1186 323 1258 quae
346 1186 418 1259 pro
442 1186 482 1236 se
504 1170 543 1237 et
567 1161 644 1236 suis
668 1160 888 1237 introducta
912 1171 1003 1238 sunt
1025 1171 1161 1238 contra
1184 1162 1243 1237 ius
1266 1185 1479 1252 commune,
1503 1163 1560 1238 ita
1583 1188 1662 1239 non
1685 1164 1830 1262 poterit

238 1278 461 1354 renuntiare
483 1278 542 1354 his
566 1303 650 1376 quae
673 1304 747 1379 pro
771 1277 854 1355 aliis
878 1279 1099 1355 introducta
1123 1289 1214 1356 sunt
1238 1290 1277 1356 et
1301 1281 1343 1356 in
1367 1281 1629 1379 praeiudicium
1655 1281 1829 1372 aliorum,

239 1395 414 1496 quiahoc
429 1406 529 1474 esset
543 1396 769 1474 iniuriosum
784 1397 867 1474 aliis
885 1423 972 1474 cum
988 1398 1058 1473 hoc
1074 1397 1294 1487 noluerint,¹
1312 1399 1382 1474 sibi
1398 1399 1472 1497 ipsi
1489 1425 1568 1475 non
1584 1400 1658 1477 erit
1673 1400 1828 1476 iniurio-

238 1539 324 1591 sum
344 1513 445 1591 cum²
465 1515 536 1606 hoc
556 1514 734 1591 voluerit⁸
755 1516 844 1593 licet
864 1523 1000 1592 contra
1020 1517 1078 1592 ius
1099 1541 1311 1593 commune.
1337 1517 1480 1593 Scienti
1502 1518 1604 1595 enim
1624 1529 1664 1596 et
1686 1519 1830 1597 volenti

238 1660 317 1711 non
333 1637 380 1712 fit
396 1634 546 1724 iniuria,
564 1643 604 1711 et
620 1633 705 1710 ideo
724 1634 815 1710 dicit
831 1635 966 1712 saeua
983 1645 1022 1712 et
1039 1635 1195 1724 volenti,
1214 1635 1304 1733 quia
1323 1636 1388 1734 qui
1406 1646 1510 1713 errat
1529 1662 1609 1712 nou
1627 1639 1827 1715 consentit.

239 1755 343 1830 Item
355 1762 439 1829 esto
454 1754 558 1852 quod
572 1754 657 1852 quis
671 1753 918 1830 donationem
933 1753 1052 1831 faciat
1067 1752 1138 1830 sub
1153 1754 1210 1830 his
1225 1753 1362 1843 verbio,
1378 1755 1519 1832 scilicet
1535 1755 1744 1833 tenendum
1760 1756 1829 1833 toli

238 1881 276 1948 et
292 1871 493 1949 heredibus
507 1872 599 1960 aab,
613 1872 675 1948 vel
689 1873 750 1949 cui
764 1873 857 1949 dore
872 1871 933 1949 vel
947 1871 1076 1970 lepore
1093 1872 1267 1950 voluerit.
1285 1872 1451 1949 Videtur
1467 1872 1594 1972 prima
1610 1874 1708 1951 facie
1724 1875 1829 1974 quod

236 1990 314 2064 haec
330 1989 445 2066 dictio
462 1990 592 2088 legare
609 2015 847 2088 supervacua
865 1990 913 2066 sit
931 1999 970 2067 et
986 1991 1116 2067 haberi
1134 1991 1271 2069 debeat
1288 2017 1457 2090 pronon
1475 1993 1634 2081 adiecta,
1652 2018 1741 2069 cum
1759 1993 1827 2069 lai·

237 2133 326 2184 cum
343 2108 502 2186 feodum
520 2108 641 2206 legari
659 2135 738 2185 non
756 2109 877 2208 possit
897 2109 969 2186 nisi
988 2109 1029 2184 in
1046 2110 1159 2186 rebus
1180 2109 1405 2208 specialibus
1426 2111 1523 2188 sicut
1542 2111 1596 2185 in‘
1616 2111 1826 2210 burgagiis.

238 2228 296 2304 Et
312 2228 415 2304 unde
431 2228 462 2304 si
479 2227 618 2305 laicum
636 2228 794 2304 feodum
811 2236 970 2327 petatur
987 2254 1035 2304 ex
1052 2254 1169 2304 causa
1185 2229 1475 2305 testamentaria
1491 2228 1532 2304 in
1549 2230 1710 2306 seculari
1728 2230 1827 2319 foro,

238 2348 361 2424 audiri
378 2372 457 2422 non
474 2346 586 2424 debet
603 2346 813 2444 legatarius
832 2347 921 2444 quia
937 2372 1054 2422 causa
1071 2347 1361 2423 testamentaria
1380 2347 1420 2423 in
1437 2348 1506 2424 tali
1526 2348 1613 2424 foro
1631 2374 1710 2425 non
1726 2356 1827 2425 trac·

238 2475 357 2556 tatur,
373 2468 440 2543 sed
455 2465 671 2565 specialiter
685 2465 876 2564 excipitur
891 2490 940 2542 ne
954 2474 1154 2542 tractetur.
1174 2466 1217 2542 Si
1233 2474 1363 2542 autem
1379 2475 1538 2564 petatur
1552 2468 1593 2543 in
1609 2467 1696 2542 foro
1711 2466 1828 2542 eccle-

238 2585 400 2674 siastico,
426 2584 491 2660 ibi⁶
516 2584 683 2660 obstabit
709 2585 817 2681 regia
841 2583 1064 2683 prohibitio:
1092 2594 1130 2660 et
1155 2584 1259 2660 unde
1283 2583 1437 2661 videtur
1462 2587 1566 2684 quod
1581 2584 1633 2661 ‘in
1658 2585 1828 2684 quolibet

239 2703 328 2779 foro
342 2703 506 2780 deficiet⁶
520 2703 555 2778 ei
569 2704 668 2779 actio
683 2728 771 2780 cum
786 2702 835 2779 sit
850 2709 962 2779 extra
976 2703 1263 2801 possessionem.
1282 2703 1361 2779 Sed
1377 2704 1408 2779 si
1423 2703 1464 2778 in
1479 2703 1716 2802 possessione
1731 2705 1827 2781 exti-

239 2822 330 2899 terit
347 2847 396 2898 ex
414 2847 529 2898 causa
546 2823 665 2920 legati
682 2831 722 2898 et
740 2821 848 2898 heres
868 2829 977 2919 petat
996 2847 1067 2920 per
1086 2821 1242 2897 assisam
1261 2821 1396 2902 mortis
1416 2821 1674 2911 antecessoris,
1696 2822 1829 2920 quaeri-

236 2952 303 3020 tur
317 2942 348 3018 si
363 2942 452 3034 elidi
466 2941 588 3040 possit
603 2939 703 3016 actio
718 2939 885 3039 petentis
902 2964 972 3038 per
988 2939 1253 3038 exceptionem
1268 2939 1485 3016 donationis
1500 2966 1549 3016 ex
1564 2966 1680 3016 causa
1695 2940 1826 3038 legati,

237 3087 286 3137 ex
303 3085 378 3159 quo
395 3068 611 3136 antecessor
625 3067 791 3135 testator
806 3059 877 3134 hoc
893 3056 1041 3145 voluit?
1057 3058 1145 3134 licet
1163 3068 1298 3134 contra
1316 3059 1374 3134 ius
1392 3083 1604 3147 commune,
1624 3060 1673 3134 ad
1691 3059 1826 3135 tollen-

238 3179 327 3255 dam
352 3178 509 3255 assisam
532 3178 666 3254 mortis
690 3177 949 3253 antecessoris.
976 3177 1221 3274 Respondeo‚
1246 3176 1399 3253 videtur
1424 3178 1527 3275 quod
1551 3177 1640 3254 talis
1666 3178 1828 3254 adiectio

237 3298 364 3373 valere
376 3322 455 3373 non
467 3296 605 3374 debeat
618 3297 722 3394 quod
734 3297 864 3392 legare
877 3295 1011 3393 possit,
1026 3320 1114 3370 cum
1128 3295 1301 3392 legatum
1316 3297 1364 3373 sit
1380 3296 1537 3372 donatio
1551 3295 1686 3372 mortis
1700 3321 1827 3384 causa,

238 3425 277 3493 et
295 3416 469 3514 legatum
487 3424 641 3492 tantum
660 3423 785 3490 morte
805 3413 1056 3490 confirmatur
1076 3422 1116 3490 et
1135 3415 1341 3491 donatione
1361 3414 1463 3489 inter
1482 3414 1587 3490 vivos
1608 3415 1826 3492 traditione.

241 3533 283 3609 Si
298 3542 428 3610 autem
443 3558 524 3609 esse
539 3531 676 3609 debeat
691 3533 849 3608 donatio
865 3532 1098 3620 interrivos,
1115 3541 1210 3608 tuuc
1226 3540 1381 3631 oportet
1398 3534 1501 3630 quod
1518 3533 1677 3609 traditio
1694 3558 1827 3631 sequa-

237 3663 303 3730 tur
336 3655 377 3729 in
408 3653 489 3728 vita
522 3651 730 3728 donatoris.
768 3651 812 3727 Si
845 3659 975 3726 autem
1008 3651 1143 3727 mortis
1177 3675 1303 3738 causa,
1340 3651 1512 3748 sequitur
1545 3652 1704 3728 traditio
1738 3661 1828 3750 post

236 3781 411 3849 mortem.
433 3771 510 3847 Sed
529 3772 560 3846 si
578 3770 686 3846 nulla
701 3768 858 3846 traditio
877 3778 968 3845 ante
985 3778 1161 3858 mortem,
1180 3779 1274 3845 tunc
1292 3795 1371 3844 non
1389 3769 1531 3846 valebit
1550 3769 1707 3846 donatio
1726 3769 1827 3846 inter

236 3892 342 3967 vivos
358 3915 436 3966 non
451 3889 575 3987 magde
592 3914 708 3988 quam
725 3888 944 3985 assignatio.
965 3888 1007 3963 Si
1025 3897 1154 3964 autem
1171 3897 1260 3986 post
1276 3897 1440 3964 mortem
1457 3887 1527 3965 fiat
1543 3889 1701 3965 traditio
1718 3888 1828 3988 qussi

238 4035 287 4085 ex
314 4009 520 4085 donatione
548 4007 648 4083 inter
675 4007 793 4094 vivos,
822 4031 893 4105 per
919 4005 1077 4082 modum
1105 4006 1297 4082 adiectum
1324 4006 1365 4081 in
1393 4007 1611 4095 donatione,
1641 4007 1750 4105 quasi
1779 4007 1827 4082 de

237 4128 379 4225 legato,
400 4153 479 4204 non
499 4126 641 4203 valebit
661 4135 707 4202 ut
728 4126 885 4201 donatio
905 4125 1007 4200 inter
1027 4125 1146 4212 vivos,
1169 4125 1260 4223 quia
1280 4125 1321 4200 in
1341 4125 1422 4201 vita
1444 4150 1522 4201 non
1543 4133 1602 4201 est
1625 4125 1828 4202 subsecuta

235 4246 406 4335 traditio,
425 4269 495 4322 nec
513 4244 629 4321 etiam
647 4253 692 4320 ut
711 4243 895 4342 legatum,
915 4241 1020 4341 quia⁸
1037 4267 1116 4318 non
1135 4252 1192 4319 est
1212 4268 1355 4341 purum
1373 4243 1557 4339 legatum,
1578 4243 1645 4320 sed
1665 4243 1826 4319 adiectio

237 4373 276 4440 et
289 4364 443 4463 sequela
457 4363 672 4440 donationis
687 4363 787 4439 inter
800 4362 923 4439 vivos:
940 4371 979 4438 et
993 4361 1078 4437 ideo
1092 4361 1201 4437 nulla
1214 4362 1363 4438 ratione
1376 4362 1504 4438 valere
1520 4361 1632 4438 debet
1647 4372 1693 4438 ut
1708 4363 1825 4438 dona·

235 4485 289 4561 tio
307 4484 368 4560 vel
384 4483 568 4580 legatum,
586 4491 626 4558 et
642 4507 730 4558 cum
746 4480 816 4557 tali
833 4479 1036 4556 donatario
1052 4479 1160 4555 nulla
1177 4488 1412 4578 competeret
1430 4479 1529 4557 actio
1547 4480 1579 4556 si
1597 4489 1695 4557 esset
1713 4490 1826 4557 extra

236 4601 413 4678 saisinam
438 4601 588 4688 merito,
615 4623 684 4675 nec
711 4597 917 4697 competet·
945 4599 978 4672 ei
1005 4598 1181 4696 exceptio
1208 4606 1344 4673 contra
1371 4599 1528 4676 assisam
1554 4599 1689 4677 mortis
1716 4609 1823 4676 ante-

236 4719 404 4808 cessoris,
423 4743 511 4794 cum
530 4718 579 4795 sit
598 4717 637 4793 in
656 4717 804 4794 seisina.

336 4955 515 5049 Qualiter
532 4955 617 5054 quis
633 4956 693 5031 ati
708 4952 845 5031 debeat
862 4952 1010 5030 celsino.

235 5076 341 5153 CUM
363 5083 493 5151 autem
514 5072 701 5174 possessio
723 5073 842 5149 fuerit
864 5070 1067 5170 adquisita,
1089 5071 1263 5169 quamvis
1286 5070 1509 5150 donatarius
1532 5072 1664 5149 statim
1685 5073 1824 5151 habeat

317 5259 505 5335 ²voluerint,
522 5258 616 5320 MSS.
632 5278 697 5320 var.
735 5255 866 5332 ¹⁸⁸Om.,
884 5255 956 5316 MC.
995 5254 1164 5332 'noluerit
1180 5256 1248 5330 OA,
1267 5256 1332 5316 LA.
1371 5254 1475 5330 ‘Om.,
1493 5256 1560 5330 LA,
1577 5257 1647 5332 OA,
1664 5257 1731 5333 OC,
1750 5259 1822 5320 MC.

234 5360 307 5438 ⁸01,
321 5363 391 5437 OB,
406 5361 482 5435 MA,
497 5360 573 5434 ΜΒ,
588 5358 655 5435 CE,
669 5359 743 5419 cM.
779 5355 918 5430 ‘deficit
934 5358 1003 5433 OA,
1020 5357 1086 5431 LA,
1102 5358 1169 5432 OC,
1186 5358 1263 5432 MG,
1279 5358 1317 5418 V.
1355 5355 1680 5430 'noluit,MSS.var.
1718 5356 1823 5434 ⁸Om.,

235 5464 304 5540 OB,
321 5462 397 5537 MA,
414 5463 490 5524 ΜΒ.
527 5459 750 5538 ’competeret
767 5459 807 5534 V,
824 5458 902 5531 MG,
920 5459 1000 5530 CM3
1016 5462 1173 5536 competit,
1190 5459 1265 5519 MA.
