4432 6336
644 435 706 496 DE
728 435 1031 508 ADQUIBENDO
1054 437 1211 498 RERUM
1235 437 1437 500 DOMINIO
1765 446 1835 514 161

247 586 343 663 illud
355 586 414 663 ius
426 610 514 664 cum
526 612 600 664 usu
610 587 840 664 transmittit
852 587 902 663 ad
913 587 1069 664 heredes
1082 613 1171 664 suos
1183 598 1221 665 et
1235 587 1461 686 assignatos,
1474 589 1578 687 quod
1589 589 1697 689 prius
1711 590 1840 666 facere

248 707 378 806 potuit
396 707 477 783 sine
494 732 579 796 usu,
598 715 639 784 et
656 716 799 784 extunc
818 708 868 784 ad
887 718 1090 786 extraneos
1110 709 1207 786 illud
1226 710 1285 786 ius
1303 709 1566 787 transmittere
1586 710 1730 810 poterit
1749 735 1838 787 cum

248 851 322 902 usu
337 836 377 903 et
394 823 542 914 seisina,
561 826 664 925 quod
682 825 791 926 prius
808 851 887 902 non
904 827 1032 927 potuit
1050 828 1131 905 sine
1148 854 1233 904 usu.
1252 828 1311 906 Et
1329 829 1433 927 quod
1451 828 1672 906 dictumest
1690 830 1738 905 de
1755 828 1839 905 iure

248 944 442 1044 pascendi,
461 945 531 1022 fiat
548 945 597 1022 de
615 945 697 1022 iure
714 946 842 1034 eundi,
862 945 1014 1044 agendi,
1033 972 1220 1045 aquamve
1238 946 1413 1036 ducendi,
1432 957 1472 1024 et
1492 946 1541 1022 de
1559 947 1735 1024 omnibus
1755 947 1838 1025 aliis

249 1062 508 1153 servitutibus,
524 1089 608 1163 quae
624 1072 716 1141 sunt
731 1063 890 1140 infinitae
905 1074 944 1141 et
960 1090 1039 1140 non
1055 1065 1187 1141 refert.

350 1180 530 1275 Qualiter
544 1182 586 1259 in
601 1182 685 1259 iore
701 1184 963 1283 protestandi
981 1194 1019 1260 et
1036 1181 1203 1282 qualiter
1220 1183 1456 1278 transfertur
1472 1183 1620 1263 neieina

248 1299 317 1375 Du
342 1299 425 1377 iure
452 1311 583 1378 autem
608 1297 867 1378 advocationis
893 1310 1015 1378 restat
1041 1301 1170 1378 videre
1197 1301 1362 1401 qualiter
1387 1303 1661 1392 transferatm,
1688 1311 1727 1379 et
1755 1327 1839 1401 quae

249 1417 414 1495 debeant
431 1442 657 1496 concurrere
675 1420 813 1496 adhoc
831 1422 935 1519 quod
951 1421 1156 1497 transferri
1174 1421 1306 1520 possit.
1327 1421 1497 1521 Oportet
1514 1423 1634 1520 igitur
1654 1422 1757 1520 quod
1775 1421 1839 1498 ille

250 1537 315 1636 qui
337 1537 626 1615 advocationem
647 1539 795 1615 dederit
816 1539 857 1614 in
877 1539 1015 1615 seisina
1036 1539 1085 1616 sit
1107 1539 1382 1639 presentandiz
1405 1539 1476 1615 hoc
1497 1549 1556 1617 est
1577 1540 1681 1639 quod
1702 1540 1840 1617 ultimo

250 1655 540 1755 praesentaverit
567 1656 733 1756 aliquem
761 1657 826 1755 qui
854 1658 905 1733 ad
932 1659 1267 1757 praesentationem
1296 1683 1405 1734 suam
1435 1658 1622 1735 admissus
1651 1659 1771 1736 fuerit
1798 1667 1839 1736 et

248 1775 461 1864 institutus,
477 1776 538 1852 vel
554 1771 690 1852 saltem
705 1777 906 1853 commissa
921 1777 1106 1866 custodia,
1122 1802 1210 1853 cum
1226 1803 1297 1876 per
1311 1776 1382 1852 hoc
1398 1786 1695 1875 recognoscatur
1710 1778 1840 1877 ipsum

249 1920 330 1971 esse
344 1904 567 1993 patronum,
582 1895 643 1971 vel
659 1894 795 1972 saltem
811 1895 915 1993 quod
929 1895 1264 1994 presentationem
1281 1920 1390 1971 suam
1408 1895 1561 1972 evicerit
1579 1895 1628 1971 ab
1644 1895 1773 1994 aliquo
1790 1897 1839 1972 de

250 2011 387 2088 seisina
411 2011 670 2102 antecessoris,
693 2013 756 2089 vel
778 2015 881 2112 quod
905 2023 1160 2090 antecessores
1186 2014 1244 2090 sui
1268 2013 1584 2113 praesentaverint
1607 2013 1838 2104 immediate,

249 2133 309 2209 vel
328 2132 465 2232 aliquis
484 2131 637 2208 nomine
656 2157 790 2208 eorum
808 2133 869 2208 vel
888 2132 1042 2208 nomine
1062 2157 1143 2221 suo,
1164 2133 1261 2209 sicut
1281 2141 1408 2209 custos
1428 2131 1489 2208 vel
1509 2133 1713 2209 firmarius.
1737 2133 1838 2208 Cum

250 2249 407 2330 autem²⁸
429 2251 544 2329 sicin
566 2251 703 2328 seisina
725 2250 845 2327 fuerit
866 2250 925 2325 ius
947 2251 1207 2327 advocationis
1231 2252 1282 2327 ad
1305 2250 1423 2327 alium
1445 2252 1658 2329 transferre
1682 2251 1838 2350 poterit,

249 2370 316 2446 sed
335 2395 414 2446 non
434 2369 514 2446 solo
535 2369 662 2445 animo
682 2379 722 2446 et
742 2369 900 2457 affectu,
921 2369 1018 2446 sieut
1039 2369 1263 2446 servitutem
1284 2370 1494 2446 secundum
1516 2371 1712 2468 quosdam.
1737 2370 1839 2446 Cum

249 2488 307 2564 ius
328 2487 586 2565 advocationis
606 2487 845 2588 incorporale
866 2489 914 2564 sit
935 2488 1038 2587 quod
1057 2488 1178 2564 videri
1197 2513 1276 2564 non
1296 2488 1417 2586 possit
1438 2513 1561 2587 neque
1582 2490 1704 2587 tangi,
1726 2514 1838 2588 opor·

248 2614 306 2682 tet
321 2607 371 2683 de
386 2607 611 2684 necessitate
627 2608 731 2706 quod
747 2631 834 2682 cum
851 2630 1011 2705 corpore
1026 2606 1288 2683 transferatur
1305 2607 1356 2682 ad
1372 2606 1476 2704 quod
1494 2607 1686 2706 pertinere
1704 2608 1837 2705 possit,

238 2725 341 2827 quia
365 2726 445 2804 sine
469 2751 631 2824 corpore
656 2733 759 2802 recte
783 2724 970 2824 possideri
994 2749 1073 2800 non
1098 2725 1254 2823 poterit,
1281 2724 1368 2801 licet
1395 2725 1443 2799 ab
1471 2724 1660 2823 aliquibus
1686 2725 1838 2802 dicatur

248 2846 352 2944 quod
367 2844 475 2944 quasi
490 2846 541 2921 ad
556 2843 842 2920 similitudinem
858 2842 1062 2920 servitutis.
1079 2843 1137 2919 Et
1154 2844 1257 2943 quod
1272 2843 1472 2919 advocatio
1489 2867 1572 2941 quae
1587 2842 1837 2942 incorporalis

248 2973 318 3053 est,
337 2963 542 3041 transferri
560 2987 640 3039 non
660 2962 782 3062 possit
802 2961 942 3039 sinere
961 2961 1152 3060 corporali
1172 2969 1211 3038 et
1230 2970 1462 3050 tenemento,
1482 2961 1672 3060 probatur
1693 2961 1740 3037 de
1760 2971 1836 3038 ter·

247 3082 352 3158 mino
374 3081 507 3158 Sancti
527 3079 701 3169 Hillarii,
722 3105 824 3156 anno
844 3080 945 3178 regis
966 3079 1131 3155 Henrici
1152 3104 1266 3168 nono,
1287 3079 1471 3157 comitatu
1493 3079 1715 3169 Norfolciae,
1737 3080 1839 3156 inter

249 3199 427 3276 abbatem
450 3200 497 3276 de
519 3196 804 3277 Messendena²⁷
829 3208 868 3276 et
891 3197 1119 3275 Hubertum
1143 3199 1190 3275 de
1213 3199 1363 3296 Burgo,
1387 3198 1435 3274 de
1459 3197 1615 3275 ecclesia
1638 3199 1687 3275 de
1711 3198 1837 3275 Owel·

248 3317 382 3406 tona,²⁸
397 3316 463 3393 ubi
478 3318 579 3394 idem
595 3317 712 3395 abbas
728 3317 893 3417 protulit
908 3325 1056 3394 cartam
1071 3316 1270 3394 cuiusdam
1285 3316 1454 3394 Walteri
1471 3319 1519 3394 de
1535 3317 1574 3393 la
1590 3318 1737 3406 Penne,
1755 3342 1839 3417 quae

246 3438 464 3516 testabatur
485 3439 587 3536 quod
608 3437 710 3513 idem
729 3435 931 3513 Waltenrs
953 3435 1059 3513 dedit
1079 3437 1114 3512 ei
1135 3437 1425 3513 advocationem
1444 3435 1546 3512 illius
1567 3434 1747 3511 ecclesia:
1771 3435 1837 3512 sed

248 3559 338 3658 quia
368 3566 504 3656 postea
534 3555 751 3632 convictum
783 3555 860 3631 fuit
892 3556 996 3653 quod
1027 3554 1127 3630 idem
1158 3554 1361 3631 Walterus
1393 3554 1544 3630 nullum
1575 3563 1839 3631 tenementum

247 3675 383 3754 babuit
400 3675 441 3751 in
459 3674 630 3752 manerio
650 3673 786 3772 inquo
807 3672 963 3750 ecclesia
983 3673 1057 3749 sita
1076 3672 1166 3762 fuit,
1186 3697 1256 3748 nec
1277 3672 1413 3772 aliquis
1434 3699 1505 3772 per
1526 3699 1625 3762 eum,
1646 3697 1716 3749 nec
1737 3673 1838 3749 idem

250 3794 454 3871 Walterus
480 3817 692 3891 numquam
720 3791 966 3891 praesentavit
996 3790 1046 3865 ad
1075 3791 1270 3867 ecclesiam
1299 3790 1417 3880 illam,
1446 3792 1732 3871 consideratum·
1759 3792 1838 3869 fuit

128 3991 131 3996 A
249 3913 353 4011 quod
368 3911 485 3989 abbas
500 3910 594 3988 nihil
608 3919 774 4009 caperet.
793 3911 896 3986 Item
911 3909 1046 3986 adhoc
1063 3908 1158 3985 facit
1174 3908 1278 4008 quod
1293 3908 1440 3986 habetis
1458 3909 1505 3986 de
1520 3909 1686 3986 termino
1705 3910 1839 3985 Sancti

248 4032 422 4121 Hillarii,
444 4057 545 4109 anno
565 4030 666 4129 regis
687 4030 851 4108 Henrici
872 4039 993 4119 sexto,
1013 4029 1197 4104 comitatu
1221 4028 1456 4118 Staffordiae,
1478 4029 1525 4105 de
1546 4028 1679 4106 Raul²⁹
1700 4030 1838 4106 comite

250 4152 408 4231 Cestriae
423 4152 488 4230 et³⁰
504 4153 631 4253 priore
647 4153 694 4230 de
710 4149 1000 4228 Kenilworthe⁸²
1018 4150 1066 4226 de
1081 4149 1238 4227 ecclesia
1253 4152 1301 4226 de
1319 4148 1480 4239 Stoke,⁸²
1496 4150 1562 4226 ubi
1578 4150 1718 4226 dicitm
1734 4150 1838 4248 quod

248 4274 340 4374 quia
355 4274 420 4351 ille
437 4273 529 4373 qui⁸⁸
547 4274 653 4351 dedit
671 4271 960 4350 advocationem
976 4272 1108 4372 priori,
1125 4297 1195 4348 nec
1213 4271 1349 4370 aliquis
1367 4281 1650 4348 antecessorum
1668 4296 1837 4360 suorum,

248 4394 487 4493 numquam⁸⁴
506 4393 683 4471 seisinam
700 4392 944 4470 babuenmt⁸⁵
964 4393 1233 4493 presentandi
1254 4418 1323 4469 nec
1343 4392 1498 4493 aliquod
1516 4401 1779 4469 tenementum
1796 4392 1838 4468 in

248 4517 340 4593 villa
359 4515 437 4606 illa,
458 4516 740 4593 consideratum
762 4515 838 4593 fuit
859 4515 963 4614 quod
983 4512 1169 4591 donati0⁸⁶
1189 4515 1306 4590 nulla.
1331 4515 1435 4590 Item
1455 4514 1597 4590 adhoc
1619 4514 1713 4590 facit
1736 4513 1838 4614 quod

247 4637 395 4715 habetis
413 4636 644 4716 determino
663 4636 832 4725 Pascha,
853 4661 955 4712 anno
974 4636 1075 4734 regis
1096 4635 1260 4712 Henrici
1281 4660 1394 4724 nono,
1415 4635 1601 4712 comitatu
1622 4633 1837 4722 Comubiae,

249 4853 275 4888 ²⁶
288 4855 369 4931 Om,
392 4856 462 4932 OB,
486 4856 562 4932 MA,
587 4856 661 4915 ΜΒ.
708 4853 733 4888 ¹⁷
747 4853 964 4928 Messendona,
990 4853 1188 4930 Mesendenc,
1214 4851 1405 4926 Mesindene,
1432 4853 1526 4913 MSS.
1551 4872 1616 4913 var.
1665 4849 1839 4924 ²⁸Wclton,

248 4956 383 5033 Welton,
398 4956 581 5031 Ovvolrtona‚
596 4955 768 5032 Avvcltona,
784 4956 878 5017 MSS.
894 4976 959 5015 var.
997 4953 1024 4988 ²⁹
1037 4953 1138 5028 Baul,
1154 4955 1223 5028 OA,
1239 4955 1306 5029 LA,
1323 4955 1390 5029 CB,
1406 4955 1446 5027 Y,
1464 4956 1540 5028 MA,
1557 4954 1634 5029 ΜΒ,
1650 4954 1730 5026 Μῦς
1748 4953 1838 5029 Bam,

249 5057 332 5131 MG;
349 5057 452 5134 Kaul,
467 5059 542 5131 013,
559 5057 693 5133 Rotulia,
710 5058 783 5119 CM.
822 5054 849 5090 ⁸⁰
860 5055 909 5131 de,
925 5056 995 5130 OB,
1012 5057 1088 5133 MA,
1106 5057 1182 5130 ΜΒ,
1198 5057 1265 5118 OC.
1304 5053 1330 5089 ⁸¹
1343 5055 1580 5132 Kenilleworde,
1598 5053 1839 5132 Kenillcvurde,

249 5157 437 5232 Kenilvrde‚
454 5157 732 5236 Keneyllevvorthe,
749 5157 956 5238 Kynisvyth,
974 5157 1222 5237 Kylingvvorthe,
1238 5158 1332 5220 MSS.
1350 5177 1415 5217 var.
1454 5156 1481 5190 ⁸²
1492 5157 1531 5219 de
1548 5157 1654 5233 stake,
1673 5159 1741 5234 OA,
1761 5157 1837 5219 MG.

249 5256 368 5334 ⁸⁸0m,
391 5259 460 5335 OB,
483 5259 558 5320 ΜΒ.
603 5257 793 5338 '‘umquam,
816 5261 885 5335 OA,
909 5260 976 5336 LA,
999 5259 1066 5334 OC,
1091 5260 1164 5320 CM.
1210 5258 1366 5335 ⁸⁵habuit,
1391 5259 1430 5335 V,
1455 5261 1536 5333 MB;
1562 5259 1736 5335 habuerint,
1761 5260 1837 5322 MG.

249 5357 277 5393 ⁸⁸
287 5358 413 5420 donatio
427 5359 494 5437 illa,
508 5359 548 5435 V,
563 5359 639 5421 MG.
