4432 6336
638 515 699 574 DE
723 514 1026 587 ADQUIRENDO
1049 514 1206 576 RERUM
1229 514 1432 576 DOMINIO
1761 523 1833 590 115

242 663 430 763 imprimis
450 665 482 742 si
503 666 662 741 feodum
682 665 777 742 illud
798 666 837 740 in
857 666 942 765 ipsa
961 666 1168 743 donatione
1189 667 1422 742 forinsecum
1442 665 1574 743 debuit
1594 667 1656 741 vel
1675 691 1766 742 non.
1791 666 1834 742 Si

244 789 374 861 autem
386 783 537 860 nullum
549 783 681 861 debuit
695 784 744 860 sb
757 783 877 873 initio,
891 809 960 861 nec
974 783 1051 860 sit²⁰
1064 784 1239 861 oertum²²
1255 775 1489 861 forinsecum
1502 785 1543 861 in
1557 793 1664 862 carta
1679 811 1833 884 expres·

244 927 340 990 sum,
365 927 578 1001 numquam
601 903 858 1002 praestabitur,
884 928 954 979 nec
979 904 1059 1002 peti
1085 904 1230 1002 poterit
1254 913 1417 1003 propter
1442 904 1762 981 incertitudinem.
1791 905 1834 981 Si

244 1032 373 1100 autem
389 1023 438 1099 ab
454 1022 563 1100 initio
579 1021 741 1110 nullum,
757 1023 824 1100 sed
840 1022 880 1098 in
895 1023 980 1122 ipsa
995 1023 1202 1099 donatione
1219 1023 1439 1100 convenerit
1456 1024 1559 1122 quod
1577 1023 1692 1100 detur
1709 1034 1833 1101 scuta·

243 1142 351 1241 glum
374 1150 413 1219 et
435 1141 476 1217 in
497 1151 606 1218 carta
628 1142 871 1241 exprimatur
893 1152 1052 1230 certum,
1077 1142 1150 1219 erit
1173 1143 1329 1218 omnino
1353 1143 1627 1242 prestandum.
1653 1145 1712 1218 Et
1736 1143 1834 1220 sicut

243 1261 387 1360 poterit
409 1261 574 1337 donator
595 1260 749 1337 liberius
773 1261 865 1337 dare
888 1287 1004 1359 quarn
1027 1263 1109 1358 ipse
1132 1262 1310 1350 tenuerit,
1335 1270 1375 1337 et
1396 1287 1556 1338 onerare
1580 1287 1621 1339 se
1643 1263 1772 1360 ipsum
1794 1272 1835 1340 et

242 1378 399 1456 heredes
418 1404 506 1456 suos
525 1405 619 1476 erga
638 1404 726 1456 suos
746 1380 984 1468 feoffatores,
1004 1381 1058 1456 ita
1078 1381 1222 1478 poterit
1242 1406 1355 1457 suum
1375 1381 1584 1458 feoffatum
1604 1406 1764 1458 onerare
1785 1383 1834 1459 ad

243 1499 358 1596 plura
377 1497 531 1575 servitia
549 1508 588 1576 et
608 1501 657 1574 ad
678 1498 753 1575 alia
772 1525 887 1597 quam
907 1500 990 1597 ipse
1008 1507 1187 1575 teneatur
1208 1498 1306 1575 suo²²
1326 1500 1536 1577 feoffatori.
1559 1500 1712 1578 Poterit
1733 1503 1835 1579 enim

243 1619 291 1696 de
309 1619 462 1717 socagio
478 1620 607 1695 facere
626 1619 784 1694 feodum
802 1619 966 1695 militare
986 1628 1024 1695 et
1043 1646 1063 1694 e
1082 1643 1275 1708 converso,
1295 1620 1326 1696 si
1345 1619 1400 1695 ita
1418 1622 1638 1696 convenerit
1657 1621 1706 1696 ab
1725 1621 1834 1698 initio

242 1739 494 1836 interipsum
517 1747 556 1815 et
580 1763 692 1814 suum
716 1737 974 1814 feoffatorem.
1003 1738 1130 1829 <Sed
1155 1739 1247 1837 quid
1272 1739 1303 1814 si
1329 1739 1487 1815 feodum
1513 1739 1730 1817 feoffatoris
1755 1766 1834 1816 non

243 1856 381 1934 debeat
404 1857 638 1933 forinsecum
661 1865 700 1933 et
724 1859 888 1933 donator
912 1856 1061 1934 dederit
1085 1883 1157 1956 pro
1182 1857 1392 1934 forinseco?
1417 1859 1530 1934 Tunc
1554 1859 1675 1936 refert
1701 1869 1834 1936 utrum

243 1985 391 2053 certum
409 1986 447 2053 et
464 2001 689 2074 expressum
705 1977 765 2052 vel
782 2000 871 2052 non.
894 1977 936 2052 Si
954 1984 1084 2052 autem
1101 1977 1301 2064 incertum,
1320 1985 1414 2052 tunc
1431 1976 1510 2053 tale
1528 1977 1609 2076 peti
1627 2003 1706 2053 non
1725 1985 1832 2077 pote-

243 2095 354 2184 rit>
375 2095 417 2171 Si
434 2103 564 2172 autem
580 2095 812 2171 forinsecum
828 2095 960 2173 debuit
976 2095 1026 2170 ab
1041 2095 1161 2184 initio,
1179 2097 1244 2173 sed
1260 2096 1418 2172 tamen¹⁸
1435 2097 1475 2172 in
1492 2106 1600 2173 carta
1616 2097 1833 2174 donationis

243 2239 322 2289 non
343 2215 585 2312 exprimatur
605 2224 765 2304 certum,
788 2215 942 2292 videtur
963 2215 1089 2313 prima
1113 2215 1211 2292 facie
1234 2215 1337 2314 quod
1361 2216 1441 2314 peti
1465 2215 1571 2292 non²⁴
1595 2216 1728 2314 possit.
1755 2217 1834 2293 Sed

244 2360 286 2410 re
310 2360 402 2410 vera
426 2334 478 2410 sic
503 2334 576 2410 erit
601 2333 903 2432 intellegendum
928 2334 1031 2432 quod
1057 2333 1135 2410 tale
1160 2344 1199 2411 et
1225 2334 1456 2410 tantundem
1482 2336 1745 2432 praestandum
1771 2335 1833 2422 sit,

243 2461 432 2551 quantum
445 2461 632 2551 praestant
646 2453 710 2528 alii
724 2453 789 2551 qui
802 2461 935 2530 tenent
949 2451 1239 2529 tenementum¹⁶
1253 2452 1294 2528 in
1308 2454 1442 2528 eadem
1456 2453 1548 2529 villa
1561 2454 1623 2529 vel
1638 2455 1686 2529 de
1700 2455 1834 2530 eodem

244 2575 358 2650 feodo
376 2599 447 2672 per
463 2572 660 2649 servitium
676 2572 852 2649 militare.
872 2573 975 2648 Item
992 2581 1121 2671 potest
1138 2571 1222 2670 quis
1240 2571 1332 2648 dare
1349 2581 1612 2649 tenementum
1630 2574 1733 2672 quod
1751 2574 1833 2672 ipse

242 2692 368 2769 tenuit
382 2717 453 2791 per
467 2691 665 2769 servitium
678 2691 854 2780 militare,
868 2691 1079 2768 tenendum
1093 2691 1134 2766 in
1148 2690 1397 2788 villenagium
1413 2716 1483 2790 per
1498 2691 1660 2768 villanos
1676 2717 1833 2768 consue·

244 2813 273 2888 f.
287 2811 382 2906 8de
438 2811 591 2888 tudines
609 2821 649 2887 et
669 2810 835 2898 servitia,
855 2809 948 2887 dum
967 2819 1100 2886 tamen
1117 2819 1224 2886 certa
1242 2819 1281 2886 et
1300 2835 1493 2908 expressa.
1517 2810 1560 2886 Si
1580 2820 1711 2887 autem
1731 2811 1833 2888 dicat

244 2932 347 3030 quod
361 2933 430 3008 dat
445 2931 500 3008 ita
514 2930 631 3006 libere
647 2931 744 3006 sicut
760 2929 888 3027 aliqua
904 2939 1009 3006 terra
1023 2928 1178 3005 liberius
1195 2928 1279 3004 dari
1295 2929 1428 3027 possit,
1445 2928 1516 3004 hoc
1532 2929 1833 3028 intellegendum

243 3049 316 3126 erit
338 3057 527 3148 quantum
548 3049 717 3148 pertinet
739 3049 789 3125 ed
808 3047 1047 3136 donatorem,
1071 3055 1109 3122 et
1131 3073 1224 3145 erga
1246 3073 1359 3124 suum
1380 3047 1628 3124 feoffatorem
1650 3049 1833 3124 defendet

244 3179 433 3268 quantum
455 3168 655 3268 adipsum
677 3166 895 3268 pertinebit.
921 3167 963 3243 Si
987 3175 1117 3243 autem
1139 3191 1200 3242 res
1222 3165 1316 3242 data
1338 3192 1432 3265 erga
1455 3165 1576 3242 alios¹⁸
1599 3192 1716 3265 quarn
1739 3192 1834 3264 erga

244 3313 356 3366 suum
368 3287 568 3366 dominum
581 3286 786 3387 capitalem
799 3286 971 3384 obligata
985 3285 1116 3374 fuerit,
1131 3311 1209 3362 non
1223 3295 1378 3362 tenetur
1391 3286 1441 3362 ad
1455 3286 1526 3361 hoc
1540 3310 1611 3384 per
1624 3285 1702 3361 haec
1717 3286 1834 3361 verba

242 3407 371 3506 ipsum
402 3432 497 3505 erga
529 3406 623 3482 alios
656 3405 890 3504 adquietare,
923 3405 995 3481 nisi
1029 3404 1244 3503 specialiter
1276 3405 1316 3480 in
1349 3430 1390 3480 se
1422 3403 1518 3480 illud
1552 3403 1676 3482 onus²'
1711 3429 1833 3482 susce-

244 3525 385 3624 perit,²⁸
403 3537 443 3604 et
459 3534 553 3602 tunc
569 3550 702 3602 versus
719 3550 851 3603 omnes
869 3523 1083 3602 delendat²⁹
1101 3525 1133 3601 si
1150 3524 1289 3601 habeat
1308 3524 1422 3612 unde,
1443 3524 1474 3600 si
1493 3549 1583 3612 non,
1602 3526 1834 3624 respondeat

243 3673 316 3746 pro
331 3673 371 3723 se
384 3647 480 3746 ipso.
499 3647 602 3723 Item
617 3646 709 3721 dare
725 3645 868 3744 poterit
884 3644 939 3720 ita
954 3642 1072 3719 bbere
1087 3641 1213 3719 sicut²⁰
1229 3643 1312 3742 ipse
1327 3642 1432 3719 illam
1449 3642 1660 3742 umquam²²
1678 3642 1833 3719 liberius

243 3765 380 3854 tenuit,
403 3764 506 3842 unde
529 3765 560 3840 si
583 3790 654 3862 per
675 3789 764 3840 eum
787 3763 914 3861 aliquo
937 3772 1111 3861 tempore
1134 3762 1223 3838 inde
1247 3761 1367 3838 fuerit
1390 3770 1549 3839 onerata
1572 3763 1633 3838 vel
1658 3762 1833 3839 servituti

243 3883 456 3984 supposita,
471 3884 553 3982 ipse
568 3909 653 3959 eam
667 3891 822 3959 tenetur
837 3882 998 3959 liberare
1014 3879 1112 3980 per²²
1128 3882 1286 3956 modum
1302 3880 1530 3957 donationis.
1549 3881 1702 3958 Eodem
1718 3883 1833 3957 modo

244 4005 275 4081 si
293 4005 396 4081 dicat
414 4003 469 4080 ita
486 4003 603 4079 libere
622 4001 719 4078 sicut
738 4002 821 4100 ipse
838 4001 899 4076 vel
918 4001 1055 4098 aliquis
1075 4008 1357 4076 antecessorum
1376 4025 1533 4075 suorum
1553 3999 1659 4075 illam
1678 4000 1832 4076 liberius

243 4122 422 4211 tenuerit,
446 4132 485 4199 et
508 4121 561 4199 sic
583 4121 717 4197 eodem
738 4121 853 4196 modo
876 4127 1032 4218 praestet
1056 4118 1242 4195 feoffator
1266 4118 1369 4216 quod
1393 4118 1579 4216 promisit.
1607 4119 1710 4195 Item
1735 4119 1833 4196 sicut

244 4241 372 4339 aliqua
386 4251 492 4318 terra
506 4241 568 4316 vel
583 4240 712 4339 aliqua
727 4237 932 4315 elemosina
946 4237 1100 4314 liberius
1116 4237 1199 4313 dari
1214 4236 1370 4335 poterit,
1386 4236 1457 4312 hoc
1472 4246 1530 4313 est
1546 4237 1594 4313 de
1609 4237 1713 4314 omni
1729 4236 1833 4335 quod

242 4361 371 4458 ipsum
383 4358 512 4457 tangit
526 4368 566 4436 et
581 4358 828 4435 feoffatorem
843 4382 966 4445 suum,
982 4365 1021 4433 et
1036 4357 1067 4432 si
1082 4355 1221 4432 habeat
1235 4357 1338 4432 unde
1354 4354 1560 4454 adquietet.

343 4482 408 4557 De
429 4478 592 4556 servitiis
612 4476 812 4573 forinsecis
833 4499 919 4575 qnoe
942 4474 1148 4574 aliqnando
1169 4475 1211 4551 io
1234 4475 1350 4551 cortis
1371 4475 1644 4573 eoepnmuntor
1666 4483 1771 4551 certa
1795 4483 1835 4551 ct

342 4599 599 4677 determinato
614 4596 845 4697 quandoque
862 4619 941 4670 non
956 4593 1238 4694 specificantur.

245 4718 365 4794 surr
396 4717 512 4794 etiam
541 4715 716 4815 quaedam
746 4712 1039 4791 consuetudines
1069 4736 1153 4811 quae
1182 4737 1252 4787 nec
1282 4712 1463 4788 dicuntur
1492 4712 1733 4789 intrinsecae²⁸
1763 4737 1833 4789 nec
1954 4739 1956 4742 ’

239 4813 479 4923 ῗοτίυεεοω,“
499 4836 566 4912 sed
586 4844 676 4912 sunt
697 4834 871 4932 quaedam
892 4831 1046 4908 servitia
1066 4831 1372 4920 concomitantia,
1394 4832 1491 4908 sicut
1512 4831 1667 4909 servitia
1687 4833 1834 4930 regalia

242 5037 308 5073 ²²²²²
320 5037 493 5114 utiterum,
508 5037 587 5112 MG,
602 5035 675 5097 CM.
713 5033 739 5068 ²²
751 5034 832 5108 Om,
847 5032 916 5108 OB,
932 5033 1008 5108 MA,
1025 5031 1100 5093 MB.
1138 5030 1164 5066 ¹⁸
1176 5038 1290 5104 tamen,
1305 5031 1344 5104 V,
1361 5031 1439 5105 MG,
1457 5032 1538 5104 MA;
1555 5053 1633 5105 cum,
1650 5032 1743 5093 MSS.
1761 5052 1831 5111 gen.

242 5136 362 5213 14Οιιι,
379 5139 443 5199 LA
482 5136 508 5171 ²⁶
519 5143 704 5210 tenemento,
721 5137 771 5212 V.,
787 5141 1004 5207 tenementum,
1022 5135 1088 5209 LA,
1106 5134 1185 5206 MG;
1204 5140 1278 5208 ten,
1296 5133 1389 5194 MSS.
1408 5154 1473 5193 rar.
1513 5131 1539 5166 ²³
1552 5133 1656 5207 alium,
1673 5134 1740 5210 LA,
1759 5135 1831 5195 MC.

164 5311 166 5316 .
242 5236 308 5274 ¹¹¹¹¹
319 5260 398 5300 unus
421 5243 578 5317 reprerit,
601 5237 676 5298 ΜΒ.
720 5235 748 5270 ²⁸
759 5239 906 5314 suscepit,
929 5236 998 5310 OB,
1021 5235 1098 5296 MG.
1142 5233 1169 5268 ²⁹
1181 5233 1340 5310 defendet,
1363 5233 1432 5308 OB,
1456 5235 1531 5311 MA,
1555 5236 1630 5297 ΜΒ.
1676 5235 1741 5270 ²⁰⁴¹
1754 5240 1833 5296 sicut

240 5359 384 5418 unquam,
398 5341 480 5413 MG;
494 5343 573 5400 sicut
585 5336 672 5399 illam
682 5358 827 5416 unquam,
839 5337 912 5399 CM.
936 5335 963 5370 ²²
975 5344 1115 5414 propter,
1128 5337 1167 5412 V,
1180 5338 1247 5412 OC,
1259 5337 1326 5410 LA,
1337 5336 1414 5412 MG,
1424 5336 1497 5397 CM.
1523 5335 1589 5371 ²⁸⁴⁴
1600 5341 1768 5399 intrinseca
1776 5358 1833 5400 nec

243 5440 408 5513 forinseca,
421 5441 490 5516 OA,
503 5440 570 5516 LA,
582 5440 649 5512 OC,
663 5439 729 5514 OE,
742 5439 782 5513 Y,
794 5437 864 5513 OB,
877 5438 953 5514 MB,
966 5440 1046 5511 MG;
1061 5441 1234 5498 intrinsecae
1247 5459 1304 5500 nec
1317 5439 1487 5514 forinseca,
1500 5441 1540 5516 V,
1554 5442 1630 5516 MA,
1646 5441 1723 5518 MG,
1737 5443 1810 5502 CM.
