4374 6366
391 367 465 438 442
922 359 1146 422 BBACTON:
1168 359 1229 420 DE
1254 359 1446 422 LEGIBUS

392 527 498 628 quid²
516 525 690 605 dedicere
707 527 754 604 de
771 527 931 604 recordo
949 527 1156 604 adversarii
1174 525 1244 616 sui,
1263 551 1332 602 nec
1351 527 1398 604 de
1415 526 1575 604 recordo
1593 526 1660 603 illo
1677 526 1822 626 aliquid
1841 551 1985 624 augere

391 647 454 724 vel
470 647 681 724 diminuere
699 646 749 723 ed
765 646 950 724 damnum
967 646 1088 746 ipsius
1106 645 1314 722 adversarii
1333 645 1408 722 sui:
1427 643 1519 745 quia
1537 645 1568 722 si
1586 645 1668 734 hoo,
1688 643 1741 722 sic
1760 653 1986 743 sequeretur

391 767 670 854 inconveniens,
690 765 793 865 quod
810 764 997 865 quidquid
1015 765 1105 841 boni
1124 764 1364 842 sdversarius
1383 789 1474 841 suus
1493 763 1637 840 diceret
1656 789 1729 862 pro
1748 790 1786 840 se
1806 789 1983 840 amovere

391 894 522 984 posset
533 894 572 961 et
584 884 624 960 in
636 883 745 984 peius
757 891 989 960 convertere.
1006 882 1084 960 Sed
1097 882 1146 959 de
1158 882 1318 958 recordo
1327 906 1397 958 suo
1406 881 1566 982 proprio
1575 907 1646 980 per
1655 881 1880 958 comitatum
1889 881 1981 958 reci·

391 1009 476 1079 tato
491 1001 580 1079 inde
596 1026 738 1099 augere
753 1000 897 1100 poterit
912 999 986 1077 vel²
1002 1001 1225 1090 diminuere,
1243 1002 1309 1078 sed
1325 1009 1453 1078 totum
1469 1001 1642 1078 dedicere
1659 1026 1738 1076 non
1753 1010 1894 1101 potest,
1912 1027 1982 1078 nec
2132 1062 2143 1094 ,

391 1145 438 1196 ea
455 1144 540 1218 quae
558 1129 649 1196 sunt
665 1119 714 1195 de
732 1119 948 1196 substantia
965 1118 1110 1218 negotii
1128 1119 1189 1195 vel
1208 1119 1438 1219 principalia
1456 1145 1544 1196 cum
1563 1120 1742 1218 captione
1761 1120 1980 1197 adversarii.
2126 1114 2141 1138 '

393 1236 513 1314 Verbi
530 1234 675 1334 gratier
695 1235 757 1313 Sit
774 1237 838 1335 qui
856 1245 968 1336 petat
985 1237 1180 1335 quandam
1197 1247 1342 1314 terram
1359 1238 1407 1314 de
1425 1237 1576 1315 seisina'
1596 1249 1878 1316 antecessorum
1896 1267 1982 1318 suo·

392 1381 480 1432 rum
497 1381 568 1454 per
583 1355 701 1431 verba
717 1355 888 1432 duellum
905 1354 1113 1444 facientia:
1131 1366 1171 1433 et
1187 1357 1442 1434 nominaverit
1458 1367 1614 1457 tempus
1632 1358 1734 1455 regis
1753 1357 1923 1446 Ricardi,
1943 1368 1983 1436 et

393 1475 497 1574 quod
515 1473 685 1572 expletia
702 1473 860 1572 ceperit
880 1475 929 1550 ad
947 1473 1155 1552 valentiam
1173 1475 1311 1574 viginti
1331 1474 1551 1566 solidorum,
1571 1476 1642 1552 hoc
1661 1477 1712 1554 sd
1730 1477 1850 1554 alium
1868 1477 1981 1554 comi·

392 1601 520 1670 tatum
539 1593 712 1669 dedicere
731 1592 875 1693 poterit
895 1602 934 1669 et
952 1592 1091 1670 dicere⁸
1110 1594 1214 1692 quod
1234 1594 1347 1692 petiit
1367 1593 1415 1670 de
1436 1595 1574 1671 seisina
1593 1603 1875 1672 antecessorum
1896 1621 1982 1672 suo-

393 1738 480 1788 rum
498 1712 545 1788 de
561 1719 735 1811 tempore
752 1711 855 1810 regis
874 1712 1069 1800 Iohannis,
1088 1712 1200 1788 etita
1216 1721 1379 1790 mutere.
1397 1713 1473 1790 Vel
1490 1714 1594 1812 quod
1612 1714 1724 1812 petiit
1742 1715 1791 1791 de
1807 1724 1982 1815 tempore

393 1855 530 1928 regum
544 1830 703 1907 Ricardi
718 1839 756 1906 et
773 1829 956 1906 Iohannis
972 1828 1110 1918 simul?
1127 1832 1236 1908 etita
1250 1856 1404 1928 augere.
1421 1831 1479 1909 Et
1495 1833 1599 1930 quod
1613 1833 1785 1932 expletis
1799 1831 1914 1933 cepit⁸
1932 1832 1983 1908 ad

392 1949 600 2026 valentiam
617 1949 786 2049 quinque
803 1949 1023 2038 solidorum,
1042 1959 1081 2026 et
1099 1949 1151 2026 sic
1169 1950 1352 2026 minuere.
1371 1950 1429 2028 Et
1448 1950 1580 2028 statim
1597 1951 1668 2026 hoc
1686 1951 1851 2051 probare
1870 1952 1982 2031 debet

392 2093 600 2167 perunum
616 2067 835 2144 audientem
852 2077 890 2144 et
905 2067 1193 2165 intellegentem
1209 2068 1275 2166 qui
1291 2069 1543 2145 incontinenti
1560 2078 1721 2167 paratus
1739 2069 1875 2146 sithoc
1892 2095 1980 2168 pro·

392 2185 484 2262 bare
506 2209 740 2285 percorpus
763 2210 876 2261 suum
898 2185 929 2261 si
951 2186 1059 2261 curia
1079 2184 1322 2263 considerat·
1346 2186 1405 2262 Et
1427 2187 1481 2265 sic
1504 2187 1648 2286 poterit
1670 2187 1756 2287 quis
1780 2189 1984 2288 proprium

392 2304 594 2380 recordum
609 2311 771 2392 mutare,
787 2329 940 2401 augere,
956 2313 995 2380 et
1009 2302 1192 2394 minuere,
1208 2305 1299 2402 quia
1314 2330 1362 2381 ex
1376 2305 1448 2380 hoc
1463 2305 1613 2382 nullum
1629 2307 1815 2384 damnum
1829 2307 1984 2385 habebit

393 2421 646 2511 adversarius,
663 2421 754 2520 quia
768 2447 847 2498 non
862 2421 982 2500 sunt¹⁰
997 2421 1164 2499 multum
1179 2421 1229 2499 de
1245 2422 1461 2500 substantia
1476 2423 1632 2522 negotii.

492 2626 558 2703 De
574 2624 698 2722 officio
713 2624 952 2703 vicecomitis.

393 2744 612 2822 Orurorurr
625 2769 716 2821 vero
728 2743 958 2821 vicecomitis
972 2753 1030 2820 est
1044 2744 1075 2821 si
1088 2745 1172 2843 quis
1186 2754 1445 2842 conqueratur
1457 2745 1506 2821 de
1520 2745 1662 2821 iniusta
1675 2743 1880 2844 captione²²
1895 2741 1983 2820 vel²²

392 2861 562 2940 iniusta¹⁸
575 2860 822 2940 detentione²‘
833 2872 969 2939 contra
980 2863 1138 2939 vadium
1150 2873 1189 2941 et
1202 2862 1362 2962 plegios,
1376 2864 1480 2962 quod
1493 2888 1581 2940 cum
1595 2862 1709 2939 breve
1722 2861 1867 2938 domini
1881 2861 1983 2958 regis

393 2982 641 3080 „susceperit”
659 2982 763 3080 quod
780 2981 857 3059 tale
873 2991 949 3059 est:
966 2984 1056 3059 Rex
1073 2981 1282 3059 vicecomiti
1301 2981 1474 3058 salutem
1494 2980 1744 3079 Praeeipimus
1762 2981 1832 3058 tibi
1851 2980 1981 3079 quod¹⁸

394 3098 475 3176 sine
493 3099 676 3177 dilatione
696 3099 929 3198 replegiari¹⁷
950 3099 1070 3176 facias
1089 3098 1187 3175 tali²⁸
1208 3099 1338 3176 averia
1357 3124 1427 3176 sua
1448 3124 1532 3197 quae
1552 3099 1640 3177 talis
1661 3099 1764 3197 cepit
1784 3108 1824 3175 et
1844 3098 1984 3174 iniuste

393 3218 540 3296 detinet
561 3227 606 3294 ut
626 3219 728 3296 dicit.
751 3219 809 3296 Et
829 3227 965 3317 postea
986 3243 1074 3295 eum
1094 3219 1184 3294 inde
1203 3218 1303 3295 iuste
1325 3217 1460 3293 deduci
1483 3218 1614 3306 facias,
1637 3242 1685 3300 ne
1707 3217 1872 3315 amplius
1892 3216 1982 3292 inde

393 3337 598 3412 clamorem
626 3335 826 3412 audiamus
854 3361 926 3434 pro
953 3335 1108 3412 defectu
1136 3336 1300 3412 iustitiae.
1331 3337 1449 3412 Teste
1477 3345 1653 3414 etoetera.
1684 3334 1758 3412 Vel
1787 3333 1903 3410 etiam
1933 3335 1983 3409 ad

394 3453 590 3552 querelam
603 3453 761 3530 alicuius
777 3453 857 3530 sine
871 3454 987 3542 brevi,
1004 3461 1163 3552 accepta
1176 3453 1284 3553 prius
1299 3454 1348 3530 ab
1363 3480 1407 3530 eo
1423 3453 1626 3532 securitate
1642 3455 1689 3530 de
1705 3454 1982 3553 prosequendo.

397 3574 447 3649 In
469 3571 628 3672 propria
649 3597 815 3671 persona
835 3598 905 3649 sua
926 3573 956 3648 si
979 3573 1120 3648 adhoc
1142 3573 1339 3649 intendere
1362 3573 1495 3673 possit,
1519 3575 1675 3649 accedat
1697 3572 1747 3648 ad
1769 3573 1897 3648 locum
1918 3571 1984 3647 ubi

395 3692 523 3768 averia
546 3691 703 3769 detenta
727 3700 828 3780 sunt,
852 3701 897 3769 ut
921 3692 1072 3780 dicitur,
1095 3692 1156 3768 vel
1181 3693 1211 3768 si
1234 3693 1317 3790 ipse
1341 3717 1419 3768 non
1443 3693 1576 3792 possit,
1600 3693 1732 3770 mittat
1757 3697 1984 3769 servientem

393 3837 517 3898 suum,
535 3820 575 3888 et
593 3811 724 3887 statim
741 3834 829 3886 cum
845 3811 992 3886 venerit
1010 3819 1120 3908 petat
1136 3810 1261 3887 visum
1280 3812 1327 3887 de
1345 3811 1481 3888 averiis
1498 3811 1573 3888 illis
1590 3811 1819 3910 ubicumque
1837 3813 1983 3888 inclusa

396 3927 553 4005 fuerint.
576 3928 635 4003 Et
655 3928 686 4004 si
706 3926 757 4005 sit
776 3927 912 4026 aliquis
932 3929 1192 4005 contradictor
1211 3930 1315 4027 quod
1335 3929 1424 4005 inde
1445 3930 1569 4006 visum
1589 3930 1730 4006 habere
1751 3956 1829 4006 non
1851 3931 1983 4030 possit,

394 4045 456 4122 vel
474 4055 636 4145 propter
653 4045 781 4122 hocin
799 4072 888 4123 eum
905 4071 1043 4122 manus
1061 4046 1247 4124 violentas
1266 4047 1448 4137 iniecerit,
1468 4048 1600 4126 statim
1619 4049 1748 4126 levet¹⁹
1767 4050 1984 4128 huthesium

395 4174 434 4241 et
450 4165 666 4254 clamorem,
683 4175 721 4242 et
736 4189 824 4241 cum
839 4165 1013 4241 huthesio
1028 4175 1067 4242 et
1084 4166 1249 4242 clamore
1264 4166 1393 4265 capiat
1411 4167 1686 4266 delinquentes
1704 4169 1801 4244 sicut
1818 4168 1902 4245 illos
1919 4169 1984 4267 qui

395 4293 486 4360 sunt
502 4283 707 4360 manifeste
724 4293 860 4360 contra
875 4309 1010 4382 pacem
1028 4283 1171 4360 domini
1188 4283 1301 4382 regis,
1320 4294 1359 4361 et
1376 4285 1416 4360 in
1433 4285 1588 4384 gaolam
1606 4287 1768 4385 proiciat
1787 4313 1984 4386 quousque

394 4401 571 4478 dominus
590 4427 659 4478 rex
678 4401 930 4500 praeceperit²⁰
949 4403 1038 4479 inde
1056 4402 1297 4479 voluntatem
1317 4428 1437 4491 suam,
1458 4413 1496 4480 et
1517 4403 1645 4480 averia
1665 4413 1782 4503 capta
1801 4405 1984 4481 deliberet

395 4519 426 4596 si
445 4520 702 4596 inveniantur.
726 4519 767 4595 Si
788 4529 918 4596 autem
937 4520 1099 4596 inveniri
1120 4546 1198 4596 non
1218 4520 1406 4620 possint,²¹
1429 4547 1473 4597 eo
1495 4523 1598 4620 quod
1620 4522 1709 4598 alibi
1732 4525 1873 4621 fugata
1893 4533 1984 4600 sunt

477 4704 583 4780 ¹Om.,
607 4705 684 4781 MG,
708 4705 773 4767 OC.
818 4703 883 4782 'et,
906 4706 973 4781 LA,
996 4705 1069 4768 ΜΟ.
1115 4704 1312 4781 ’ἀίοοείεἱηα,
1335 4706 1402 4782 LA,
1426 4707 1466 4782 Y,
1491 4706 1563 4768 MC.
1609 4705 1789 4781 *facienda
1815 4707 1892 4782 MG,
1916 4707 1982 4768 OC.

395 4805 513 4885 '‘cepit,
530 4806 569 4881 V,
589 4807 657 4882 OB,
677 4808 754 4883 MA,
772 4807 848 4881 ΜΒ,
868 4807 942 4884 CM,
961 4806 1026 4868 OC.
1067 4805 1182 4885 ⁰diem,
1202 4809 1279 4884 MG,
1298 4808 1364 4869 OC.
1407 4805 1511 4884 'Om.,
1532 4808 1609 4882 MG,
1629 4809 1703 4884 CM,
1723 4807 1789 4870 OC.
1831 4806 1984 4887 ⁸ceperit,

397 4909 463 4983 ΟΕ,
480 4909 519 4970 Y.
558 4907 833 4986 'consideraverit
849 4909 889 4986 V,
906 4908 975 4983 OA,
993 4910 1075 4983 MG;
1092 4911 1148 4982 rio,
1165 4910 1234 4986 OB,
1251 4910 1328 4985 ΜΒ,
1345 4909 1421 4985 CM,
1437 4910 1483 4983 Y;
1501 4909 1628 4984 consid,
1647 4911 1723 4985 MA,
1741 4909 1815 4984 MC,
1833 4910 1902 4987 ΟΕ,
1919 4909 1986 4986 OC,

395 5009 461 5072 LA.
500 5008 528 5045 ²⁰
539 5017 597 5088 est,
612 5010 680 5088 LA,
697 5011 738 5086 Y,
755 5011 828 5072 ΜΟ.
868 5009 934 5045 ²¹¹²⁸
946 5010 1027 5086 Om.,
1043 5012 1113 5086 OB,
1131 5011 1207 5086 MA,
1225 5011 1348 5086 MB,Y
1371 5008 1426 5086 (-Ι-
1439 5011 1612 5089 captione).
1653 5009 1811 5087 ²²'²⁴Om.‚
1831 5010 1899 5088 OA,
1918 5011 1985 5087 ΟΕ,

395 5112 469 5174 ΟΜ.
506 5110 533 5147 ²⁵
545 5117 758 5191 supervenerit
772 5119 805 5173 et
821 5116 982 5190 receperit,
998 5114 1037 5174 V.
1075 5112 1194 5190 1‘’quod
1210 5117 1291 5174 iuste
1307 5119 1349 5187 et,
1366 5112 1433 5188 LA,
1450 5111 1490 5187 Y,
1507 5112 1579 5173 MC.
1619 5110 1844 5192 ¹⁷replegiare,
1861 5113 1900 5187 V,
1917 5112 1984 5174 OC.

396 5211 484 5290 ¹⁸A,
504 5215 585 5287 MA;
604 5235 673 5289 om.,
693 5217 762 5290 OB,
781 5214 856 5274 ΜΒ.
896 5213 1063 5288 ¹⁹levetur,
1083 5215 1149 5291 LA,
1169 5215 1208 5273 Y.
1249 5213 1486 5293 ²⁰praeceperat,
1507 5215 1577 5290 OB,
1596 5215 1672 5291 MA,
1692 5215 1765 5274 CM.
1805 5213 1832 5248 '¹
1845 5221 1985 5292 possunt,

395 5315 436 5390 V,
452 5315 530 5391 MG,
546 5314 613 5392 OC,
630 5316 697 5377 OB.
