4432 6340
341 457 343 464 '
408 461 483 530 220
940 454 1162 516 BRACTON:
1185 455 1246 522 DB
1269 456 1462 518 LEGIBUS

407 604 462 682 tio
480 606 529 680 ad
546 615 701 683 centum
719 605 869 682 solidos.
889 607 1014 683 Facta
1032 615 1161 683 autem
1178 606 1399 685 extensione
1418 617 1456 685 et
1475 607 1759 706 appretiatione
1777 617 1822 684 ut
1841 607 1998 707 pradic-

406 732 492 799 tum
508 732 577 811 est,
593 724 741 800 causari
756 722 969 824 poterunt¹⁸
985 735 1023 803 et
1039 725 1264 803 calumniari
1278 725 1410 802 multis
1427 726 1561 814 modis,
1579 727 1683 826 quod
1698 752 1778 802 non
1792 727 1867 802 rite
1883 727 1997 815 forte,

407 841 499 939 quia
511 843 561 918 ad
574 843 662 941 plus
676 842 736 918 vel
748 845 798 920 ad
810 843 936 919 minus
950 844 1178 943 appretiata
1190 854 1281 921 sunt
1294 871 1353 922 res
1365 845 1604 922 hereditariae
1618 845 1762 944 quam¹⁸
1773 845 1939 934 valeant,
1953 855 1999 922 ut

407 985 496 1036 cum
515 961 605 1037 talis
626 987 686 1037 res
707 987 786 1037 non
808 962 934 1038 valeat
956 963 1028 1040 nisi
1050 972 1216 1052 tantum,
1239 964 1300 1040 vel
1321 988 1409 1040 curn
1431 963 1520 1063 plus
1543 964 1670 1041 valeat
1693 990 1808 1062 quam
1831 973 1997 1052 tantum,

407 1079 629 1179 appretiata
649 1089 707 1156 est
728 1081 777 1156 ad
798 1090 964 1158 tantum.
989 1082 1092 1158 Item
1113 1081 1263 1159 causari
1285 1082 1428 1182 poterit
1451 1083 1660 1181 assignatio
1682 1083 1780 1160 sicut
1803 1083 1998 1182 appretia·

406 1200 474 1289 tio,
496 1199 636 1276 scilicet
657 1224 744 1275 cum
765 1199 844 1276 tale
865 1200 1079 1277 manerium
1099 1209 1255 1276 tantum
1276 1202 1415 1288 valeat,
1438 1210 1657 1278 extensores
1679 1225 1758 1278 non
1781 1201 1997 1300 assignave-

407 1327 500 1394 runt
518 1318 589 1393 tali
607 1318 672 1415 qui
692 1317 866 1416 queritur
884 1318 955 1395 nisi
974 1318 1052 1394 tale
1071 1318 1191 1418 quid⁸⁰
1210 1318 1451 1396 minimum.⁸²
1472 1319 1534 1396 Et
1551 1320 1636 1396 ideo
1656 1320 1687 1397 si
1706 1320 1877 1397 causatio
1896 1320 1999 1397 iusta

408 1434 539 1525 ruerit,
559 1435 633 1512 alia
654 1437 874 1514 extensione
893 1435 960 1515 et⁸¹
979 1437 1262 1537 appretiatione
1282 1439 1343 1515 vel
1363 1437 1622 1536 assignatione
1642 1463 1740 1538 opus
1760 1439 1845 1527 erit,
1866 1463 1997 1515 secun·

408 1555 502 1630 dum
529 1556 632 1654 quod
658 1555 819 1632 inferius
846 1556 997 1655 plenius
1023 1556 1182 1633 dicetur.
1210 1558 1312 1633 Cum
1340 1567 1470 1634 autem
1498 1557 1670 1634 extensio
1697 1567 1736 1634 et
1764 1557 1997 1657 appretiatio

406 1673 507 1752 rite³⁸
531 1676 638 1751 laeta
660 1675 791 1764 fuerit,
815 1676 885 1752 fiat
909 1701 1039 1751 rerum
1062 1675 1380 1752 hereditariamm
1403 1675 1563 1774 partitio
1587 1675 1785 1774 aequaliter
1808 1676 1849 1751 in
1873 1675 1998 1753 duas⁸⁴

406 1802 537 1893 partes
553 1793 614 1869 vel
628 1793 799 1892 plures,⁸⁶
815 1795 1025 1876 secundum
1040 1819 1243 1870 numerum
1258 1794 1487 1870 coheredum
1502 1794 1749 1894 participum,
1767 1803 1806 1870 et
1822 1795 1879 1872 ita
1895 1794 1998 1892 quod

406 1912 583 2014 quaelibet
601 1912 721 2014 pars'⁶
740 1938 811 2011 per
828 1912 958 1988 omnia
975 1911 1130 2010 aequalis
1149 1911 1198 1989 sit
1218 1911 1341 2000 alteri,
1361 1922 1400 1988 et
1419 1913 1525 1989 facta
1544 1913 1598 1989 sic
1616 1912 1825 2012 partitione
1844 1912 1997 1990 cuilibet

406 2032 634 2109 coheredum
656 2031 874 2129 assignetur
893 2057 985 2130 pars
1007 2055 1087 2118 sua,
1108 2056 1187 2106 non
1207 2041 1252 2108 ut
1273 2030 1432 2130 quilibet
1454 2041 1543 2129 post
1565 2031 1684 2108 alium
1704 2031 1824 2129 eligat
1845 2040 1997 2130 partem

407 2176 527 2240 suam,
547 2152 614 2227 sed
633 2147 875 2227 huiusmodi⁸²
896 2149 1174 2226 distributionis
1194 2150 1394 2226 fortunam
1413 2149 1560 2227 faciant
1579 2149 1753 2238 iudicem,
1774 2159 1820 2226 ut
1838 2151 1997 2249 quilibet

406 2269 546 2346 habeat
561 2279 713 2368 partem
727 2269 832 2345 illam
847 2294 931 2368 quae
945 2295 1016 2368 per
1030 2277 1172 2345 sortem
1187 2269 1221 2345 ei
1238 2267 1428 2345 acciderit.
1446 2269 1513 2344 Ita
1528 2268 1632 2367 quod
1647 2268 1687 2343 in
1702 2267 1879 2369 pluribus
1894 2268 1996 2346 sche-

407 2387 507 2464 dulis
525 2387 741 2464 scribantur
759 2388 914 2463 nomIna
931 2386 1187 2463 coheredum⁸⁸
1206 2396 1244 2463 et
1263 2385 1554 2485 particularum,
1573 2397 1613 2464 et
1633 2385 1769 2486 quasi⁸⁰
1788 2413 1836 2464 ex
1854 2387 1996 2486 impro·

406 2505 488 2582 viso
502 2507 708 2583 tradantur
721 2531 852 2582 omnes
867 2505 1053 2582 schedulae
1066 2505 1346 2604 particularum
1360 2504 1472 2580 alicui
1486 2505 1583 2582 laico
1598 2507 1663 2603 qui
1678 2506 1833 2582 omnino
1848 2505 1997 2583 litteras

405 2625 599 2725 ignoret,⁴⁰
615 2626 753 2724 etipse
769 2634 863 2702 tunc
878 2625 1011 2701 tradat
1027 2622 1181 2700 cuilibet
1198 2623 1379 2722 participi
1397 2623 1617 2701 schedulam
1633 2649 1763 2712 unam,
1781 2634 1821 2701 et
1837 2624 1997 2724 quilibet

406 2771 540 2822 eorum
560 2744 633 2822 erit
654 2751 857 2820 contentus
878 2742 953 2820 de¹²
975 2751 1088 2843 parte
1108 2741 1176 2820 illa
1197 2767 1280 2841 quae
1301 2742 1342 2818 in
1364 2741 1544 2819 schedula
1564 2741 1631 2818 illa
1652 2743 1882 2832 continetur,
1905 2743 1997 2820 velit

407 2863 514 2940 nolit.
530 2863 588 2940 Et
601 2863 672 2938 hoc
685 2864 741 2940 ita
753 2861 827 2940 erit
840 2861 912 2938 nisi
927 2861 1031 2938 forte
1044 2862 1093 2937 de
1105 2885 1292 2938 consensu
1307 2861 1363 2937 ita
1376 2859 1572 2937 evenerit⁴²
1588 2861 1692 2959 quod
1705 2859 1892 2960 quilibet‘⁸
1908 2871 1998 2960 post

407 2982 526 3059 alium
550 2980 689 3058 habeat
716 2980 939 3057 electionem
964 2981 1174 3056 secundum
1199 2979 1322 3055 aetatis
1350 2978 1659 3078 prerogativam,
1686 2978 1827 3056 scilicet
1854 2979 1997 3079 primo·

406 3101 561 3199 genitus
584 3099 760 3198 primam,
783 3109 822 3177 et
844 3106 1049 3197 postnatus
1072 3097 1199 3185 aliam,
1222 3107 1261 3174 et
1284 3099 1336 3174 sic
1358 3098 1549 3198 deinceps.
1573 3097 1631 3174 Et
1655 3099 1733 3174 sive
1756 3098 1809 3174 sic
1831 3100 1909 3175 sive
1932 3098 1996 3188 sic,

407 3219 539 3296 statim
561 3219 787 3295 irrotuletur
809 3219 913 3316 quid,
936 3226 975 3294 et
996 3217 1069 3304 cui,
1093 3225 1132 3292 et
1154 3216 1231 3305 ubi,
1254 3225 1293 3293 et
1316 3242 1387 3315 per
1409 3241 1504 3314 quas
1528 3216 1738 3315 particulas
1763 3217 1882 3293 luerit
1905 3242 1998 3316 pars

407 3339 583 3440 quaelibet
603 3337 810 3434 assignata,
830 3335 871 3411 in
888 3335 1002 3412 terris
1021 3344 1061 3412 et
1078 3334 1305 3412 tenementis
1326 3343 1365 3411 et
1384 3334 1508 3410 feodis
1527 3333 1694 3412 militum
1714 3325 1753 3411 et
1773 3335 1997 3423 redditibus,

407 3468 446 3535 et
462 3457 637 3534 omnihus
655 3455 737 3531 aliis
754 3454 867 3532 rebus
884 3454 935 3530 ad
952 3462 1181 3552 perpetuam
1198 3452 1431 3529 memoriam.
1451 3453 1556 3529 Item
1572 3462 1612 3530 et
1629 3453 1660 3529 si
1678 3452 1809 3550 aliqua
1825 3463 1930 3531 terra
1948 3454 1998 3530 sit

408 3601 492 3676 quae
509 3584 599 3673 post
616 3583 770 3672 tempus
788 3573 838 3648 ad
856 3572 1013 3648 heredes
1031 3571 1171 3647 reverti
1190 3571 1339 3658 debeat,
1359 3571 1456 3647 sicut
1474 3572 1545 3648 dos
1564 3571 1624 3647 vel
1644 3572 1720 3647 aha
1738 3595 1997 3671 quacumque,

407 3696 478 3772 fiat
495 3691 713 3769 irrotulatio
734 3691 817 3790 quis
837 3689 929 3789 quid
948 3689 1083 3766 tollere
1102 3689 1251 3777 debeat,
1271 3699 1310 3766 et
1330 3699 1423 3766 tunc
1443 3689 1575 3766 statim
1595 3689 1800 3788 capiantur
1819 3689 1999 3789 homagia

408 3837 496 3888 cum
511 3810 658 3888 fuerint
672 3809 827 3886 servitia
841 3817 1049 3885 attornata.
1067 3807 1161 3883 Non
1176 3815 1306 3884 autem
1321 3807 1480 3883 veniunt
1495 3809 1536 3883 in
1550 3806 1775 3884 divisionem
1789 3833 1921 3885 omnes
1937 3834 1998 3885 res

407 3929 655 4017 hereditaria,
675 3927 882 4027 aliquando
901 3935 1064 4026 propter
1082 3925 1338 4025 privilegium,
1359 3934 1521 4025 propter
1541 3951 1746 4024 personam
1765 3927 1826 4001 cui
1847 3951 1997 4026 compe

407 4050 456 4127 tit
477 4049 627 4125 ratione
646 4046 781 4134 atatis,
804 4046 902 4123 sicut
923 4053 1086 4146 propter
1108 4043 1454 4143 primogenituram
1476 4053 1515 4120 et
1537 4045 1764 4132 aesnesciam,
1789 4046 1999 4121 secundum

408 4169 511 4266 quod
527 4166 688 4243 inferius
703 4166 862 4241 dicenn.
881 4164 984 4240 Item
1000 4173 1163 4262 propter
1177 4163 1302 4261 ipsam
1318 4187 1399 4238 rem
1414 4187 1499 4261 quae
1515 4161 1739 4239 divisionem
1755 4188 1833 4239 non
1850 4163 1997 4264 recipit,

408 4284 521 4362 tum⁴⁴
537 4292 699 4383 propter
715 4308 942 4358 consensum
957 4279 1212 4356 coheredum⁴⁵
1229 4281 1294 4379 qui
1312 4280 1531 4356 desiderant
1549 4281 1652 4379 quod
1669 4281 1798 4379 aliqua
1815 4307 1876 4358 res
1892 4282 1997 4358 here-

408 4403 550 4480 ditaria
565 4409 762 4479 remaneat
779 4401 821 4476 in
837 4398 1040 4476 communi.
1061 4397 1259 4497 Imprimis
1277 4408 1407 4475 autem
1425 4397 1661 4474 videndum⁴⁰
1681 4424 1764 4497 quae
1782 4400 1939 4478 veniant
1958 4401 1998 4476 in

410 4521 644 4608 divisionem,
670 4529 709 4596 et
734 4519 805 4594 hoc
830 4519 911 4595 viso
937 4519 985 4594 de
1011 4517 1116 4593 facili
1142 4517 1329 4615 perpendi
1357 4515 1500 4615 poterit
1527 4542 1611 4614 quae
1638 4542 1717 4593 non
1743 4518 1911 4595 veniant.
1939 4518 1997 4595 Et

408 4687 436 4722 ²⁸
447 4691 594 4766 poterim,
611 4686 680 4762 OB,
697 4687 778 4759 CM;
794 4689 921 4764 poterit,
938 4685 1016 4758 MG,
1033 4685 1073 4758 Y,
1091 4684 1164 4745 HA.
1204 4681 1230 4717 ²⁹
1241 4690 1399 4762 quantum,
1417 4682 1486 4758 OB,
1505 4684 1578 4745 CM.
1618 4683 1645 4719 ⁸⁰
1656 4684 1748 4763 quod,
1767 4687 1843 4762 MA,
1863 4688 1942 4761 MG,
1959 4689 1997 4748 V.

408 4788 603 4850 ⁸¹minimum
619 4787 773 4863 est,MG,
791 4786 830 4849 V.
869 4784 895 4820 ⁸²
907 4785 966 4862 vel,
984 4787 1059 4862 CM,
1076 4785 1114 4844 V.
1155 4783 1273 4859 ⁸⁸Om.,
1292 4785 1361 4860 OB,
1379 4786 1456 4861 MA,
1476 4786 1550 4846 MB.
1591 4784 1657 4820 ⁸⁴⁴⁸
1669 4787 1774 4865 plures
1794 4795 1911 4866 partes,
1930 4789 1999 4863 OA,

409 4890 476 4965 LA,
499 4890 572 4962 OC;
595 4890 672 4951 duaa
696 4895 803 4968 partes
828 4888 945 4967 plures,
970 4888 1043 4948 MC.
1090 4885 1116 4920 ⁸⁶
1128 4891 1267 4966 partitio,
1292 4887 1362 4962 OB,
1386 4887 1462 4962 MA,
1488 4887 1562 4949 MB.
1608 4887 1748 4964 ’'nnus,
1773 4891 1842 4966 OA,
1868 4892 1935 4968 LA,
1959 4891 1997 4952 V.

408 4989 475 5026 ’Μ’
486 4989 669 5052 coheredum
689 4997 721 5050 et
739 4993 838 5068 quasi,
857 4988 930 5062 LA;
951 4987 1017 5050 coh.
1038 4995 1120 5067 part
1142 4997 1174 5050 et
1192 4992 1317 5049 nomIna
1341 4988 1439 5068 (Ἦ)
1464 4997 1496 5050 et
1516 4994 1614 5067 quasi,
1635 4991 1709 5064 OA;
1731 4993 1797 5054 coh
1819 5001 1852 5054 et
1870 5001 1944 5055 tunc
1965 4999 1998 5055 in

408 5090 546 5171 quolibet
558 5096 679 5153 nomine
694 5089 906 5152 conscribatur
920 5089 1058 5167 quadam
1071 5109 1145 5169 pars
1160 5097 1245 5150 certa
1260 5097 1292 5150 et
1306 5095 1463 5152 nominata
1478 5100 1509 5153 et
1524 5097 1623 5171 quasi,
1639 5093 1705 5154 OC.
1743 5093 1769 5130 ⁴⁰
1780 5099 1915 5174 ignorat,
1932 5097 1998 5172 LA,

409 5192 482 5252 MC.
525 5192 551 5226 ⁴¹
564 5212 611 5266 ex,
632 5191 702 5264 OB,
723 5191 799 5266 MA,
821 5192 895 5252 MB.
938 5188 1103 5267 ⁴²venerit,
1125 5192 1203 5265 MG,
1224 5192 1297 5253 CM.
1341 5190 1459 5269 ⁴⁸0m.,
1481 5196 1550 5269 OB,
1573 5196 1648 5272 MA,
1671 5196 1747 5258 MB.
1789 5197 1907 5273 “cum,
1929 5201 1998 5274 OB,

409 5292 487 5368 MB,
500 5294 530 5352 V
536 5316 545 5366 ;
559 5301 633 5365 tam,
648 5292 727 5365 CM;
741 5299 855 5368 tamen,
871 5292 952 5365 MA;
967 5313 1038 5366 om,
1053 5293 1129 5353 MG,
1167 5291 1193 5326 ⁴⁸
1205 5292 1361 5370 heredum,
1377 5296 1446 5370 OB,
1462 5297 1538 5371 MA,
1555 5300 1630 5374 MB,
1647 5299 1684 5358 Y.
1724 5297 1751 5332 ⁴⁶
1761 5299 1926 5362 videndum
1940 5310 1998 5377 est,

410 5393 487 5468 MG,
502 5394 577 5467 CM,
590 5393 630 5468 Y,
645 5393 720 5469 HA,
732 5393 771 5454 V.
