4394 6342
373 539 422 608 22
903 527 1126 590 BRACTON:
1148 527 1209 588 DE
1234 525 1425 588 LEGIBUS

373 681 491 758 locuti
508 681 655 757 fuerint
670 679 852 768 homines,
870 677 1058 755 reddituri
1075 685 1166 754 sunt
1183 676 1382 754 rationem.
1401 675 1500 766 Quis
1518 699 1611 772 ergo
1629 673 1803 772 effugere
1821 672 1965 771 poterit

374 826 398 877 a
420 807 585 877 ventura
608 799 687 874 ira?
710 799 848 875 Mittet
871 797 974 874 enim
997 796 1099 874 filius
1123 795 1285 872 hominis
1310 793 1467 893 angelos
1492 819 1593 881 suos,
1618 793 1684 892 qui
1708 792 1891 890 colligent
1917 792 1965 867 de

374 947 496 1020 regno
515 920 576 996 dei
597 919 726 996 omnia
745 919 926 995 scandala
946 929 986 996 et
1006 945 1070 995 eos
1090 918 1156 1018 qui
1178 917 1328 993 faciunt
1349 915 1602 1015 iniquitatem,
1624 924 1663 991 et
1684 939 1733 990 ex
1753 913 1808 990 eis
1830 913 1964 1011 alliga·

374 1042 472 1119 bunt
489 1041 690 1118 fasciculos
707 1041 757 1116 ad
773 1040 1086 1128 comburendum,
1101 1049 1142 1116 et
1157 1039 1314 1116 mittent
1329 1063 1395 1114 eos
1411 1037 1452 1112 in
1469 1036 1662 1112 caminum
1679 1035 1791 1134 ignis,
1809 1034 1875 1111 ubi
1891 1034 1966 1111 erit

325 1187 330 1196 ·
374 1161 488 1238 fletus
506 1170 545 1238 et
562 1160 704 1236 stridor
721 1160 905 1249 dentium,
923 1159 1089 1259 gemitus
1107 1169 1146 1236 et
1163 1159 1347 1247 ululatus,
1365 1157 1542 1246 eiulatus,
1560 1155 1687 1234 luctus
1704 1165 1744 1232 et
1761 1156 1964 1243 cruciatus,

375 1285 517 1362 stridor
532 1292 571 1361 et
584 1285 740 1371 clamor,
755 1282 871 1360 timor
884 1291 923 1359 et
937 1291 1093 1370 tremor,
1107 1281 1217 1357 dolor
1232 1291 1271 1358 et
1285 1279 1405 1368 labor,
1423 1278 1538 1355 ardor
1553 1287 1592 1356 et
1608 1278 1737 1366 foetor,
1754 1277 1965 1355 obscuritas

241 1391 243 1396 ⁵
376 1415 415 1482 et
429 1404 615 1492 anxietas,
631 1403 816 1480 acerbitas
831 1412 871 1480 et
886 1401 1085 1502 asperitas,
1101 1401 1298 1478 calamitas
1313 1411 1352 1478 et
1367 1408 1529 1499 egestas,
1546 1400 1726 1498 angustia
1741 1407 1780 1476 et
1795 1398 1965 1487 tristitia,

375 1523 516 1600 oblivio
529 1533 568 1600 et
581 1523 768 1613 confusio,
782 1521 981 1601 tortiones⁶
997 1531 1035 1600 et
1049 1522 1288 1622 punctiones,
1304 1520 1578 1598 anmritudines
1594 1529 1633 1598 et
1647 1529 1825 1608 terrores,
1842 1520 1966 1596 fames

376 1655 415 1722 et
442 1643 535 1733 sitis,
561 1644 687 1742 frigus
713 1652 752 1720 et
777 1669 925 1733 cauma,
952 1643 1115 1743 sulphur
1140 1651 1180 1719 et
1205 1643 1306 1742 ignis
1332 1643 1471 1719 ardens
1497 1642 1550 1742 in·
1566 1643 1703 1718 saecula
1730 1642 1964 1718 soculorum.
2081 1662 2089 1672 ·

377 1769 524 1845 Caveat
537 1765 667 1844 etiam⁶
681 1764 840 1865 quilibet
853 1765 1035 1842 iudicium
1050 1764 1145 1840 illud
1161 1764 1226 1840 ubi
1241 1765 1357 1840 iudex
1371 1764 1593 1842 terribiliter
1607 1764 1814 1852 districtus,
1831 1764 1966 1840 intole-

375 1887 548 1965 rabiliter
571 1913 736 1976 severus,
760 1887 1010 1964 immoderate
1034 1887 1226 1975 offensus,
1243 1885 1488 1963 vehementer
1512 1887 1645 1974 iratus,
1671 1886 1860 1962 sententia
1886 1886 1967 1962 eius

375 2008 708 2096 incommutabilis,
737 2032 866 2084 carcer
892 2007 1151 2096 irremeabilis,
1180 2008 1375 2084 tormenta
1403 2007 1483 2084 sine
1511 2007 1600 2095 fine,
1629 2007 1710 2084 sine
1737 2005 1967 2094 intervalla*

375 2137 541 2205 tortores
561 2128 759 2205 horribiles
780 2129 845 2227 qui
866 2154 1078 2227 numquam
1097 2127 1334 2216 lassescunt,⁸
1356 2155 1568 2228 numquam
1588 2130 1830 2217 miserentur,
1851 2129 1969 2205 timor

376 2277 506 2328 rerum
520 2250 737 2338 conturbat,
752 2249 983 2326 conscientia
998 2249 1169 2338 damnat,
1185 2248 1436 2347 cogitationes
1451 2249 1665 2348 increpant,
1680 2260 1720 2327 et
1736 2251 1873 2349 fugere
1889 2276 1968 2326 non

376 2371 476 2448 licet.
498 2370 617 2448 Unde
638 2370 773 2447 beatus
793 2369 1054 2468 Augustinus,
1076 2371 1114 2446 Ο
1136 2381 1252 2468 quom
1275 2395 1417 2467 mopoa
1437 2380 1598 2469 peccota
1619 2393 1705 2446 mco
1725 2379 1817 2446 aaut
1839 2371 1969 2448 umor

376 2491 481 2568 uode
510 2515 597 2566 com
627 2490 712 2588 qaia
742 2491 857 2567 deam
888 2489 1065 2567 babuerit
1092 2489 1237 2567 iustam
1267 2489 1443 2579 iudicem,
1474 2501 1514 2568 ct
1544 2489 1813 2568 corrodentium
1844 2490 1968 2567 raom⁰

378 2618 528 2698 testem,
545 2609 640 2687 nibil
658 2611 792 2688 timeat
810 2611 883 2689 πέει·
901 2633 1055 2687 causam
1073 2635 1195 2686 mam.

480 2849 587 2943 Quid
602 2849 652 2926 ait
668 2850 732 2926 tea
747 2859 786 2927 ct
802 2849 895 2948 qaid
912 2849 1158 2926 conatuum.

378 2967 613 3044 Vmsrrourr
636 2976 695 3044 est
717 2967 861 3044 etiam²⁰
884 2967 977 3066 quid
1000 2967 1049 3044 sit
1072 2968 1146 3043 lex.
1171 2968 1229 3045 Et
1253 2967 1448 3044 sciendum
1473 2969 1576 3066 quod
1599 2969 1663 3045 lex
1686 2978 1744 3046 est
1769 2993 1970 3045 commune

378 3096 616 3187 praeceptum
638 3088 810 3164 virorum
831 3088 1050 3165 consultum
1073 3088 1363 3188 prudentium,²²
1389 3088 1616 3165 delictorum
1638 3113 1723 3189 quae
1747 3098 1885 3188 sponte
1908 3089 1970 3164 vel

378 3209 599 3307 ignorantia
611 3209 893 3286 contrahuntur
905 3209 1058 3298 coertio,
1071 3210 1126 3286 rei
1139 3209 1300 3308 publice
1313 3210 1468 3309 sponsio
1480 3210 1702 3287 communis.
1719 3208 1823 3288 Item
1837 3219 1971 3286 auctor

379 3326 533 3405 iustitiae
550 3338 607 3406 est
625 3330 730 3420 deus,
749 3330 958 3408 secundum
976 3332 1079 3430 quod
1096 3330 1243 3407 iustitia
1260 3341 1318 3408 est
1336 3332 1376 3406 in
1393 3340 1575 3407 creatore.
1596 3333 1653 3408 Et
1671 3332 1882 3409 secundum
1899 3332 1971 3406 boc
2016 3393 2033 3414 ,.
2094 3407 2098 3414 ,
2144 3295 2163 3316 ⁸

379 3452 439 3528 ius
461 3461 501 3528 et
521 3452 585 3526 lex
607 3450 708 3528 idem
731 3451 990 3549 significant.¹²
1013 3452 1071 3528 Et
1094 3450 1182 3528 licet
1205 3451 1418 3548 largissime
1441 3453 1592 3529 dicatur
1615 3453 1679 3528 lex
1702 3452 1842 3556 omne²⁸
1867 3451 1970 3551 quod

379 3574 534 3672 legitur,
548 3581 681 3650 tamen
697 3573 912 3672 specialiter
929 3571 1149 3671 significat1⁴
1166 3573 1401 3649 sanctionem
1417 3574 1570 3663 iustam,
1587 3574 1782 3651 iubentem
1798 3575 1970 3663 honesta,

380 3696 647 3798 prohibentem
661 3694 864 3771 contraria.
882 3693 1133 3806 Consuetudo
1146 3718 1238 3769 vero
1254 3694 1485 3793 quandoque
1499 3721 1573 3794 pro
1587 3696 1674 3792 lege
1689 3695 1915 3773 observatur
1931 3696 1972 3771 in

380 3818 557 3920 partibus
588 3816 654 3894 ubi
685 3815 805 3892 fuerit
836 3839 941 3891 more
972 3813 1165 3890 utentium
1198 3815 1426 3914 approbata,
1459 3825 1498 3893 et
1530 3817 1651 3893 vicem
1682 3818 1778 3915 legis
1811 3817 1970 3895 obtinet.

381 3936 569 4036 Longaevi
585 3935 687 4012 enim
701 3960 792 4010 usus
809 3943 847 4010 et
864 3933 1148 4010 consuetudinis
1165 3943 1317 4010 nonest
1333 3934 1417 4011 vilis
1435 3934 1683 4012 auctoritas.²⁶

483 4059 592 4152 Quid
605 4058 655 4134 at
670 4057 827 4135 iustitio.

382 4183 412 4259 f.
426 4181 496 4275 Bb]
553 4182 670 4270 Qum
685 4208 708 4256 a
723 4179 870 4256 iustitia
886 4179 994 4278 quasi
1010 4191 1033 4254 a'
1049 4179 1216 4278 quodam
1232 4179 1341 4256 fonte
1358 4180 1487 4256 omnia
1502 4182 1588 4257 iura
1603 4191 1796 4270 emanant,
1814 4194 1852 4260 et
1870 4184 1973 4281 quod

381 4301 467 4378 vult
480 4300 627 4378 iustitia
641 4301 699 4377 ius
715 4300 815 4376 idem
830 4298 1087 4398 prosequitur,
1104 4299 1300 4376 videamus
1317 4298 1464 4397 igitur¹⁶
1481 4301 1573 4398 quid
1589 4301 1638 4378 sit
1654 4301 1800 4378 iustitia
1814 4312 1853 4378 et
1869 4304 1974 4379 unde

383 4422 544 4499 dicatur.
562 4422 666 4496 Item
680 4418 773 4516 quid
787 4419 836 4495 sit
852 4419 911 4494 ius
926 4429 965 4495 et
979 4418 1082 4494 unde
1097 4417 1259 4506 dicatur,
1276 4428 1315 4494 et
1330 4442 1414 4516 quae
1429 4417 1533 4494 sint¹⁷
1550 4420 1630 4495 eius
1646 4431 1851 4519 praecepta.
1870 4422 1973 4498 Ite'm

384 4623 553 4695 “tortorem
580 4620 649 4695 OB,
677 4620 758 4692 MB;
785 4623 937 4680 torsiones
965 4625 997 4678 et
1024 4617 1232 4692 confusiones,
1260 4617 1316 4678 LA
1323 4639 1332 4690 ;
1360 4621 1512 4679 torsiones
1540 4627 1572 4680 et
1606 4619 1749 4700 (†con)
1781 4627 1974 4700 punctiones,

385 4723 451 4802 00,
499 4721 633 4782 ‘caveat
659 4724 766 4799 igitur,
794 4719 833 4794 V,
861 4719 901 4779 Y.
951 4717 1139 4780 'intervallo
1172 4718 1237 4798 (et)
1269 4723 1336 4779 aine
1364 4727 1616 4799 temperamento,
1644 4723 1685 4796 V,
1713 4723 1781 4799 OC,
1810 4725 1879 4786 MG
1911 4726 1974 4804 (iu-

383 4823 511 4902 temp.),
535 4823 598 4883 CM
628 4821 804 4900 (intemp.),
829 4821 903 4895 Me,
928 4820 994 4881 LA.
1041 4818 1232 4895 'lacescunt
1257 4821 1326 4896 OA,
1352 4821 1429 4896 MA,
1454 4823 1530 4896 MB,
1556 4824 1622 4900 ΟΕ,
1649 4825 1716 4898 OC,
1741 4826 1808 4902 LA,
1835 4827 1874 4900 Y,
1901 4829 1975 4903 ΗΒ,

386 4924 464 5000 MG,
486 4923 566 4996 MC;
586 4922 771 4994 laeceacunt,
792 4921 866 4993 OB;
887 4921 1071 4996 lascescunt,
1093 4922 1173 4993 CM;
1195 4921 1360 4998 latescunt,
1383 4924 1456 4984 HA.
1499 4921 1604 5001 ⁹Om,
1627 4927 1705 5003 MG,
1727 4928 1800 4989 cM.
1844 4929 1974 5006 ²⁰enim,

385 5025 454 5100 OB,
473 5027 555 5098 MB;
573 5045 644 5098 om,
662 5023 727 5084 ΟΕ.
768 5021 795 5056 ¹²
807 5020 1015 5100 prudentium,
1035 5023 1116 5094 MA;
1136 5022 1334 5100 prudentum,
1354 5025 1423 5100 OA,
1440 5025 1509 5101 CE,
1529 5027 1595 5103 LA,
1615 5027 1656 5103 Y,
1675 5029 1755 5102 MC;
1776 5029 1974 5108 prudentium

384 5126 567 5199 consultum,
585 5125 652 5201 OC,
670 5123 748 5198 MG,
768 5124 846 5196 HB;
866 5121 1064 5201 prudentium
1081 5130 1115 5183 et
1132 5142 1226 5199 cons,
1246 5124 1325 5197 CM;
1345 5125 1543 5202 prudentium
1561 5129 1771 5190 consultorum
1787 5138 1819 5191 et
1840 5133 1975 5210 pruden-

385 5236 461 5304 tum,
485 5228 566 5300 MB;
590 5225 751 5288 eonsilium
774 5221 930 5302 prudent,
953 5224 1029 5297 OB;
1053 5223 1251 5301 prudentium
1274 5225 1445 5302 eonsilium,
1471 5228 1543 5289 HA.
1589 5227 1616 5264 ¹²
1628 5233 1764 5309 signant,
1789 5232 1884 5296 MSS.
1909 5255 1974 5296 var.

384 5329 502 5405 ²'casa
522 5329 592 5404 OB,
613 5329 687 5388 ΜΒ,
729 5325 757 5361 ¹⁴
768 5329 883 5404 signat,
904 5326 998 5387 MSS.
1019 5345 1084 5386 var.
1128 5322 1344 5403 ²⁶auotoritas,
1365 5335 1434 5404 ete,
1456 5328 1525 5404 OA,
1547 5331 1623 5405 MA,
1644 5334 1711 5407 LA,
1734 5335 1806 5395 MC.
1850 5333 1974 5417 ²⁴³argo,
2074 5327 2094 5358 ‘

386 5431 606 5509 uo,cu‚1>.
643 5426 670 5463 ¹²
682 5434 765 5504 sunt,
782 5427 849 5503 oc,
865 5426 942 5500 us,
958 5427 1034 5501 ur,
1051 5427 1125 5501 cu,
1142 5427 1219 5488 uo.
