4374 6366
758 504 820 564 DE
843 504 1048 566 PLACITIS
1070 503 1259 568 CORONAE
1733 513 1806 581 409

218 654 322 755 quo⁶⁶
333 654 452 732 casu⁵⁸
464 655 673 732 videndum
684 655 757 732 erit
770 682 793 730 a
805 654 1015 733 iustitiariis
1029 655 1060 732 si
1072 656 1124 731 ibi
1138 656 1187 732 sit
1198 654 1430 732 msbemium
1441 657 1501 731 vel
1515 681 1604 732 non.
1621 657 1664 731 Si
1678 665 1809 733 autem

219 774 459 852 adiudicetur
476 773 719 863 mahemium,
740 783 834 850 tunc
853 774 1033 849 aufertur
1052 774 1250 872 appellato
1270 775 1403 850 electio
1424 774 1657 851 defendendi
1678 801 1718 851 se
1738 800 1810 873 per

218 917 359 992 corpus
373 893 434 969 vel
448 918 518 991 per
532 891 712 992 patriam,
727 892 819 990 quia
831 893 872 967 in
886 892 957 967 boc
971 917 1063 968 casu
1077 892 1126 970 de
1141 893 1366 968 necessitate
1382 892 1573 970 artabitur
1589 892 1809 991 appellatus

220 1011 270 1087 ad
285 1010 573 1088 defendendum
586 1037 626 1088 se
641 1037 713 1111 per
727 1011 906 1109 patriam.
924 1009 1122 1086 Aufertur
1138 1009 1281 1087 etiam⁶⁷
1299 1011 1529 1109 quandoque
1545 1009 1674 1109 patria
1690 1036 1808 1110 prop·

218 1140 279 1207 ter
292 1130 550 1228 cognitionem
563 1129 761 1229 appellati,
774 1139 819 1206 ut
833 1129 864 1204 si
878 1130 981 1205 forte
996 1129 1145 1205 loetum
1159 1129 1382 1226 cognoverit
1395 1153 1525 1205 coram
1539 1129 1727 1227 aliquibus
1744 1129 1810 1228 qui

220 1369 324 1446 forte
339 1369 562 1466 cognoverit
578 1393 618 1445 se
635 1393 715 1444 esse
731 1367 903 1444 seisitum
918 1369 966 1444 de
982 1368 1178 1457 testiculis,
1196 1369 1345 1444 factum
1363 1367 1523 1444 ulterius
1541 1367 1714 1444 dedicere
1732 1392 1811 1444 non

220 1489 364 1588 poterit
379 1498 515 1566 contra
529 1514 662 1565 eorum
678 1490 890 1566 recordum.

320 1611 546 1688 Iudioaadae
559 1622 650 1687 suot
664 1611 793 1711 plagae
807 1621 853 1687 ot
866 1612 899 1687 si
913 1611 962 1687 sit
976 1610 1029 1687 ibi
1044 1609 1286 1688 molernium.

223 1735 270 1811 sr
291 1745 422 1812 autem
440 1735 672 1810 mahemium
693 1733 954 1810 adiudicatum
975 1759 1053 1809 non
1075 1733 1206 1822 fuerit,
1228 1734 1462 1832 procedatur
1482 1741 1618 1809 contra
1640 1733 1810 1832 appella·

220 1867 306 1935 tum
326 1858 424 1934 sicut
444 1858 621 1956 superius
641 1856 689 1932 de
708 1880 803 1955 pace
824 1866 863 1934 et
883 1856 1021 1955 plagis.
1044 1856 1255 1954 Excipitur
1275 1857 1505 1955 quandoque
1526 1865 1661 1932 contra
1682 1854 1810 1931 buius-

221 1981 325 2057 modi
349 1981 547 2079 appellum
570 2006 642 2078 per
664 1980 862 2078 generales
886 1978 1129 2077 exceptiones
1153 1989 1199 2055 ut
1224 2005 1354 2077 supra,
1379 1987 1423 2054 ut
1449 1979 1480 2054 si
1503 1978 1707 2077 ‘appellans
1733 2002 1812 2053 non

222 2103 357 2181 fecerit
373 2112 516 2179 sectam
531 2101 790 2191 sufficientem,
808 2102 868 2178 vel
884 2103 914 2178 si
930 2127 1142 2199 numquam
1159 2101 1249 2176 luit²
1266 2109 1491 2200 prosecutus
1509 2109 1599 2177 ante
1615 2101 1689 2177 iter
1705 2100 1810 2177 iusti·

221 2225 433 2314 tiariorum,
449 2225 511 2301 vel
527 2226 557 2301 si
571 2224 719 2302 nullam
734 2225 906 2323 plagam²
922 2225 1091 2301 ostendit
1105 2225 1405 2312 coronatoribus,
1422 2224 1483 2299 vel
1498 2249 1577 2299 non
1592 2223 1665 2299 nisi
1681 2222 1811 2298 rufflu·

222 2374 306 2425 ram
319 2350 381 2424 vel
395 2349 611 2436 brusuram
628 2347 738 2424 orbes
753 2348 851 2424 ictus
867 2373 955 2423 cum
972 2347 1107 2423 baculo
1123 2357 1162 2425 et
1178 2372 1256 2423 non
1272 2372 1379 2423 armo
1394 2347 1553 2422 moluto.
1573 2346 1677 2422 Item
1693 2370 1810 2444 prop·

221 2479 283 2546 ter
295 2470 557 2559 variationem,
571 2479 616 2546 ut
630 2470 661 2546 si
675 2469 803 2546 modo⁸
817 2469 1072 2568 appellaverit
1087 2468 1170 2568 quis
1184 2468 1233 2545 de
1247 2494 1342 2567 pace
1357 2468 1500 2545 domini
1515 2468 1628 2566 regis,
1644 2479 1682 2544 et
1697 2467 1811 2542 modo

222 2594 270 2670 de
290 2617 386 2692 pace
406 2593 646 2670 vicecomitis.
669 2594 773 2669 Item
793 2593 825 2668 si
844 2592 971 2691 primo
993 2593 1040 2668 de
1062 2617 1157 2691 pace
1178 2592 1408 2668 vicecomitis
1429 2601 1469 2667 et
1490 2600 1625 2689 postea
1647 2591 1695 2666 de
1717 2615 1812 2689 pace

222 2716 366 2792 domini
381 2715 494 2814 regis.
513 2717 616 2792 Item
632 2715 664 2792 si
679 2716 806 2814 primo
822 2740 944 2790 unum
960 2716 1008 2791 de
1025 2715 1130 2791 iacto
1145 2723 1184 2791 et
1201 2723 1337 2813 postea
1353 2714 1516 2790 eundem
1534 2714 1582 2789 de
1599 2713 1732 2801 forcia,
1750 2711 1811 2788 vel

141 2865 143 2872 ’
223 2837 465 2915 econtrario.
488 2838 592 2914 Item
611 2838 642 2914 si
662 2837 788 2936 primo
808 2863 929 2914 unum
949 2837 997 2913 de
1016 2862 1096 2913 una
1114 2836 1234 2935 plaga
1253 2846 1292 2913 et
1313 2845 1448 2935 postea
1468 2837 1633 2912 eundem
1654 2835 1702 2912 de
1724 2835 1810 2910 alia.

224 2961 327 3038 Item
342 2961 374 3038 si
389 2961 437 3036 de
452 2986 532 3037 una
546 2960 666 3060 plaga
681 2958 744 3036 de⁴
759 2986 838 3035 uno
853 2960 937 3035 loco
953 2959 1125 3057 corporis
1142 2969 1181 3036 et
1197 2967 1334 3058 postea
1350 2960 1398 3035 de
1414 2959 1548 3035 eadem
1565 2959 1606 3034 in
1623 2957 1698 3033 alio
1715 2958 1810 3033 loco.

223 3085 327 3161 Item
344 3083 375 3159 si
393 3083 441 3159 de
457 3083 578 3183 plaga
594 3081 719 3181 primo
738 3107 826 3158 cum
842 3081 972 3180 gladio
991 3091 1030 3159 et
1047 3090 1182 3180 postea
1199 3106 1329 3157 coram
1346 3080 1558 3157 iustitiariis
1577 3079 1694 3178 quod⁸
1712 3079 1809 3156 bisa-

222 3215 323 3282 cuta.
342 3207 446 3282 Item
463 3205 494 3282 si
510 3206 648 3282 minori
665 3205 821 3281 crimine
839 3204 1058 3303 appellatus
1076 3203 1126 3281 sit
1144 3203 1233 3303 quis'
1245 3213 1283 3280 et
1300 3203 1447 3291 maiori,
1465 3203 1590 3301 excipi
1609 3202 1752 3301 poterit
1771 3203 1812 3277 in

220 3327 359 3404 minori
380 3329 502 3404 donec
522 3327 645 3404 maius
666 3327 906 3416 terminetur,
929 3327 1139 3404 secundum
1161 3325 1264 3424 quod
1287 3324 1411 3424 excipi
1432 3325 1577 3424 poterit
1599 3325 1640 3401 in
1663 3323 1813 3401 actione

222 3451 408 3527 criminali
428 3458 467 3528 et
486 3450 597 3539 civili,
617 3449 707 3548 quia
726 3474 878 3548 semper
898 3449 1167 3526 terminabitur
1187 3447 1295 3548 prius
1316 3447 1521 3524 criminalis
1543 3473 1660 3545 quam
1680 3447 1810 3524 civilis.

224 3574 328 3650 Item
346 3598 425 3648 non
444 3572 566 3650 omnis
586 3573 706 3671 plaga
725 3572 820 3648 lacit
840 3571 1050 3672 appellum,
1070 3572 1161 3669 quia
1180 3570 1352 3669 parvitas
1373 3570 1500 3668 plagae
1519 3579 1565 3646 ut
1585 3569 1812 3668 praedictum

222 3706 281 3772 est
304 3694 483 3772 declinat⁸
507 3693 717 3795 appellum,
741 3704 780 3772 et
803 3694 874 3769 hoc
896 3695 1126 3791 relinquitur
1149 3693 1367 3769 discretioni
1390 3691 1694 3779 iustitiariorum,
1719 3692 1812 3767 dum

222 3827 353 3895 tamen
367 3818 398 3896 si
410 3818 451 3894 in
463 3817 589 3917 capite
603 3817 710 3893 lacta
722 3817 843 3893 fuerit
856 3815 994 3892 sufficit
1009 3816 1039 3892 si
1054 3815 1228 3913 attigerit
1242 3840 1363 3913 usque
1378 3815 1427 3890 ad
1441 3840 1483 3892 os
1497 3814 1757 3914 profunditas,
1773 3822 1812 3891 et

222 3941 264 4016 in
277 3938 530 4040 quocumque'
544 3939 618 4015 alio
631 3939 814 4015 membro.
832 3939 875 4014 Si
888 3947 1018 4015 autem
1031 3963 1073 4014 os
1088 3937 1308 4035 frangatur,
1323 3937 1425 4035 quod
1441 3937 1489 4012 de
1504 3935 1608 4011 facili
1624 3936 1813 4034 perpendi

222 4062 366 4162 poterit
388 4088 459 4161 per
479 4063 722 4149 renoduram,
744 4062 805 4137 vel
826 4068 929 4137 testa
950 4060 1086 4160 capitis
1110 4061 1330 4158 frangatur,
1353 4060 1409 4135 ita
1431 4060 1534 4157 quod
1556 4058 1813 4135 extrahantur

223 4210 310 4263 ossa
332 4183 590 4262 velscherda⁸
614 4209 758 4281 magna
783 4183 943 4271 levetur,
971 4182 1224 4259 declinabitur
1250 4191 1289 4259 et
1314 4182 1426 4259 cadet
1452 4181 1624 4257 duellum
1650 4189 1813 4279 propter

222 4307 466 4384 mahemium.

324 4430 432 4523 Quid
445 4429 519 4506 dici
532 4428 670 4506 debeat
685 4426 926 4504 autentum.

223 4553 487 4630 Mansururr
503 4576 595 4627 vero
612 4551 686 4626 dici
702 4549 847 4650 poterit
864 4548 930 4626 ubi
947 4549 1082 4648 aliquis
1098 4549 1140 4624 in
1157 4548 1285 4646 aliqua
1303 4557 1416 4648 parte
1432 4546 1491 4624 sui
1508 4547 1679 4646 corporis
1698 4547 1812 4622 effec-

222 4685 287 4753 tus
299 4676 349 4752 sit
360 4675 505 4752 inutilis
519 4676 568 4751 ad
581 4674 849 4774 pugnandum,
862 4681 901 4749 et
913 4672 1079 4749 maxime
1092 4696 1163 4771 per
1174 4671 1285 4748 illum
1297 4695 1411 4768 quem
1425 4669 1609 4770 appellat,
1622 4678 1667 4746 ut
1682 4669 1713 4745 si
1727 4694 1814 4745 ossa

223 4797 478 4874 extrahantur
492 4823 515 4872 a
530 4796 657 4895 capite
671 4804 710 4872 et
724 4795 882 4872 scherda
896 4819 1040 4892 magna
1052 4795 1202 4870 levetur
1215 4802 1260 4869 ut
1275 4791 1502 4892 pradictum
1517 4800 1585 4867 est.
1604 4791 1708 4866 Item
1724 4790 1755 4866 si
1770 4815 1813 4866 os

223 4922 444 5018 frangatur,
465 4918 526 4995 vel
546 4943 626 5018 pes,
647 4917 709 4993 vel
729 4943 878 5006 manus,
899 4917 960 4992 vel
982 4915 1139 5013 digitus,
1160 4915 1221 4990 vel
1243 4913 1426 4991 articulus
1449 4913 1558 5012 pedis
1581 4913 1641 4988 vel
1661 4937 1812 5001 manus,

191 5145 192 5150 ’
224 5135 290 5171 ⁸⁶⁴⁸
302 5157 362 5214 qua
379 5157 483 5210 causa,
499 5135 577 5209 MG,
593 5135 667 5195 CM.
705 5132 731 5167 ⁵²
743 5140 785 5210 et,
801 5134 870 5207 OB,
887 5133 963 5209 MA,
980 5134 1055 5193 ΜΒ.

305 5235 438 5311 ²fuerit,
456 5235 550 5298 MSS.
569 5255 634 5296 var.
674 5232 780 5308 ⁸Om.,
800 5233 877 5309 MG,
896 5233 969 5295 CM.
1010 5231 1145 5312 ⁸primo,
1164 5233 1203 5306 V,
1223 5231 1296 5305 CE3
1314 5252 1388 5308 non,
1406 5230 1475 5308 OB,
1495 5231 1572 5306 MA,
1591 5233 1666 5293 MB.
1707 5229 1812 5305 ⁴Om,

223 5339 262 5414 V,
281 5339 358 5401 MG.
398 5335 501 5414 ⁸cum,
519 5338 558 5411 V,
576 5336 655 5413 MG,
674 5336 748 5412 CM,
767 5335 834 5412 OC,
853 5336 928 5396 ΜΒ.
968 5332 1137 5411 'declinet
1156 5334 1234 5410 MG,
1254 5335 1329 5410 CM,
1349 5333 1415 5395 OC.
1454 5330 1627 5411 'quolibet
1646 5333 1716 5406 OB,
1736 5333 1813 5406 MA,

223 5440 300 5516 ΜΒ,
321 5439 387 5501 CB.
429 5437 594 5516 ‘scherda
615 5435 734 5514 scerds,
754 5434 895 5511 scherda,
915 5434 1023 5512 chcda,
1043 5434 1180 5511 scr-erdo,
1202 5433 1325 5510 skcrda,
1346 5435 1442 5496 MSS.
