4432 6336
400 533 472 600 150
929 524 1152 586 BRACTON:
1175 525 1235 585 DE
1258 524 1451 587 LEGIBUS

397 673 568 751 liberum'
580 683 854 761 tenementum,
877 683 1008 751 tamen
1028 676 1079 751 ad
1100 674 1398 752 declarationem
1420 675 1667 774 possessionis
1690 700 1739 752 ue
1760 677 1989 774 imaginaria

398 789 447 870 sit
464 791 633 881 donatio,
650 793 824 891 quamvis
840 792 1046 869 inducatur
1062 793 1102 868 in
1117 818 1279 870 vacuam
1295 794 1584 893 possessionem,
1602 804 1758 894 oportet
1776 795 1833 871 uti
1851 795 1989 872 seisina

398 936 478 988 sua.
500 911 558 988 Et
577 911 680 987 unde
699 935 787 986 cum
806 937 866 988 res
885 911 979 988 data
999 910 1118 988 fuerit
1137 911 1276 988 minori
1296 913 1356 989 vel
1375 911 1522 1002 maiori,
1543 923 1698 1012 oportet
1719 914 1822 1012 quod
1843 913 1907 989 ille
1927 914 1988 990 cui

397 1030 491 1105 data
507 1029 639 1118 fuerit,
656 1030 687 1106 si
703 1029 826 1107 maior
843 1030 974 1119 fuerit,
992 1039 1127 1108 utatur
1145 1032 1303 1108 inratur
1320 1032 1457 1110 seisina
1475 1058 1546 1108 sua
1564 1058 1634 1132 per
1652 1031 1821 1131 seipsum
1838 1033 1899 1109 vel
1918 1058 1989 1132 per

396 1157 687 1249 procuratorem
705 1173 994 1247 quemcumque,
1013 1149 1176 1225 liberum
1195 1149 1256 1226 vel
1275 1175 1440 1238 servum,
1460 1151 1526 1248 qui
1546 1151 1699 1227 nomine
1719 1177 1789 1227 suo
1809 1151 1928 1228 fuerit
1947 1153 1988 1228 iu

397 1269 645 1368 possessione,
657 1276 697 1345 et
709 1268 775 1367 qui
788 1269 940 1345 fruetus
953 1275 993 1345 et
1006 1277 1217 1367 proventus
1230 1276 1269 1346 et
1283 1269 1481 1367 profectus
1496 1278 1696 1346 convertat
1709 1270 1750 1345 in
1763 1295 1854 1347 usus
1869 1272 1987 1348 dona·

396 1387 486 1464 tarii
499 1397 537 1464 et
550 1387 644 1462 nihil
656 1387 696 1462 in
708 1413 799 1463 usus
813 1385 1020 1464 donatoris.
1037 1386 1079 1464 Si
1093 1395 1223 1464 autem
1235 1387 1361 1464 minor
1376 1387 1497 1464 fuerit
1509 1387 1569 1464 vel
1583 1389 1774 1488 impotens
1788 1389 1858 1478 sui,
1873 1414 1986 1488 opor-

396 1515 453 1582 tet
468 1506 572 1604 quod
585 1515 721 1582 utatur
734 1531 805 1605 per
817 1515 987 1582 tutorem
1001 1505 1062 1582 vel
1076 1504 1174 1605 per¹⁰
1189 1505 1432 1582 ornatorem¹²
1448 1506 1584 1583 datum
1599 1532 1623 1582 a
1638 1508 1835 1596 donatore,
1851 1507 1942 1607 quia
1956 1508 1987 1584 si

397 1624 427 1699 f.
442 1623 536 1717 aab]
591 1623 674 1725 ipse
694 1625 870 1714 donator,
890 1632 1004 1722 pater
1024 1625 1085 1701 vel
1106 1623 1243 1712 alius,¹¹
1264 1625 1305 1701 in
1325 1623 1462 1701 saisina
1481 1625 1708 1702 remanserit
1728 1635 1767 1702 et
1788 1626 1987 1725 profectus

397 1742 436 1818 in
449 1768 541 1818 usus
555 1742 733 1843 proprios
746 1743 1018 1832 converterit,²⁸
1032 1743 1207 1842 quamvis
1221 1743 1292 1819 hoc
1307 1744 1441 1821 fecerit
1456 1744 1565 1842 quasi
1579 1752 1745 1832 ornator,
1761 1754 1800 1821 et
1815 1745 1871 1822 ita
1886 1745 1986 1822 scisi-

395 1871 460 1938 tus
473 1861 621 1950 obierit,
636 1861 810 1961 quamvis
825 1862 1047 1960 homagium
1061 1869 1101 1937 et
1115 1872 1224 1939 cama
1237 1862 1486 1939 intervenerit
1501 1872 1539 1939 et
1556 1863 1693 1940 seisina
1708 1888 1795 1939 cum
1812 1863 1986 1940 solemni·

394 1991 488 2070 tate,
512 1982 636 2058 adhue
657 2007 736 2058 non
758 1981 900 2058 valebit
923 1981 1097 2058 donatio:
1122 2006 1191 2057 nec
1214 1981 1329 2058 etiam
1354 1981 1385 2057 si
1409 1981 1632 2058 donatarius
1657 1981 1805 2058 ratione
1828 1983 1986 2082 praedic·

396 2109 526 2178 torum
551 2109 640 2200 post
664 2110 829 2177 mortem
855 2100 1051 2176 donatoris
1077 2124 1118 2177 se
1142 2100 1315 2199 posuerit
1340 2100 1381 2177 iu
1408 2099 1596 2188 saisinam,
1623 2109 1662 2176 et
1688 2100 1820 2178 statim
1845 2101 1986 2178 eiectus

396 2219 528 2307 fuerit,
550 2244 623 2317 per
643 2217 801 2296 assisam
822 2243 930 2294 novae
951 2217 1155 2294 disseisinae
1175 2243 1253 2294 non
1276 2217 1530 2316 recuperabit.
1555 2219 1599 2295 Si
1622 2227 1752 2296 autem
1773 2245 1845 2318 per
1866 2218 1986 2316 negli-

394 2339 568 2437 gentiam
585 2337 665 2415 veri
682 2335 830 2414 heredis
848 2337 1006 2434 longam
1024 2337 1200 2414 habuerit
1219 2337 1395 2414 seisinam
1414 2347 1453 2414 et
1472 2337 1683 2436 pacificam,
1702 2347 1741 2414 et
1760 2347 1850 2437 post
1868 2337 1985 2413 inter·

394 2455 540 2533 vallum
555 2456 695 2534 eiectus
711 2454 842 2544 fuerit,
856 2454 1111 2554 recuperabit,
1128 2455 1218 2554 quia
1233 2456 1314 2532 sine
1329 2455 1480 2544 iudicio,
1495 2465 1534 2533 et
1549 2482 1640 2532 vero
1655 2456 1785 2532 heredi
1801 2456 1986 2555 competit

394 2575 512 2652 assisa
527 2573 662 2652 mortis
678 2573 937 2651 antecessoris.
955 2573 1068 2651 Idem
1084 2573 1157 2651 erit
1173 2573 1274 2672 quod
1293 2599 1371 2650 non
1387 2573 1529 2650 valebit
1545 2575 1703 2652 donatio
1719 2575 1750 2651 si
1767 2599 1855 2650 cum
1872 2575 1986 2651 simul

394 2693 541 2770 fuerint
560 2692 600 2769 in
617 2693 866 2792 possessione,
885 2703 1031 2769 terram
1050 2692 1163 2770 simul
1182 2692 1419 2769 excoluerint
1439 2703 1478 2770 et
1499 2694 1650 2770 fructus
1670 2694 1925 2792 expenderint
1945 2693 1986 2769 in

394 2813 598 2901 communi,
618 2837 667 2888 ex
685 2820 769 2890 toto
787 2811 848 2889 vel
867 2838 940 2911 pro
959 2821 1083 2911 parte,
1104 2836 1175 2910 per
1194 2837 1307 2888 usum
1326 2812 1428 2888 enim
1447 2812 1567 2888 videri
1587 2813 1731 2912 poterit
1752 2811 1845 2912 quid
1865 2812 1985 2889 lateat

393 2932 434 3007 in
451 2930 579 3008 animo
597 2930 804 3008 donatoris.
823 2932 881 3007 Et
900 2931 978 3006 hoec
995 2956 1088 3007 vera
1104 2938 1195 3008 sunt
1215 2930 1292 3008 sive
1311 2931 1494 3008 continua
1513 2930 1562 3008 sit
1581 2931 1768 3030 possessio
1788 2930 1984 3007 donatoris

394 3051 472 3127 sive
491 3077 563 3150 per
581 3049 792 3150 particulas
812 3049 1004 3138 distincta,
1025 3050 1190 3126 donator
1210 3049 1312 3125 enim
1333 3075 1404 3148 per
1424 3050 1543 3126 talem
1562 3075 1675 3126 usum
1697 3049 1875 3126 saisinam
1895 3075 1983 3148 pro·

393 3169 520 3268 priam
532 3167 734 3246 continuat
747 3178 787 3246 et
800 3167 976 3245 seisinam
991 3167 1182 3244 donatarii
1197 3167 1358 3267 impedit
1372 3177 1411 3244 et
1427 3167 1624 3244 adnihilat.
1640 3168 1698 3244 Et
1713 3168 1867 3245 videtur
1882 3167 1984 3266 quod

393 3314 464 3387 per
478 3288 596 3364 talem
608 3313 722 3364 usum
736 3313 759 3364 a
773 3287 1009 3386 possessione
1024 3311 1103 3362 non
1116 3287 1270 3363 recessit
1286 3285 1441 3362 animo¹‘
1456 3312 1579 3385 neque
1593 3311 1765 3385 corpore.
1785 3287 1938 3377 <Item
1953 3285 1984 3361 si

393 3409 434 3483 in
455 3415 564 3483 carta
584 3405 801 3483 donationis
824 3405 1067 3481 contineatur
1090 3406 1193 3502 quod
1216 3404 1381 3481 donator
1403 3430 1485 3480 rem
1508 3403 1685 3502 integre²⁸
1709 3405 1920 3492 donaverit,
1944 3413 1983 3481 et

394 3524 618 3603 donatarius
634 3525 674 3600 in
691 3533 803 3623 parte
820 3523 949 3622 aliqua
964 3549 1056 3600 usus
1073 3523 1193 3600 fuerit
1209 3531 1249 3599 et
1265 3523 1430 3599 donator
1447 3524 1487 3599 in
1504 3524 1590 3611 alia,
1608 3523 1808 3600 continuat
1825 3549 1897 3623 per
1913 3521 1983 3598 hoc

394 3646 559 3722 donator
575 3643 752 3720 seisinam
768 3667 878 3720 suam
894 3643 935 3717 in
951 3651 1046 3730 toto,
1064 3641 1136 3718 nisi
1154 3641 1283 3740 aliqua
1300 3667 1391 3740 pars
1410 3641 1626 3741 specialiter
1643 3641 1692 3719 sit
1711 3650 1884 3740 excepta.
1906 3641 1984 3718 Sed

394 3767 424 3841 si
445 3764 669 3842 donatarius
689 3764 729 3839 in
750 3772 862 3862 parte
883 3762 1011 3862 aliqua
1031 3788 1122 3838 usus
1144 3762 1263 3839 fuerit
1283 3764 1339 3839 ita
1358 3764 1462 3862 quod
1483 3763 1648 3839 donator
1668 3763 1708 3839 in
1730 3763 1837 3838 nulla
1858 3772 1982 3862 parte,

393 3892 433 3959 et
453 3909 498 3959 eo
519 3882 647 3958 ammo
667 3890 712 3959 ut
733 3883 879 3959 fundus
900 3881 1094 3980 possideat
1115 3908 1236 3980 usque
1258 3883 1308 3958 ad
1329 3883 1524 3970 terminos,
1546 3881 1635 3958 talis
1657 3908 1749 3958 usus
1772 3879 1910 3958 sufficit
1933 3882 1984 3958 ad

391 4010 520 4078 totum
541 4000 708 4078 fundum
731 4000 986 4077 retinendum.
1011 4001 1054 4077 Si
1077 4009 1207 4076 autem
1230 4000 1454 4078 donatarius
1475 4001 1516 4076 in
1539 4001 1779 4099 pertinentiis
1802 4009 1842 4078 et
1865 4000 1982 4076 dona-

391 4129 457 4197 tor
469 4121 510 4195 in
524 4119 740 4219 principali,
754 4122 920 4196 donator
933 4127 1060 4197 totum
1076 4119 1255 4196 retinebit
1272 4145 1343 4218 per
1357 4144 1471 4196 usum
1487 4144 1600 4196 suum
1616 4129 1655 4196 at
1672 4119 1895 4195 donatarius
1913 4144 1984 4217 per

391 4263 506 4315 usum
524 4264 637 4316 suum
655 4237 748 4314 nihil
767 4237 976 4336 adquirit,¹⁸
995 4238 1085 4336 quia
1103 4246 1172 4315 aut
1190 4245 1317 4315 totum
1335 4247 1404 4315 aut
1423 4237 1528 4326 nihil,
1549 4237 1639 4337 quia
1657 4237 1698 4313 in
1717 4238 1845 4314 animo
1864 4239 1982 4314 dona·

390 4359 485 4436 toris
502 4385 583 4436 esse
601 4357 783 4435 deberes*
803 4367 930 4435 totum
948 4359 1161 4435 transferre
1179 4369 1218 4435 et
1238 4359 1278 4434 in
1297 4359 1424 4435 animo
1444 4358 1634 4435 donatarii
1653 4368 1781 4435 totum
1801 4358 1979 4457 recipere.

392 4478 501 4555 Male
516 4487 644 4554 actum
659 4489 717 4555 est
733 4479 772 4554 in
786 4479 1022 4555 contrarium
1036 4479 1138 4555 inter
1151 4481 1352 4577 Rogerum
1368 4480 1416 4556 de
1431 4479 1629 4578 Beygny²⁸
1644 4488 1685 4556 et
1700 4479 1917 4556 Robertum
1933 4481 1982 4555 de

394 4596 577 4686 Schute,¹⁹
593 4598 641 4673 de
655 4606 762 4674 terra
776 4600 823 4675 de
838 4597 1112 4674 Dulvertona²⁰
1127 4624 1216 4677 eum
1230 4599 1430 4677 hundredo
1447 4601 1676 4700 pertinente,
1694 4599 1759 4675 ubi
1777 4626 1848 4700 per
1863 4601 1981 4677 talem

391 4743 505 4794 usum
523 4717 783 4796 adiudicatum
801 4718 905 4795 fuit²²
923 4721 1027 4818 quod
1045 4719 1269 4797 Robertus²²
1286 4729 1435 4798 teneret
1453 4731 1492 4798 et
1511 4720 1720 4796 retineret²⁸
1738 4721 1982 4797 hundredum

390 4939 417 4974 ¹⁰
429 4939 508 5014 Om,
520 4939 588 5014 OB,
600 4940 675 5014 MA,
685 4940 762 5013 ΜΒ,
772 4940 846 5014 ΟΜ,
856 4939 924 5014 OC,
934 4940 1011 5014 MG,
1020 4941 1059 5002 V.
1087 4940 1113 4975 ²¹
1125 4950 1368 5019 procuratorem,
1377 4941 1416 5015 V,
1426 4941 1494 5016 ΟΟ,
1504 4941 1580 5003 MG.
1610 4941 1636 4976 ²²
1648 4941 1740 5016 filius,
1750 4943 1828 5017 MG,
1838 4941 1905 5016 LA,
1914 4941 1980 5003 OC.

390 5037 416 5074 ²⁸
428 5047 630 5114 converteret,
640 5041 709 5114 OB,
720 5041 796 5116 MA,
805 5041 882 5115 ΜΒ,
892 5041 959 5115 ΟΕ,
969 5042 1048 5113 ΟΜ;
1059 5046 1221 5116 convertit,
1232 5045 1308 5105 MG.
1334 5041 1361 5076 ¹⁴
1372 5063 1470 5122 neque
1480 5047 1591 5118 animo,
1601 5043 1669 5120 OB,
1680 5045 1753 5104 CM.
1778 5044 1805 5078 ²⁶
1817 5048 1982 5123 integram,

390 5141 429 5214 V,
442 5141 516 5202 ΜΒ.
551 5140 578 5175 ²⁸
590 5140 742 5220 adquiret,
754 5142 793 5218 V,
807 5144 878 5215 LA;
892 5142 1046 5221 adquirat,
1058 5145 1124 5206 OC.
1158 5143 1546 5221 ¹⁷essedebet,MG,OC.
1581 5144 1607 5178 ²⁸
1620 5146 1731 5225 Regni,
1745 5147 1868 5226 Regny,
1882 5148 1982 5226 Rege-

388 5261 459 5318 ney,
472 5240 650 5320 Reygueye,
663 5244 830 5323 Weygene,
845 5243 938 5305 MSS.
951 5265 1014 5304 var.
1037 5242 1063 5279 ²⁹
1076 5244 1186 5321 Suehe,
1198 5246 1299 5319 Shice,
1311 5246 1350 5307 de
1364 5250 1412 5323 Β,
1423 5247 1462 5307 de
1475 5247 1532 5322 M,
1545 5249 1638 5311 MSS.
1652 5269 1717 5309 var.
1740 5247 1766 5282 ²⁰
1778 5249 1982 5324 Dolvertona,

318 5375 321 5380 ·
390 5340 576 5416 Silvertona,
593 5342 688 5405 MSS.
706 5363 772 5406 var.
813 5343 958 5421 ²²fuerit,
976 5347 1043 5422 LA,
1061 5347 1129 5420 OC,
1148 5348 1222 5423 ΜΟ,
1242 5349 1318 5410 MG.
1360 5347 1426 5382 ²²²²²
1438 5349 1580 5428 Rogerus
1600 5354 1758 5425 retineret,
1778 5353 1817 5427 V,
1837 5353 1903 5426 LA,
1923 5351 1979 5413 OC

394 5441 602 5520 (Robertus);
621 5444 773 5506 Robertus
792 5450 935 5520 retinere,
953 5447 1036 5520 MG;
1056 5447 1208 5511 Robertus
1225 5456 1356 5526 teneret,
1373 5451 1442 5527 OB,
1460 5452 1541 5524 MB;
1561 5453 1615 5522 ric,
1633 5452 1709 5527 MA,
1727 5453 1794 5528 ΟΕ,
1812 5454 1886 5528 CM,
1906 5454 1978 5515 ΜΟ.
