4374 6366
397 529 470 596 426
928 522 1151 584 BRACTON:
1174 522 1235 584 DE
1260 523 1451 586 LEGIBUS

398 670 463 770 qui
484 669 632 746 seisitus
653 669 772 747 fuerit
790 671 830 746 in
848 669 919 746 hoc
938 669 999 747 ei⁵²
1019 668 1125 748 non‘⁸
1144 672 1479 772 obtemperaverit,
1499 676 1643 774 poterit
1663 677 1901 756 accrescere⁵⁹
1922 679 1990 757 et⁸⁰

398 797 530 888 petere
545 815 629 865 eam
645 797 689 866 ut
705 789 889 878 furatam,
905 791 971 868 sed
986 816 1065 866 non
1080 817 1101 867 e
1116 792 1319 868 contrario.

497 907 562 986 De
578 906 734 1006 appello
750 908 798 985 de
815 907 1026 986 latrocinio.

397 1025 464 1102 Er
484 1024 636 1102 dicere⁸²
658 1026 762 1125 quod
782 1025 846 1102 ille
866 1027 932 1124 qui
953 1035 1059 1104 tenet
1080 1027 1181 1103 latro
1203 1037 1272 1116 est,
1295 1036 1364 1105 aut
1384 1029 1575 1107 latronem
1597 1028 1695 1108 scit⁸²
1717 1033 1926 1122 nominare,
1949 1041 1989 1110 et

398 1146 503 1244 quod
515 1145 556 1221 in
570 1143 714 1221 felonia
726 1153 766 1222 et
779 1145 923 1222 furtive
937 1155 976 1222 et
990 1145 1031 1221 in
1044 1145 1245 1222 latrocinio
1259 1157 1298 1224 et
1311 1156 1447 1224 contra
1461 1172 1595 1248 pacem
1611 1148 1755 1225 domiui
1770 1150 1870 1249 regis
1885 1152 1987 1250 cepit

397 1260 427 1338 f.
444 1264 537 1357 151]
593 1287 675 1339 rem
688 1261 806 1352 illam,
822 1271 860 1340 et
877 1262 1021 1340 furtive
1038 1263 1200 1341 abduxit
1215 1266 1325 1342 eam.²
1341 1266 1400 1343 Et
1415 1267 1520 1365 quod
1534 1267 1605 1342 hoc
1621 1268 1716 1345 fecit
1732 1269 1876 1345 furtive
1891 1278 1931 1346 et
1947 1269 1988 1346 in

397 1381 553 1470 felonia,
570 1380 703 1458 offert‘
720 1381 885 1480 probare
901 1408 1033 1460 versus
1051 1409 1139 1460 emn
1156 1408 1385 1482 percorpus
1404 1410 1516 1461 suum
1535 1386 1632 1462 sicut
1650 1387 1757 1463 curia
1773 1387 1986 1464 considera·

395 1501 506 1577 verit.
521 1501 580 1577 Et
594 1499 814 1600 appellatus
828 1499 935 1578 tune⁸
951 1501 1136 1578 defendat
1151 1500 1346 1591 feloniam,
1362 1502 1616 1592 latrocinium,
1633 1512 1672 1579 et
1687 1513 1825 1594 totum,
1840 1503 1901 1581 vel
1917 1531 1988 1604 per

396 1619 566 1718 patriam
581 1619 642 1695 vel
660 1644 900 1718 percorpus,
917 1620 1127 1696 secundum
1144 1620 1366 1697 electionem
1385 1647 1494 1699 suam
1513 1631 1630 1721 prout
1649 1622 1756 1698 curia
1773 1622 1986 1700 considera·

396 1737 522 1814 verit*

496 1856 543 1934 Si
558 1856 757 1951 defendat,
774 1857 951 1935 vadietur
966 1855 1149 1936 duellum.

399 1974 446 2052 S1
463 1984 594 2051 autem
610 1975 768 2072 elegerit
785 2001 824 2052 se
841 1974 1048 2052 defendere
1066 2001 1136 2075 per
1153 2001 1305 2075 corpus,
1322 1974 1467 2053 statim³
1485 1975 1662 2052 vadietiu
1679 1977 1781 2053 inter
1799 2002 1864 2053 eos
1882 1977 1987 2053 duel-

396 2094 488 2171 lum.
514 2095 574 2171 Et
597 2094 818 2192 appellatus
844 2094 909 2170 det
934 2094 1091 2170 vadium
1116 2094 1349 2170 defendendi
1375 2104 1413 2172 et
1440 2093 1642 2193 appellans
1669 2092 1838 2170 vadimn⁶
1866 2095 1985 2171 disra-

396 2211 582 2299 nouandi,
599 2220 638 2289 et
654 2211 706 2287 sic
721 2210 992 2288 terminabitur
1007 2211 1217 2309 negotium.

496 2331 543 2407 Si
557 2329 777 2428 appellatus
790 2329 959 2429 patriam
975 2329 1143 2428 elegerit.

399 2447 445 2523 S1
462 2455 592 2524 autem
609 2446 791 2546 patriam*
808 2447 978 2546 elegerit,
995 2457 1088 2524 tunc
1105 2447 1230 2524 dicere
1248 2448 1391 2547 poterit
1409 2449 1512 2547 quod
1530 2474 1590 2525 res
1610 2448 1657 2525 de
1675 2474 1752 2548 qua
1769 2449 1899 2547 agitur
1918 2474 1988 2526 sua

397 2567 446 2644 sit
463 2567 634 2666 propria,
652 2576 691 2644 et
708 2566 898 2643 rationem
914 2565 1115 2643 ostendere
1133 2592 1262 2665 quare.
1282 2566 1343 2643 Ut
1362 2567 1394 2642 si
1410 2592 1532 2665 equus
1551 2567 1682 2656 fuerit,
1701 2567 1845 2666 poterit
1863 2567 1987 2644 dicere

397 2686 501 2785 quod
514 2686 548 2761 ei
563 2684 786 2784 pullonatus
801 2685 879 2761 fuit
893 2695 932 2762 et
946 2685 1050 2784 quod
1064 2710 1153 2761 eum
1166 2685 1329 2761 nutrivit
1345 2682 1428 2784 per⁸
1442 2694 1597 2762 tantum
1612 2695 1777 2783 tempus.
1794 2684 1853 2761 Et
1870 2685 1901 2762 si
1916 2685 1987 2760 hoc

396 2828 468 2901 per
482 2804 649 2902 patriam
664 2811 850 2880 testatum
865 2802 995 2892 fuerit,
1011 2802 1247 2892 liberabitur,
1263 2802 1334 2879 nisi
1351 2803 1415 2879 ille
1429 2803 1496 2902 qui
1511 2803 1684 2902 appellat
1699 2803 1835 2878 docere
1850 2800 1986 2902 possit·

396 2922 644 3011 contrarium,
668 2921 843 2998 videlicet
867 2922 1002 2998 docere
1026 2947 1096 3021 per
1121 2920 1289 3019 patriam
1313 2931 1352 2998 et
1377 2947 1447 3020 per
1471 2921 1690 2998 visnetum²⁰
1715 2945 1828 2998 suum
1852 2930 1892 2997 et
1917 2946 1987 3020 per

396 3039 473 3116 alia
498 3038 665 3115 indicia¹¹
691 3047 808 3130 certa,
836 3040 941 3137 quod
968 3039 1002 3116 ei
1030 3039 1254 3138 pullonatus
1283 3039 1360 3117 fuit
1388 3049 1428 3115 et
1456 3038 1558 3137 quod
1587 3039 1716 3139 ipsum
1742 3035 1931 3115 nutrivit¹²
1962 3063 1985 3114 a

395 3157 605 3235 iuventute.
626 3159 686 3236 Et
704 3184 793 3235 cum
811 3184 859 3235 ex
879 3166 1044 3257 utraque
1065 3166 1177 3257 parte
1198 3157 1250 3234 sic
1270 3159 1508 3257 producatur
1530 3165 1644 3246 secta,
1666 3156 1899 3256 praeferatur
1919 3156 1987 3231 illa

396 3302 480 3377 quae
496 3277 618 3352 maior
636 3277 756 3353 fuerit
773 3286 811 3352 et
830 3275 982 3373 dignior
1000 3286 1039 3354 et
1055 3274 1207 3374 magis²⁸
1225 3277 1304 3352 veri
1324 3275 1491 3352 similior.
1512 3276 1570 3352 Et
1588 3302 1667 3352 non
1685 3277 1807 3353 refert
1824 3275 1985 3353 utrum²⁴

395 3419 455 3472 res
472 3421 556 3495 quae
571 3395 627 3471 ita
641 3395 840 3471 subtracta
856 3394 987 3483 fuerit,
1004 3393 1175 3471 extiterit
1192 3394 1293 3470 illius
1309 3395 1543 3493 appellantis
1560 3395 1721 3493 propria
1737 3393 1798 3470 vel
1816 3395 1985 3482 alterius,

395 3515 489 3590 dum
512 3522 643 3590 tamen
666 3513 715 3589 de
736 3513 911 3589 custodia
933 3539 1014 3589 sua.
1041 3512 1085 3588 Si
1109 3520 1239 3589 autem
1262 3538 1375 3611 pares
1400 3513 1476 3589 sint
1500 3512 1542 3588 in
1565 3521 1668 3589 secta
1691 3521 1730 3589 et
1754 3511 1984 3600 testimonio,

395 3641 580 3708 vocentur
599 3630 663 3707 alii
681 3631 812 3708 fideles
831 3631 1000 3707 homines
1020 3632 1067 3708 de
1086 3631 1251 3706 confinio
1270 3631 1337 3730 qui
1355 3631 1501 3708 nullam
1521 3631 1693 3730 partium
1712 3630 1925 3728 attigerint,
1946 3638 1985 3706 et

394 3751 458 3826 ille
476 3749 662 3827 obtinebit
682 3775 769 3826 cmu
788 3750 925 3848 quibus
946 3749 1019 3849 ipsi
1039 3750 1244 3826 concordes
1266 3749 1423 3837 fuerint,
1445 3758 1484 3826 et
1505 3749 1558 3825 sic
1577 3748 1847 3825 terminabitur
1867 3773 1984 3845 nego·

394 3868 504 3944 tium.
526 3869 568 3944 si
586 3877 716 3945 autem
734 3868 954 3967 appellatus
972 3868 1075 3946 dicat
1092 3893 1173 3944 rem
1192 3867 1298 3943 illam
1318 3867 1388 3944 sibi
1407 3894 1487 3944 esse
1505 3868 1703 3944 venditam
1720 3868 1781 3944 vel
1802 3869 1985 3945 donatam

394 3987 443 4063 ab
456 3986 595 4085 aliquo,
609 3995 702 4062 tunc
715 4011 866 4064 necesse
879 3987 952 4063 erit
965 3987 1068 4084 quod
1081 3986 1190 4062 illum
1202 3994 1312 4062 vocet
1326 3986 1375 4061 ad
1389 3994 1616 4062 warantum.
1635 3985 1677 4060 Si
1691 3994 1821 4063 autem
1836 4010 1984 4062 waran-

393 4115 458 4183 tus
471 4129 637 4204 praesens
652 4105 782 4194 fuerit,
795 4106 858 4180 vel
870 4105 902 4181 si
914 4104 1053 4180 habere
1065 4104 1187 4203 possit
1201 4103 1316 4180 eum¹⁵
1331 4104 1382 4180 ad
1395 4113 1543 4180 certum
1557 4105 1669 4192 diem,
1683 4103 1821 4180 habeat
1836 4128 1924 4179 eum
1938 4113 1984 4180 ut

394 4223 579 4300 intereos
601 4224 833 4323 procedatur
855 4223 902 4299 de
923 4223 1120 4299 warentia
1145 4223 1188 4298 Si
1211 4231 1340 4298 autem
1363 4247 1452 4298 eum
1471 4222 1610 4298 habere
1633 4247 1712 4298 non
1735 4221 1867 4320 possit,
1890 4231 1984 4298 tunc

394 4341 469 4418 alio
481 4343 597 4418 modo
613 4341 898 4441 procedendum
914 4341 997 4417 erit.
1015 4342 1116 4417 Cum
1133 4347 1262 4417 autem
1278 4349 1473 4416 warantus
1489 4364 1655 4439 praesens
1673 4338 1804 4428 fuerit,
1821 4347 1891 4414 aut
1906 4348 1983 4415 sta·

392 4461 465 4537 tim
478 4459 744 4549 warantizat,¹⁰
761 4469 829 4536 aut
843 4458 1018 4536 defendit
1034 4459 1137 4557 quod
1152 4459 1185 4535 ei
1201 4458 1450 4535 warantizare
1466 4483 1545 4534 non
1561 4458 1674 4534 debet
1690 4469 1728 4535 et
1744 4469 1874 4557 negat.
1892 4459 1984 4549 Quo

393 4603 484 4655 casu
505 4579 536 4655 si
556 4577 767 4676 negaverit,
787 4586 941 4677 oportet
962 4578 1065 4676 quod
1087 4577 1305 4676 appellatus
1327 4579 1392 4675 qui
1413 4577 1453 4652 in
1474 4576 1611 4654 seisina
1631 4577 1750 4653 fuerit
1772 4577 1842 4652 hoc
1864 4577 1983 4652 disra-

393 4697 515 4774 tionet
536 4721 668 4773 versus
691 4722 779 4772 eum
800 4714 1033 4795 percorpus
1057 4720 1180 4784 suum,
1204 4695 1318 4772 etsie
1340 4693 1532 4794 perveniri
1555 4695 1698 4794 poterit
1722 4695 1822 4771 inter
1845 4720 1909 4772 eos
1933 4695 1984 4771 ad

393 4880 460 4916 ⁶⁶⁶⁶⁶
471 4884 604 4957 omnino,
621 4881 697 4956 MG,
713 4881 778 4941 OC.
815 4878 880 4914 ⁶⁰⁴⁰
893 4880 1100 4957 Om.,LA,Y
1121 4878 1209 4958 (-l-).
1247 4878 1273 4913 ⁸²
1285 4879 1408 4954 dicitur,
1426 4881 1495 4955 OB,
1512 4881 1587 4956 MA,
1605 4881 1681 4954 MB,
1697 4880 1764 4954 ΟΕ,
1781 4881 1854 4940 CM.
1893 4878 1983 4954 ⁸'ait,

392 4981 461 5057 OB,
479 4983 554 5057 MA,
572 4983 645 5043 MC.

476 5081 595 5158 ²illam,
613 5082 683 5158 OB,
700 5082 783 5156 MB3
800 5103 870 5160 om,
888 5084 957 5158 OA,
976 5082 1051 5144 MA.
1091 5079 1240 5158 'offerat
1257 5083 1326 5159 OA,
1345 5084 1420 5160 MC,
1439 5083 1477 5145 Y.
1518 5082 1615 5145 ⁸tunc
1634 5104 1713 5160 eom,
1731 5085 1801 5159 OB,
1821 5084 1896 5160 ΜΒ,
1916 5084 1984 5160 OE,

393 5184 467 5257 CM,
482 5185 548 5244 MA
566 5181 804 5260 (contraeum).
841 5182 1052 5257 *considerat
1068 5184 1145 5245 MG.
1183 5182 1304 5259 lsiriam,
1321 5185 1398 5259 MG,
1415 5185 1481 5246 OC.
1519 5183 1596 5245 “det
1612 5185 1746 5262 vadium,
1762 5185 1802 5261 V,
1820 5186 1898 5262 MG,
1915 5186 1984 5260 OC,

393 5284 469 5344 ΜΒ.
509 5282 591 5363 'per
609 5287 755 5363 patriam,
773 5283 843 5359 OB,
863 5285 938 5345 MA.
979 5281 1123 5361 '‘¹¹Om.,
1143 5284 1213 5360 OB,
1233 5287 1309 5362 MA,
1329 5286 1406 5362 ΜΒ,
1426 5288 1499 5348 CM.
1540 5284 1691 5364 ’poterit
1711 5287 1756 5361 V;
1777 5293 1894 5366 posset,
1916 5287 1982 5350 ΟΕ.

391 5384 538 5462 ¹⁰viaum,
558 5385 651 5448 MSS.
671 5405 736 5447 var.
778 5384 942 5463 uindicia,
961 5385 1002 5462 V,
1022 5385 1089 5461 OC,
1110 5386 1186 5448 MG.
1228 5385 1346 5461 ¹⁸Om.‚
1367 5389 1436 5464 OB,
1458 5388 1534 5462 MA,
1556 5389 1631 5449 MB.
1674 5388 1793 5465 ²⁴Om,
1814 5391 1884 5466 OB,
1906 5389 1983 5464 MA,

393 5489 467 5549 MB.
505 5487 532 5522 ²⁶
544 5489 624 5563 Om,
639 5489 708 5563 OB,
723 5488 800 5562 MA,
814 5488 889 5548 MB.
925 5486 952 5520 ²⁸
964 5491 1158 5563 warantiaet,
1175 5488 1252 5562 MG,
1268 5489 1333 5550 OC.
