<?xml version="1.0" encoding="UTF-8"?>
<!DOCTYPE html PUBLIC "-//W3C//DTD XHTML 1.0 Transitional//EN"
    "http://www.w3.org/TR/xhtml1/DTD/xhtml1-transitional.dtd">
<html xmlns="http://www.w3.org/1999/xhtml" xml:lang="en" lang="en">
 <head>
  <title>
</title>
<meta http-equiv="Content-Type" content="text/html;charset=utf-8" />
  <meta name='ocr-system' content='tesseract 3.04.00' />
  <meta name='ocr-capabilities' content='ocr_page ocr_carea ocr_par ocr_line ocrx_word'/>
</head>
<body>
  <div class='ocr_page' id='page_1' title='image "./bractondelegibu01histgoog_0234.png"; bbox 0 0 4432 6340; ppageno 0'>
   <div class='ocr_carea' id='block_1_1' title="bbox 414 438 1468 518">
    <p class='ocr_par' dir='ltr' id='par_1_1' title="bbox 414 438 1468 518">
     <span class='ocr_line' id='line_1_1' title="bbox 414 438 1468 518; baseline -0.013 -4"><span class='ocrx_word' id='word_1_1' title='bbox 414 448 488 518; x_wconf 81' lang='grc'><strong>216</strong></span> <span class='ocrx_word' id='word_1_2' title='bbox 946 439 1168 501; x_wconf 84' lang='lat' dir='ltr'><strong>BBACTON:</strong></span> <span class='ocrx_word' id='word_1_3' title='bbox 1191 439 1252 498; x_wconf 90' lang='lat' dir='ltr'><strong>DE</strong></span> <span class='ocrx_word' id='word_1_4' title='bbox 1276 438 1468 500; x_wconf 84' lang='lat' dir='ltr'><strong>LEGIBUS</strong></span> 
     </span>
    </p>
   </div>
   <div class='ocr_carea' id='block_1_2' title="bbox 411 589 2005 3776">
    <p class='ocr_par' dir='ltr' id='par_1_2' title="bbox 412 589 2005 2349">
     <span class='ocr_line' id='line_1_2' title="bbox 413 589 2005 689; baseline -0.001 -21"><span class='ocrx_word' id='word_1_5' title='bbox 413 591 516 669; x_wconf 92' lang='lat' dir='ltr'><strong>unde</strong></span> <span class='ocrx_word' id='word_1_6' title='bbox 528 592 724 667; x_wconf 88' lang='lat' dir='ltr'><strong>contentio</strong></span> <span class='ocrx_word' id='word_1_7' title='bbox 737 599 915 678; x_wconf 90' lang='lat' dir='ltr'><strong>etcetera,</strong></span> <span class='ocrx_word' id='word_1_8' title='bbox 928 599 974 668; x_wconf 93' lang='lat' dir='ltr'><strong>ut</strong></span> <span class='ocrx_word' id='word_1_9' title='bbox 988 615 1118 689; x_wconf 92' lang='lat' dir='ltr'><strong>supra.</strong></span> <span class='ocrx_word' id='word_1_10' title='bbox 1133 591 1192 668; x_wconf 83' lang='lat' dir='ltr'><strong>Bt</strong></span> <span class='ocrx_word' id='word_1_11' title='bbox 1206 589 1296 689; x_wconf 90' lang='lat' dir='ltr'><strong>quia</strong></span> <span class='ocrx_word' id='word_1_12' title='bbox 1308 599 1402 666; x_wconf 93' lang='lat' dir='ltr'><strong>tunc</strong></span> <span class='ocrx_word' id='word_1_13' title='bbox 1417 590 1466 667; x_wconf 89' lang='lat' dir='ltr'><strong>ad</strong></span> <span class='ocrx_word' id='word_1_14' title='bbox 1479 590 1706 666; x_wconf 91' lang='lat' dir='ltr'><strong>mandatum</strong></span> <span class='ocrx_word' id='word_1_15' title='bbox 1721 598 1898 666; x_wconf 90' lang='lat' dir='ltr'><strong>nostrum</strong></span> <span class='ocrx_word' id='word_1_16' title='bbox 1912 590 2005 666; x_wconf 87' lang='lat' dir='ltr'>nihil</span> 
     </span>
     <span class='ocr_line' id='line_1_3' title="bbox 412 708 2005 807; baseline -0.001 -21"><span class='ocrx_word' id='word_1_17' title='bbox 412 710 502 786; x_wconf 93' lang='lat' dir='ltr'><strong>inde</strong></span> <span class='ocrx_word' id='word_1_18' title='bbox 519 709 674 799; x_wconf 87' lang='lat' dir='ltr'><strong>fecistis,</strong></span> <span class='ocrx_word' id='word_1_19' title='bbox 691 710 831 787; x_wconf 86' lang='lat' dir='ltr'><strong>iterato</strong></span> <span class='ocrx_word' id='word_1_20' title='bbox 848 708 954 786; x_wconf 89' lang='lat' dir='ltr'><strong>vobis</strong></span> <span class='ocrx_word' id='word_1_21' title='bbox 971 710 1199 786; x_wconf 81' lang='lat' dir='ltr'><strong>mandamus</strong></span> <span class='ocrx_word' id='word_1_22' title='bbox 1217 719 1256 786; x_wconf 92' lang='lat' dir='ltr'><strong>et</strong></span> <span class='ocrx_word' id='word_1_23' title='bbox 1273 708 1313 785; x_wconf 92' lang='lat' dir='ltr'><strong>in</strong></span> <span class='ocrx_word' id='word_1_24' title='bbox 1329 709 1407 786; x_wconf 86' lang='lat' dir='ltr'><strong>fide</strong></span> <span class='ocrx_word' id='word_1_25' title='bbox 1425 734 1502 807; x_wconf 91' lang='lat' dir='ltr'><strong>qua</strong></span> <span class='ocrx_word' id='word_1_26' title='bbox 1518 708 1626 785; x_wconf 90' lang='lat' dir='ltr'><strong>nobis</strong></span> <span class='ocrx_word' id='word_1_27' title='bbox 1642 709 1826 786; x_wconf 89' lang='lat' dir='ltr'><strong>tenemini</strong></span> <span class='ocrx_word' id='word_1_28' title='bbox 1843 709 2005 786; x_wconf 86' lang='lat' dir='ltr'><strong>firmiter</strong></span> 
     </span>
     <span class='ocr_line' id='line_1_4' title="bbox 413 826 2004 929; baseline -0.001 -23"><span class='ocrx_word' id='word_1_29' title='bbox 413 831 667 929; x_wconf 74' lang='lat' dir='ltr'><strong>praecipimus,</strong></span> <span class='ocrx_word' id='word_1_30' title='bbox 690 838 879 928; x_wconf 91' lang='lat' dir='ltr'><strong>quatenus</strong></span> <span class='ocrx_word' id='word_1_31' title='bbox 901 829 1005 904; x_wconf 93' lang='lat' dir='ltr'><strong>omni</strong></span> <span class='ocrx_word' id='word_1_32' title='bbox 1028 828 1222 904; x_wconf 81' lang='lat' dir='ltr'>occasione</span> <span class='ocrx_word' id='word_1_33' title='bbox 1245 836 1283 905; x_wconf 88' lang='lat' dir='ltr'><strong>et</strong></span> <span class='ocrx_word' id='word_1_34' title='bbox 1307 826 1489 904; x_wconf 91' lang='lat' dir='ltr'><strong>dilatione</strong></span> <span class='ocrx_word' id='word_1_35' title='bbox 1512 827 1748 926; x_wconf 82' lang='lat' dir='ltr'><strong>postpositis,</strong></span> <span class='ocrx_word' id='word_1_36' title='bbox 1771 827 2004 904; x_wconf 79' lang='lat' dir='ltr'><strong>conveniatis</strong></span> 
     </span>
     <span class='ocr_line' id='line_1_5' title="bbox 413 946 2003 1036; baseline -0.002 -11"><span class='ocrx_word' id='word_1_37' title='bbox 413 948 483 1026; x_wconf 91' lang='lat' dir='ltr'><strong>tali</strong></span> <span class='ocrx_word' id='word_1_38' title='bbox 496 949 579 1025; x_wconf 90' lang='lat' dir='ltr'><strong>loco</strong></span> <span class='ocrx_word' id='word_1_39' title='bbox 591 949 660 1025; x_wconf 88' lang='lat' dir='ltr'><strong>tali</strong></span> <span class='ocrx_word' id='word_1_40' title='bbox 674 948 746 1036; x_wconf 92' lang='lat' dir='ltr'><strong>die,</strong></span> <span class='ocrx_word' id='word_1_41' title='bbox 757 957 798 1024; x_wconf 89' lang='lat' dir='ltr'><strong>et</strong></span> <span class='ocrx_word' id='word_1_42' title='bbox 811 948 917 1024; x_wconf 88' lang='lat' dir='ltr'><strong>iacto</strong></span> <span class='ocrx_word' id='word_1_43' title='bbox 930 956 1170 1025; x_wconf 89' lang='lat' dir='ltr'><strong>sacramento</strong></span> <span class='ocrx_word' id='word_1_44' title='bbox 1182 971 1312 1023; x_wconf 89' lang='lat' dir='ltr'><strong>coram</strong></span> <span class='ocrx_word' id='word_1_45' title='bbox 1325 946 1543 1022; x_wconf 77' lang='lat' dir='ltr'><strong>vicecomite</strong></span> <span class='ocrx_word' id='word_1_46' title='bbox 1557 954 1691 1022; x_wconf 88' lang='lat' dir='ltr'><strong>nostro</strong></span> <span class='ocrx_word' id='word_1_47' title='bbox 1704 946 1785 1033; x_wconf 87' lang='lat' dir='ltr'><strong>tali,</strong></span> <span class='ocrx_word' id='word_1_48' title='bbox 1800 947 1863 1022; x_wconf 90' lang='lat' dir='ltr'><strong>vel</strong></span> <span class='ocrx_word' id='word_1_49' title='bbox 1875 971 2003 1023; x_wconf 90' lang='lat' dir='ltr'><strong>coram</strong></span> 
     </span>
     <span class='ocr_line' id='line_1_6' title="bbox 413 1064 2002 1164; baseline -0.001 -20"><span class='ocrx_word' id='word_1_50' title='bbox 413 1067 561 1144; x_wconf 90' lang='lat' dir='ltr'><strong>dilectis</strong></span> <span class='ocrx_word' id='word_1_51' title='bbox 581 1076 620 1145; x_wconf 93' lang='lat' dir='ltr'><strong>et</strong></span> <span class='ocrx_word' id='word_1_52' title='bbox 639 1066 815 1143; x_wconf 88' lang='lat' dir='ltr'><strong>fidelibus</strong></span> <span class='ocrx_word' id='word_1_53' title='bbox 835 1065 976 1143; x_wconf 88' lang='lat' dir='ltr'><strong>nostris</strong></span> <span class='ocrx_word' id='word_1_54' title='bbox 995 1066 1049 1142; x_wconf 90' lang='lat' dir='ltr'><strong>A.</strong></span> <span class='ocrx_word' id='word_1_55' title='bbox 1070 1075 1110 1142; x_wconf 95' lang='lat' dir='ltr'><strong>et</strong></span> <span class='ocrx_word' id='word_1_56' title='bbox 1131 1066 1179 1142; x_wconf 92' lang='grc' dir='ltr'><strong>Β.</strong></span> <span class='ocrx_word' id='word_1_57' title='bbox 1202 1090 1297 1164; x_wconf 92' lang='lat' dir='ltr'><strong>quos</strong></span> <span class='ocrx_word' id='word_1_58' title='bbox 1319 1064 1369 1141; x_wconf 81' lang='lat' dir='ltr'><strong>ad</strong></span> <span class='ocrx_word' id='word_1_59' title='bbox 1390 1064 1460 1141; x_wconf 92' lang='lat' dir='ltr'><strong>hoc</strong></span> <span class='ocrx_word' id='word_1_60' title='bbox 1481 1065 1703 1142; x_wconf 90' lang='lat' dir='ltr'><strong>iustitiarios</strong></span> <span class='ocrx_word' id='word_1_61' title='bbox 1725 1065 2002 1153; x_wconf 89' lang='lat' dir='ltr'><strong>constituimus,</strong></span> 
     </span>
     <span class='ocr_line' id='line_1_7' title="bbox 414 1181 2002 1284; baseline -0.001 -22"><span class='ocrx_word' id='word_1_62' title='bbox 414 1185 475 1262; x_wconf 93' lang='lat' dir='ltr'><strong>vel</strong></span> <span class='ocrx_word' id='word_1_63' title='bbox 502 1184 623 1263; x_wconf 88' lang='lat' dir='ltr'><strong>altero</strong></span> <span class='ocrx_word' id='word_1_64' title='bbox 649 1185 821 1284; x_wconf 92' lang='lat' dir='ltr'><strong>ipsorum</strong></span> <span class='ocrx_word' id='word_1_65' title='bbox 848 1185 878 1261; x_wconf 92' lang='lat' dir='ltr'><strong>si</strong></span> <span class='ocrx_word' id='word_1_66' title='bbox 906 1183 1018 1260; x_wconf 87' lang='lat' dir='ltr'><strong>ambo</strong></span> <span class='ocrx_word' id='word_1_67' title='bbox 1045 1183 1226 1260; x_wconf 87' lang='lat' dir='ltr'><strong>interesse</strong></span> <span class='ocrx_word' id='word_1_68' title='bbox 1253 1208 1332 1260; x_wconf 94' lang='lat' dir='ltr'><strong>non</strong></span> <span class='ocrx_word' id='word_1_69' title='bbox 1359 1191 1533 1282; x_wconf 88' lang='lat' dir='ltr'><strong>possunt,</strong></span> <span class='ocrx_word' id='word_1_70' title='bbox 1561 1181 1748 1280; x_wconf 85' lang='lat' dir='ltr'><strong>legaliter,</strong></span> <span class='ocrx_word' id='word_1_71' title='bbox 1777 1184 1939 1261; x_wconf 84' lang='lat' dir='ltr'><strong>discrete</strong></span> <span class='ocrx_word' id='word_1_72' title='bbox 1964 1193 2002 1260; x_wconf 89' lang='lat' dir='ltr'><strong>et</strong></span> 
     </span>
     <span class='ocr_line' id='line_1_8' title="bbox 413 1302 2002 1401; baseline -0.002 -21"><span class='ocrx_word' id='word_1_73' title='bbox 413 1302 692 1380; x_wconf 84' lang='lat' dir='ltr'><strong>rationabiliter</strong></span> <span class='ocrx_word' id='word_1_74' title='bbox 709 1303 926 1380; x_wconf 88' lang='lat' dir='ltr'><strong>extendatis</strong></span> <span class='ocrx_word' id='word_1_75' title='bbox 942 1311 982 1380; x_wconf 91' lang='lat' dir='ltr'><strong>ct</strong></span> <span class='ocrx_word' id='word_1_76' title='bbox 999 1302 1228 1401; x_wconf 88' lang='lat' dir='ltr'><strong>appretiatis</strong></span> <span class='ocrx_word' id='word_1_77' title='bbox 1245 1327 1376 1379; x_wconf 87' lang='lat' dir='ltr'><strong>omnes</strong></span> <span class='ocrx_word' id='word_1_78' title='bbox 1392 1310 1516 1378; x_wconf 87' lang='lat' dir='ltr'><strong>terras</strong></span> <span class='ocrx_word' id='word_1_79' title='bbox 1534 1311 1573 1378; x_wconf 89' lang='lat' dir='ltr'><strong>et</strong></span> <span class='ocrx_word' id='word_1_80' title='bbox 1589 1311 1810 1380; x_wconf 77' lang='lat' dir='ltr'><strong>tenemento</strong></span> <span class='ocrx_word' id='word_1_81' title='bbox 1826 1311 2002 1389; x_wconf 89' lang='lat' dir='ltr'><strong>etcetera,</strong></span> 
     </span>
     <span class='ocr_line' id='line_1_9' title="bbox 412 1420 2003 1523; baseline -0.003 -22"><span class='ocrx_word' id='word_1_82' title='bbox 412 1435 607 1523; x_wconf 91' lang='lat' dir='ltr'><strong>utsupra.</strong></span> <span class='ocrx_word' id='word_1_83' title='bbox 626 1424 684 1500; x_wconf 89' lang='lat' dir='ltr'><strong>Et</strong></span> <span class='ocrx_word' id='word_1_84' title='bbox 703 1422 963 1499; x_wconf 89' lang='lat' dir='ltr'><strong>extensionem</strong></span> <span class='ocrx_word' id='word_1_85' title='bbox 982 1431 1021 1498; x_wconf 91' lang='lat' dir='ltr'><strong>et</strong></span> <span class='ocrx_word' id='word_1_86' title='bbox 1041 1420 1363 1520; x_wconf 89' lang='lat' dir='ltr'><strong>appretiationem</strong></span> <span class='ocrx_word' id='word_1_87' title='bbox 1383 1421 1489 1497; x_wconf 88' lang='lat' dir='ltr'><strong>illam</strong></span> <span class='ocrx_word' id='word_1_88' title='bbox 1508 1421 1602 1497; x_wconf 91' lang='lat' dir='ltr'><strong>scire</strong></span> <span class='ocrx_word' id='word_1_89' title='bbox 1623 1421 1774 1497; x_wconf 86' lang='lat' dir='ltr'><strong>faciatis</strong></span> <span class='ocrx_word' id='word_1_90' title='bbox 1792 1420 2003 1497; x_wconf 83' lang='lat' dir='ltr'><strong>iustitiariis</strong></span> 
     </span>
     <span class='ocr_line' id='line_1_10' title="bbox 413 1539 2004 1640; baseline -0.004 -21"><span class='ocrx_word' id='word_1_91' title='bbox 413 1543 555 1622; x_wconf 88' lang='lat' dir='ltr'><strong>nostris</strong></span> <span class='ocrx_word' id='word_1_92' title='bbox 575 1542 682 1640; x_wconf 88' lang='lat' dir='ltr'><strong>apud</strong></span> <span class='ocrx_word' id='word_1_93' title='bbox 701 1540 1104 1628; x_wconf 90' lang='lat' dir='ltr'><strong>Wcstmonasterium,</strong></span> <span class='ocrx_word' id='word_1_94' title='bbox 1125 1541 1186 1616; x_wconf 92' lang='lat' dir='ltr'><strong>vel</strong></span> <span class='ocrx_word' id='word_1_95' title='bbox 1207 1539 1398 1638; x_wconf 71' lang='lat' dir='ltr'><strong>predictis</strong></span> <span class='ocrx_word' id='word_1_96' title='bbox 1420 1540 1473 1615; x_wconf 88' lang='lat' dir='ltr'><strong>A.</strong></span> <span class='ocrx_word' id='word_1_97' title='bbox 1495 1547 1535 1616; x_wconf 90' lang='lat' dir='ltr'><strong>ct</strong></span> <span class='ocrx_word' id='word_1_98' title='bbox 1557 1540 1605 1615; x_wconf 93' lang='grc' dir='ltr'><strong>Β.</strong></span> <span class='ocrx_word' id='word_1_99' title='bbox 1628 1539 1840 1616; x_wconf 88' lang='lat' dir='ltr'><strong>iustitiariis</strong></span> <span class='ocrx_word' id='word_1_100' title='bbox 1863 1539 2004 1616; x_wconf 87' lang='lat' dir='ltr'><strong>adhoc</strong></span> 
     </span>
     <span class='ocr_line' id='line_1_11' title="bbox 413 1657 2003 1758; baseline -0.003 -21"><span class='ocrx_word' id='word_1_101' title='bbox 413 1661 643 1750; x_wconf 89' lang='lat' dir='ltr'><strong>constitutis,</strong></span> <span class='ocrx_word' id='word_1_102' title='bbox 662 1661 723 1737; x_wconf 91' lang='lat' dir='ltr'><strong>vel</strong></span> <span class='ocrx_word' id='word_1_103' title='bbox 742 1660 853 1736; x_wconf 88' lang='lat' dir='ltr'><strong>alteri</strong></span> <span class='ocrx_word' id='word_1_104' title='bbox 871 1660 1044 1758; x_wconf 89' lang='lat' dir='ltr'><strong>ipsorum</strong></span> <span class='ocrx_word' id='word_1_105' title='bbox 1062 1659 1133 1734; x_wconf 93' lang='lat' dir='ltr'><strong>sub</strong></span> <span class='ocrx_word' id='word_1_106' title='bbox 1152 1658 1285 1756; x_wconf 80' lang='lat' dir='ltr'><strong>sigillis</strong></span> <span class='ocrx_word' id='word_1_107' title='bbox 1304 1659 1452 1746; x_wconf 87' lang='lat' dir='ltr'><strong>vestris,</strong></span> <span class='ocrx_word' id='word_1_108' title='bbox 1471 1667 1517 1735; x_wconf 93' lang='lat' dir='ltr'><strong>ut</strong></span> <span class='ocrx_word' id='word_1_109' title='bbox 1536 1657 1609 1757; x_wconf 92' lang='lat' dir='ltr'><strong>ipsi</strong></span> <span class='ocrx_word' id='word_1_110' title='bbox 1629 1658 1822 1735; x_wconf 91' lang='lat' dir='ltr'><strong>iustitiarii</strong></span> <span class='ocrx_word' id='word_1_111' title='bbox 1842 1658 2003 1735; x_wconf 90' lang='lat' dir='ltr'><strong>iustitia·</strong></span> 
     </span>
     <span class='ocr_line' id='line_1_12' title="bbox 412 1776 2005 1880; baseline -0.003 -23"><span class='ocrx_word' id='word_1_112' title='bbox 412 1782 489 1858; x_wconf 89' lang='lat' dir='ltr'><strong>rios</strong></span> <span class='ocrx_word' id='word_1_113' title='bbox 507 1789 658 1856; x_wconf 90' lang='lat' dir='ltr'><strong>nostros</strong></span> <span class='ocrx_word' id='word_1_114' title='bbox 677 1780 783 1880; x_wconf 90' lang='lat' dir='ltr'><strong>apud</strong></span> <span class='ocrx_word' id='word_1_115' title='bbox 800 1777 1192 1856; x_wconf 81' lang='lat' dir='ltr'><strong>westmonasterium</strong></span> <span class='ocrx_word' id='word_1_116' title='bbox 1210 1778 1260 1854; x_wconf 94' lang='lat' dir='ltr'><strong>ad</strong></span> <span class='ocrx_word' id='word_1_117' title='bbox 1278 1776 1380 1853; x_wconf 90' lang='lat' dir='ltr'><strong>diem</strong></span> <span class='ocrx_word' id='word_1_118' title='bbox 1398 1777 1451 1853; x_wconf 89' lang='lat' dir='ltr'><strong>eis</strong></span> <span class='ocrx_word' id='word_1_119' title='bbox 1469 1777 1606 1854; x_wconf 92' lang='lat' dir='ltr'><strong>datum</strong></span> <span class='ocrx_word' id='word_1_120' title='bbox 1625 1777 1775 1876; x_wconf 91' lang='lat' dir='ltr'><strong>plenius</strong></span> <span class='ocrx_word' id='word_1_121' title='bbox 1793 1777 2005 1853; x_wconf 87' lang='lat' dir='ltr'><strong>certificare</strong></span> 
     </span>
     <span class='ocr_line' id='line_1_13' title="bbox 412 1896 2004 1998; baseline -0.003 -23"><span class='ocrx_word' id='word_1_122' title='bbox 412 1897 603 1998; x_wconf 86' lang='lat' dir='ltr'><strong>possint.¹²</strong></span> <span class='ocrx_word' id='word_1_123' title='bbox 623 1899 675 1975; x_wconf 93' lang='lat' dir='ltr'><strong>In</strong></span> <span class='ocrx_word' id='word_1_124' title='bbox 693 1898 799 1974; x_wconf 90' lang='lat' dir='ltr'><strong>cuius</strong></span> <span class='ocrx_word' id='word_1_125' title='bbox 818 1898 873 1974; x_wconf 90' lang='lat' dir='ltr'><strong>rei</strong></span> <span class='ocrx_word' id='word_1_126' title='bbox 890 1896 1152 1973; x_wconf 90' lang='lat' dir='ltr'><strong>testimonium</strong></span> <span class='ocrx_word' id='word_1_127' title='bbox 1171 1905 1348 1973; x_wconf 88' lang='lat' dir='ltr'><strong>etcetera.</strong></span> <span class='ocrx_word' id='word_1_128' title='bbox 1369 1896 1487 1972; x_wconf 86' lang='lat' dir='ltr'><strong>Teste</strong></span> <span class='ocrx_word' id='word_1_129' title='bbox 1506 1904 1683 1973; x_wconf 89' lang='lat' dir='ltr'><strong>etcetera.</strong></span> <span class='ocrx_word' id='word_1_130' title='bbox 1706 1896 1748 1971; x_wconf 91' lang='lat' dir='ltr'><strong>Si</strong></span> <span class='ocrx_word' id='word_1_131' title='bbox 1768 1904 1899 1972; x_wconf 89' lang='lat' dir='ltr'><strong>autem</strong></span> <span class='ocrx_word' id='word_1_132' title='bbox 1916 1919 2004 1970; x_wconf 93' lang='lat' dir='ltr'><strong>cum</strong></span> 
     </span>
     <span class='ocr_line' id='line_1_14' title="bbox 412 2013 2003 2112; baseline -0.004 -17"><span class='ocrx_word' id='word_1_133' title='bbox 412 2017 551 2095; x_wconf 87' lang='lat' dir='ltr'><strong>milites</strong></span> <span class='ocrx_word' id='word_1_134' title='bbox 572 2016 758 2106; x_wconf 90' lang='lat' dir='ltr'><strong>venerint,</strong></span> <span class='ocrx_word' id='word_1_135' title='bbox 779 2013 1014 2092; x_wconf 85' lang='lat' dir='ltr'><strong>vicecomes¹⁸</strong></span> <span class='ocrx_word' id='word_1_136' title='bbox 1035 2015 1235 2112; x_wconf 83' lang='lat' dir='ltr'><strong>negligens</strong></span> <span class='ocrx_word' id='word_1_137' title='bbox 1256 2013 1468 2102; x_wconf 88' lang='lat' dir='ltr'><strong>extiterit,¹⁴</strong></span> <span class='ocrx_word' id='word_1_138' title='bbox 1489 2023 1583 2091; x_wconf 92' lang='lat' dir='ltr'><strong>tunc</strong></span> <span class='ocrx_word' id='word_1_139' title='bbox 1604 2014 1673 2091; x_wconf 89' lang='lat' dir='ltr'><strong>fiat</strong></span> <span class='ocrx_word' id='word_1_140' title='bbox 1695 2013 1904 2090; x_wconf 88' lang='lat' dir='ltr'><strong>vicecomiti</strong></span> <span class='ocrx_word' id='word_1_141' title='bbox 1925 2013 2003 2091; x_wconf 88' lang='lat' dir='ltr'><strong>tale</strong></span> 
     </span>
     <span class='ocr_line' id='line_1_15' title="bbox 413 2135 538 2212; baseline 0 -2"><span class='ocrx_word' id='word_1_142' title='bbox 413 2135 538 2212; x_wconf 88' lang='lat' dir='ltr'><strong>breve.</strong></span> 
     </span>
     <span class='ocr_line' id='line_1_16' title="bbox 512 2251 1681 2349; baseline -0.003 -18"><span class='ocrx_word' id='word_1_143' title='bbox 512 2256 640 2331; x_wconf 83' lang='lat' dir='ltr'><strong>Breve</strong></span> <span class='ocrx_word' id='word_1_144' title='bbox 657 2254 689 2330; x_wconf 84' lang='lat' dir='ltr'><strong>ai</strong></span> <span class='ocrx_word' id='word_1_145' title='bbox 706 2252 845 2332; x_wconf 75' lang='lat' dir='ltr'><strong>militer</strong></span> <span class='ocrx_word' id='word_1_146' title='bbox 862 2253 1037 2331; x_wconf 67' lang='lat' dir='ltr'><strong>venenat</strong></span> <span class='ocrx_word' id='word_1_147' title='bbox 1052 2260 1092 2329; x_wconf 83' lang='lat' dir='ltr'><strong>et</strong></span> <span class='ocrx_word' id='word_1_148' title='bbox 1109 2252 1315 2329; x_wconf 74' lang='lat' dir='ltr'><strong>vicecomes</strong></span> <span class='ocrx_word' id='word_1_149' title='bbox 1333 2251 1534 2349; x_wconf 69' lang='lat' dir='ltr'><strong>captiosos</strong></span> <span class='ocrx_word' id='word_1_150' title='bbox 1549 2251 1681 2345; x_wconf 76' lang='lat' dir='ltr'><strong>faerit.</strong></span> 
     </span>
    </p>

    <p class='ocr_par' dir='ltr' id='par_1_3' title="bbox 411 2368 2003 3776">
     <span class='ocr_line' id='line_1_17' title="bbox 413 2368 2003 2470; baseline -0.004 -20"><span class='ocrx_word' id='word_1_151' title='bbox 413 2373 509 2450; x_wconf 83' lang='lat' dir='ltr'><strong>Rax</strong></span> <span class='ocrx_word' id='word_1_152' title='bbox 525 2373 736 2449; x_wconf 89' lang='lat' dir='ltr'><strong>vicecomiti</strong></span> <span class='ocrx_word' id='word_1_153' title='bbox 753 2371 927 2448; x_wconf 89' lang='lat' dir='ltr'><strong>salutern.</strong></span> <span class='ocrx_word' id='word_1_154' title='bbox 947 2370 1223 2448; x_wconf 89' lang='lat' dir='ltr'><strong>Mandavimus</strong></span> <span class='ocrx_word' id='word_1_155' title='bbox 1240 2396 1312 2470; x_wconf 89' lang='lat' dir='ltr'><strong>per</strong></span> <span class='ocrx_word' id='word_1_156' title='bbox 1328 2369 1478 2447; x_wconf 84' lang='lat' dir='ltr'><strong>litteras</strong></span> <span class='ocrx_word' id='word_1_157' title='bbox 1496 2379 1648 2446; x_wconf 90' lang='lat' dir='ltr'><strong>nostras</strong></span> <span class='ocrx_word' id='word_1_158' title='bbox 1667 2377 1844 2469; x_wconf 89' lang='lat' dir='ltr'><strong>patentes</strong></span> <span class='ocrx_word' id='word_1_159' title='bbox 1862 2368 2003 2447; x_wconf 88' lang='lat' dir='ltr'><strong>talibus</strong></span> 
     </span>
     <span class='ocr_line' id='line_1_18' title="bbox 412 2489 2003 2590; baseline -0.003 -21"><span class='ocrx_word' id='word_1_160' title='bbox 412 2491 596 2570; x_wconf 92' lang='lat' dir='ltr'><strong>militibus</strong></span> <span class='ocrx_word' id='word_1_161' title='bbox 615 2492 719 2590; x_wconf 93' lang='lat' dir='ltr'><strong>quod</strong></span> <span class='ocrx_word' id='word_1_162' title='bbox 734 2491 804 2567; x_wconf 90' lang='lat' dir='ltr'><strong>tali</strong></span> <span class='ocrx_word' id='word_1_163' title='bbox 822 2489 882 2567; x_wconf 90' lang='lat' dir='ltr'><strong>die</strong></span> <span class='ocrx_word' id='word_1_164' title='bbox 899 2490 1146 2566; x_wconf 91' lang='lat' dir='ltr'><strong>convenirent</strong></span> <span class='ocrx_word' id='word_1_165' title='bbox 1165 2491 1271 2588; x_wconf 91' lang='lat' dir='ltr'><strong>apud</strong></span> <span class='ocrx_word' id='word_1_166' title='bbox 1289 2490 1407 2566; x_wconf 92' lang='lat' dir='ltr'><strong>talem</strong></span> <span class='ocrx_word' id='word_1_167' title='bbox 1425 2489 1563 2577; x_wconf 89' lang='lat' dir='ltr'><strong>locum,</strong></span> <span class='ocrx_word' id='word_1_168' title='bbox 1582 2498 1621 2566; x_wconf 94' lang='lat' dir='ltr'><strong>et</strong></span> <span class='ocrx_word' id='word_1_169' title='bbox 1641 2489 1746 2565; x_wconf 88' lang='lat' dir='ltr'><strong>facto</strong></span> <span class='ocrx_word' id='word_1_170' title='bbox 1764 2495 2003 2565; x_wconf 90' lang='lat' dir='ltr'><strong>sacramento</strong></span> 
     </span>
     <span class='ocr_line' id='line_1_19' title="bbox 413 2605 2003 2707; baseline -0.002 -23"><span class='ocrx_word' id='word_1_171' title='bbox 413 2634 543 2686; x_wconf 91' lang='lat' dir='ltr'><strong>coram</strong></span> <span class='ocrx_word' id='word_1_172' title='bbox 565 2619 616 2699; x_wconf 90' lang='lat' dir='ltr'><strong>tc,</strong></span> <span class='ocrx_word' id='word_1_173' title='bbox 640 2608 828 2707; x_wconf 86' lang='lat' dir='ltr'><strong>legaliter,</strong></span> <span class='ocrx_word' id='word_1_174' title='bbox 853 2608 1026 2697; x_wconf 90' lang='lat' dir='ltr'><strong>discrete,</strong></span> <span class='ocrx_word' id='word_1_175' title='bbox 1051 2617 1091 2686; x_wconf 90' lang='lat' dir='ltr'><strong>ct</strong></span> <span class='ocrx_word' id='word_1_176' title='bbox 1115 2607 1394 2684; x_wconf 89' lang='lat' dir='ltr'><strong>rationabiliter</strong></span> <span class='ocrx_word' id='word_1_177' title='bbox 1419 2605 1698 2684; x_wconf 78' lang='lat' dir='ltr'><strong>extenderent¹³</strong></span> <span class='ocrx_word' id='word_1_178' title='bbox 1725 2616 1763 2683; x_wconf 85' lang='lat' dir='ltr'><strong>et</strong></span> <span class='ocrx_word' id='word_1_179' title='bbox 1790 2606 2003 2706; x_wconf 90' lang='lat' dir='ltr'><strong>appretiari</strong></span> 
     </span>
     <span class='ocr_line' id='line_1_20' title="bbox 413 2724 2003 2813; baseline -0.003 -8"><span class='ocrx_word' id='word_1_180' title='bbox 413 2728 586 2805; x_wconf 87' lang='lat' dir='ltr'><strong>facerent</strong></span> <span class='ocrx_word' id='word_1_181' title='bbox 598 2753 730 2804; x_wconf 92' lang='lat' dir='ltr'><strong>omnes</strong></span> <span class='ocrx_word' id='word_1_182' title='bbox 744 2738 867 2805; x_wconf 88' lang='lat' dir='ltr'><strong>terras</strong></span> <span class='ocrx_word' id='word_1_183' title='bbox 881 2737 920 2804; x_wconf 94' lang='lat' dir='ltr'><strong>et</strong></span> <span class='ocrx_word' id='word_1_184' title='bbox 933 2725 1089 2803; x_wconf 81' lang='lat' dir='ltr'><strong>omnia²⁶</strong></span> <span class='ocrx_word' id='word_1_185' title='bbox 1102 2734 1323 2803; x_wconf 89' lang='lat' dir='ltr'><strong>tenementa</strong></span> <span class='ocrx_word' id='word_1_186' title='bbox 1337 2724 1463 2803; x_wconf 91' lang='lat' dir='ltr'><strong>detali</strong></span> <span class='ocrx_word' id='word_1_187' title='bbox 1474 2725 1679 2813; x_wconf 80' lang='lat' dir='ltr'><strong>etcetera,²&#39;</strong></span> <span class='ocrx_word' id='word_1_188' title='bbox 1689 2724 2003 2801; x_wconf 84' lang='lat' dir='ltr'><strong>undeconcordis</strong></span> 
     </span>
     <span class='ocr_line' id='line_1_21' title="bbox 413 2844 2002 2944; baseline -0.003 -21"><span class='ocrx_word' id='word_1_189' title='bbox 413 2846 547 2924; x_wconf 82' lang='lat' dir='ltr'><strong>iacta¹⁸</strong></span> <span class='ocrx_word' id='word_1_190' title='bbox 561 2847 639 2924; x_wconf 88' lang='lat' dir='ltr'><strong>fuit</strong></span> <span class='ocrx_word' id='word_1_191' title='bbox 651 2847 753 2924; x_wconf 89' lang='lat' dir='ltr'><strong>inter</strong></span> <span class='ocrx_word' id='word_1_192' title='bbox 764 2847 818 2923; x_wconf 90' lang='lat' dir='ltr'><strong>A.</strong></span> <span class='ocrx_word' id='word_1_193' title='bbox 833 2856 872 2923; x_wconf 89' lang='lat' dir='ltr'><strong>et</strong></span> <span class='ocrx_word' id='word_1_194' title='bbox 886 2847 949 2935; x_wconf 88' lang='grc' dir='ltr'><strong>Β.,</strong></span> <span class='ocrx_word' id='word_1_195' title='bbox 964 2845 1174 2921; x_wconf 87' lang='lat' dir='ltr'><strong>secundum</strong></span> <span class='ocrx_word' id='word_1_196' title='bbox 1188 2846 1291 2944; x_wconf 94' lang='lat' dir='ltr'><strong>quod</strong></span> <span class='ocrx_word' id='word_1_197' title='bbox 1306 2846 1346 2921; x_wconf 93' lang='lat' dir='ltr'><strong>in</strong></span> <span class='ocrx_word' id='word_1_198' title='bbox 1360 2845 1498 2921; x_wconf 87' lang='lat' dir='ltr'><strong>litteris</strong></span> <span class='ocrx_word' id='word_1_199' title='bbox 1515 2845 1654 2921; x_wconf 92' lang='lat' dir='ltr'><strong>nostris</strong></span> <span class='ocrx_word' id='word_1_200' title='bbox 1670 2844 1892 2944; x_wconf 89' lang='lat' dir='ltr'><strong>patentibus</strong></span> <span class='ocrx_word' id='word_1_201' title='bbox 1907 2867 2002 2943; x_wconf 87' lang='lat' dir='ltr'><strong>quas</strong></span> 
     </span>
     <span class='ocr_line' id='line_1_22' title="bbox 411 2960 2002 3063; baseline -0.003 -21"><span class='ocrx_word' id='word_1_202' title='bbox 411 2967 553 3042; x_wconf 89' lang='lat' dir='ltr'><strong>eisdem</strong></span> <span class='ocrx_word' id='word_1_203' title='bbox 564 2963 1088 3042; x_wconf 73' lang='lat' dir='ltr'><strong>militibus1·transmissimus</strong></span> <span class='ocrx_word' id='word_1_204' title='bbox 1102 2963 1253 3063; x_wconf 85' lang='lat' dir='ltr'><strong>plenius</strong></span> <span class='ocrx_word' id='word_1_205' title='bbox 1266 2964 1496 3041; x_wconf 90' lang='lat' dir='ltr'><strong>continetur.</strong></span> <span class='ocrx_word' id='word_1_206' title='bbox 1511 2962 1788 3040; x_wconf 88' lang='lat' dir='ltr'><strong>Mandavimus</strong></span> <span class='ocrx_word' id='word_1_207' title='bbox 1803 2961 1920 3039; x_wconf 88' lang='lat' dir='ltr'><strong>etiam</strong></span> <span class='ocrx_word' id='word_1_208' title='bbox 1932 2960 2002 3039; x_wconf 92' lang='lat' dir='ltr'><strong>tibi</strong></span> 
     </span>
     <span class='ocr_line' id='line_1_23' title="bbox 411 3082 2003 3183; baseline -0.002 -24"><span class='ocrx_word' id='word_1_209' title='bbox 411 3084 513 3183; x_wconf 91' lang='lat' dir='ltr'><strong>quod</strong></span> <span class='ocrx_word' id='word_1_210' title='bbox 526 3084 629 3160; x_wconf 90' lang='lat' dir='ltr'><strong>omni</strong></span> <span class='ocrx_word' id='word_1_211' title='bbox 642 3083 837 3159; x_wconf 90' lang='lat' dir='ltr'><strong>occasione</strong></span> <span class='ocrx_word' id='word_1_212' title='bbox 849 3083 1077 3183; x_wconf 80' lang='lat' dir='ltr'><strong>postposita,</strong></span> <span class='ocrx_word' id='word_1_213' title='bbox 1090 3108 1189 3159; x_wconf 90' lang='lat' dir='ltr'><strong>esses</strong></span> <span class='ocrx_word' id='word_1_214' title='bbox 1203 3082 1343 3159; x_wconf 90' lang='lat' dir='ltr'><strong>ibidem</strong></span> <span class='ocrx_word' id='word_1_215' title='bbox 1356 3082 1406 3158; x_wconf 88' lang='lat' dir='ltr'><strong>ad</strong></span> <span class='ocrx_word' id='word_1_216' title='bbox 1420 3083 1583 3158; x_wconf 92' lang='lat' dir='ltr'><strong>eundem</strong></span> <span class='ocrx_word' id='word_1_217' title='bbox 1596 3082 1696 3158; x_wconf 93' lang='lat' dir='ltr'><strong>diem</strong></span> <span class='ocrx_word' id='word_1_218' title='bbox 1711 3083 1760 3157; x_wconf 86' lang='lat' dir='ltr'><strong>ad</strong></span> <span class='ocrx_word' id='word_1_219' title='bbox 1773 3082 2003 3180; x_wconf 88' lang='lat' dir='ltr'><strong>capiendum</strong></span> 
     </span>
     <span class='ocr_line' id='line_1_24' title="bbox 412 3199 2002 3301; baseline -0.003 -23"><span class='ocrx_word' id='word_1_220' title='bbox 412 3203 441 3280; x_wconf 86' lang='lat' dir='ltr'><strong>f.</strong></span> <span class='ocrx_word' id='word_1_221' title='bbox 456 3202 551 3296; x_wconf 71' lang='lat' dir='ltr'><strong>rab]</strong></span> <span class='ocrx_word' id='word_1_222' title='bbox 608 3210 890 3278; x_wconf 87' lang='lat' dir='ltr'><strong>sacramentum</strong></span> <span class='ocrx_word' id='word_1_223' title='bbox 909 3202 1181 3301; x_wconf 78' lang='lat' dir='ltr'><strong>praedictorum</strong></span> <span class='ocrx_word' id='word_1_224' title='bbox 1199 3201 1377 3290; x_wconf 90' lang='lat' dir='ltr'><strong>militum,</strong></span> <span class='ocrx_word' id='word_1_225' title='bbox 1398 3202 1447 3277; x_wconf 90' lang='lat' dir='ltr'><strong>ad</strong></span> <span class='ocrx_word' id='word_1_226' title='bbox 1467 3201 1729 3278; x_wconf 89' lang='lat' dir='ltr'><strong>extensionem</strong></span> <span class='ocrx_word' id='word_1_227' title='bbox 1748 3210 1788 3277; x_wconf 92' lang='lat' dir='ltr'><strong>et</strong></span> <span class='ocrx_word' id='word_1_228' title='bbox 1808 3199 2002 3300; x_wconf 91' lang='lat' dir='ltr'><strong>appretia·</strong></span> 
     </span>
     <span class='ocr_line' id='line_1_25' title="bbox 411 3319 2002 3419; baseline -0.002 -21"><span class='ocrx_word' id='word_1_229' title='bbox 411 3321 556 3398; x_wconf 94' lang='lat' dir='ltr'><strong>tionem</strong></span> <span class='ocrx_word' id='word_1_230' title='bbox 571 3319 705 3397; x_wconf 81' lang='lat' dir='ltr'><strong>illam²⁰</strong></span> <span class='ocrx_word' id='word_1_231' title='bbox 722 3320 938 3396; x_wconf 87' lang='lat' dir='ltr'><strong>faciendam</strong></span> <span class='ocrx_word' id='word_1_232' title='bbox 954 3321 1002 3397; x_wconf 90' lang='lat' dir='ltr'><strong>dc</strong></span> <span class='ocrx_word' id='word_1_233' title='bbox 1017 3320 1129 3396; x_wconf 91' lang='lat' dir='ltr'><strong>terris</strong></span> <span class='ocrx_word' id='word_1_234' title='bbox 1146 3330 1185 3397; x_wconf 92' lang='lat' dir='ltr'><strong>et</strong></span> <span class='ocrx_word' id='word_1_235' title='bbox 1200 3320 1427 3397; x_wconf 87' lang='lat' dir='ltr'><strong>tenementis</strong></span> <span class='ocrx_word' id='word_1_236' title='bbox 1443 3320 1615 3419; x_wconf 72' lang='lat' dir='ltr'><strong>praedicti</strong></span> <span class='ocrx_word' id='word_1_237' title='bbox 1631 3319 1797 3408; x_wconf 91' lang='lat' dir='ltr'><strong>honoris,</strong></span> <span class='ocrx_word' id='word_1_238' title='bbox 1815 3329 1854 3396; x_wconf 91' lang='lat' dir='ltr'><strong>et</strong></span> <span class='ocrx_word' id='word_1_239' title='bbox 1871 3343 2002 3395; x_wconf 90' lang='lat' dir='ltr'><strong>secun·</strong></span> 
     </span>
     <span class='ocr_line' id='line_1_26' title="bbox 412 3437 2003 3539; baseline -0.002 -23"><span class='ocrx_word' id='word_1_240' title='bbox 412 3441 506 3516; x_wconf 94' lang='lat' dir='ltr'><strong>dum</strong></span> <span class='ocrx_word' id='word_1_241' title='bbox 521 3441 625 3539; x_wconf 91' lang='lat' dir='ltr'><strong>quod</strong></span> <span class='ocrx_word' id='word_1_242' title='bbox 638 3439 906 3516; x_wconf 88' lang='lat' dir='ltr'><strong>continebatur</strong></span> <span class='ocrx_word' id='word_1_243' title='bbox 920 3439 1071 3538; x_wconf 93' lang='lat' dir='ltr'><strong>plenius</strong></span> <span class='ocrx_word' id='word_1_244' title='bbox 1086 3439 1127 3514; x_wconf 92' lang='lat' dir='ltr'><strong>in</strong></span> <span class='ocrx_word' id='word_1_245' title='bbox 1141 3439 1278 3514; x_wconf 88' lang='lat' dir='ltr'><strong>litteris</strong></span> <span class='ocrx_word' id='word_1_246' title='bbox 1294 3439 1434 3515; x_wconf 89' lang='lat' dir='ltr'><strong>nostris</strong></span> <span class='ocrx_word' id='word_1_247' title='bbox 1451 3437 1685 3538; x_wconf 89' lang='lat' dir='ltr'><strong>patentibus.</strong></span> <span class='ocrx_word' id='word_1_248' title='bbox 1702 3439 1760 3515; x_wconf 87' lang='lat' dir='ltr'><strong>Et</strong></span> <span class='ocrx_word' id='word_1_249' title='bbox 1776 3437 1880 3537; x_wconf 90' lang='lat' dir='ltr'><strong>quod</strong></span> <span class='ocrx_word' id='word_1_250' title='bbox 1897 3438 2003 3513; x_wconf 87' lang='lat' dir='ltr'><strong>facta</strong></span> 
     </span>
     <span class='ocr_line' id='line_1_27' title="bbox 412 3555 2002 3657; baseline -0.001 -23"><span class='ocrx_word' id='word_1_251' title='bbox 412 3559 633 3635; x_wconf 88' lang='lat' dir='ltr'><strong>extensione</strong></span> <span class='ocrx_word' id='word_1_252' title='bbox 646 3557 860 3657; x_wconf 89' lang='lat' dir='ltr'><strong>plenariam</strong></span> <span class='ocrx_word' id='word_1_253' title='bbox 872 3558 1049 3634; x_wconf 88' lang='lat' dir='ltr'><strong>seisinam</strong></span> <span class='ocrx_word' id='word_1_254' title='bbox 1060 3557 1199 3634; x_wconf 90' lang='lat' dir='ltr'><strong>habere</strong></span> <span class='ocrx_word' id='word_1_255' title='bbox 1214 3557 1360 3633; x_wconf 83' lang='lat' dir='ltr'><strong>lacias²²</strong></span> <span class='ocrx_word' id='word_1_256' title='bbox 1375 3557 1558 3656; x_wconf 79' lang='lat' dir='ltr'><strong>proedicto</strong></span> <span class='ocrx_word' id='word_1_257' title='bbox 1572 3558 1624 3632; x_wconf 96' lang='lat' dir='ltr'><strong>A.</strong></span> <span class='ocrx_word' id='word_1_258' title='bbox 1640 3558 1687 3634; x_wconf 92' lang='lat' dir='ltr'><strong>de</strong></span> <span class='ocrx_word' id='word_1_259' title='bbox 1701 3556 1876 3634; x_wconf 91' lang='lat' dir='ltr'><strong>omnibus</strong></span> <span class='ocrx_word' id='word_1_260' title='bbox 1889 3555 2002 3633; x_wconf 89' lang='lat' dir='ltr'><strong>terris</strong></span> 
     </span>
     <span class='ocr_line' id='line_1_28' title="bbox 411 3675 2003 3776; baseline -0.001 -24"><span class='ocrx_word' id='word_1_261' title='bbox 411 3686 589 3765; x_wconf 90' lang='lat' dir='ltr'><strong>etcetera,</strong></span> <span class='ocrx_word' id='word_1_262' title='bbox 606 3686 651 3753; x_wconf 95' lang='lat' dir='ltr'><strong>ut</strong></span> <span class='ocrx_word' id='word_1_263' title='bbox 668 3702 797 3775; x_wconf 90' lang='lat' dir='ltr'><strong>supra.</strong></span> <span class='ocrx_word' id='word_1_264' title='bbox 816 3675 1033 3776; x_wconf 84' lang='lat' dir='ltr'><strong>Exceptis²²</strong></span> <span class='ocrx_word' id='word_1_265' title='bbox 1049 3677 1161 3754; x_wconf 89' lang='lat' dir='ltr'><strong>terris</strong></span> <span class='ocrx_word' id='word_1_266' title='bbox 1178 3686 1355 3764; x_wconf 89' lang='lat' dir='ltr'><strong>etcetera,</strong></span> <span class='ocrx_word' id='word_1_267' title='bbox 1372 3685 1418 3753; x_wconf 93' lang='lat' dir='ltr'><strong>ut</strong></span> <span class='ocrx_word' id='word_1_268' title='bbox 1435 3675 1593 3775; x_wconf 84' lang='lat' dir='ltr'><strong>supra.²³</strong></span> <span class='ocrx_word' id='word_1_269' title='bbox 1610 3676 1669 3752; x_wconf 86' lang='lat' dir='ltr'><strong>Et</strong></span> <span class='ocrx_word' id='word_1_270' title='bbox 1686 3677 1789 3752; x_wconf 89' lang='lat' dir='ltr'><strong>unde</strong></span> <span class='ocrx_word' id='word_1_271' title='bbox 1807 3684 2003 3752; x_wconf 92' lang='lat' dir='ltr'><strong>ostensum</strong></span> 
     </span>
    </p>
   </div>
   <div class='ocr_carea' id='block_1_3' title="bbox 297 3794 2002 3895">
    <p class='ocr_par' dir='ltr' id='par_1_4' title="bbox 297 3794 2002 3895">
     <span class='ocr_line' id='line_1_29' title="bbox 297 3794 2002 3895; baseline -0.001 -23"><span class='ocrx_word' id='word_1_272' title='bbox 297 3801 301 3810; x_wconf 62' lang='lat'><em>⁴</em></span> <span class='ocrx_word' id='word_1_273' title='bbox 412 3805 470 3872; x_wconf 90' lang='lat' dir='ltr'><strong>est</strong></span> <span class='ocrx_word' id='word_1_274' title='bbox 487 3795 596 3872; x_wconf 89' lang='lat' dir='ltr'><strong>nobis</strong></span> <span class='ocrx_word' id='word_1_275' title='bbox 613 3821 661 3872; x_wconf 92' lang='lat' dir='ltr'><strong>ex</strong></span> <span class='ocrx_word' id='word_1_276' title='bbox 678 3804 791 3894; x_wconf 89' lang='lat' dir='ltr'><strong>parte</strong></span> <span class='ocrx_word' id='word_1_277' title='bbox 808 3795 980 3895; x_wconf 78' lang='lat' dir='ltr'><strong>predicti</strong></span> <span class='ocrx_word' id='word_1_278' title='bbox 997 3796 1049 3871; x_wconf 90' lang='lat' dir='ltr'><strong>A.</strong></span> <span class='ocrx_word' id='word_1_279' title='bbox 1069 3796 1171 3895; x_wconf 91' lang='lat' dir='ltr'><strong>quod</strong></span> <span class='ocrx_word' id='word_1_280' title='bbox 1189 3795 1362 3895; x_wconf 71' lang='lat' dir='ltr'><strong>predicti</strong></span> <span class='ocrx_word' id='word_1_281' title='bbox 1379 3795 1518 3871; x_wconf 86' lang='lat' dir='ltr'><strong>milites</strong></span> <span class='ocrx_word' id='word_1_282' title='bbox 1537 3794 1631 3870; x_wconf 88' lang='lat' dir='ltr'><strong>nibil</strong></span> <span class='ocrx_word' id='word_1_283' title='bbox 1649 3795 1737 3872; x_wconf 91' lang='lat' dir='ltr'><strong>inde</strong></span> <span class='ocrx_word' id='word_1_284' title='bbox 1757 3795 1944 3882; x_wconf 88' lang='lat' dir='ltr'><strong>fecerunt,</strong></span> <span class='ocrx_word' id='word_1_285' title='bbox 1962 3803 2002 3870; x_wconf 94' lang='lat' dir='ltr'><strong>et</strong></span> 
     </span>
    </p>
   </div>
   <div class='ocr_carea' id='block_1_4' title="bbox 410 3911 2003 4724">
    <p class='ocr_par' dir='ltr' id='par_1_5' title="bbox 410 3911 2003 4724">
     <span class='ocr_line' id='line_1_30' title="bbox 412 3911 2002 4013; baseline -0.001 -23"><span class='ocrx_word' id='word_1_286' title='bbox 412 3914 516 4012; x_wconf 92' lang='lat' dir='ltr'><strong>quod</strong></span> <span class='ocrx_word' id='word_1_287' title='bbox 529 3923 575 3990; x_wconf 92' lang='lat' dir='ltr'><strong>tu</strong></span> <span class='ocrx_word' id='word_1_288' title='bbox 589 3939 659 4012; x_wconf 92' lang='lat' dir='ltr'><strong>per</strong></span> <span class='ocrx_word' id='word_1_289' title='bbox 673 3914 949 4012; x_wconf 90' lang='lat' dir='ltr'><strong>negligentiam</strong></span> <span class='ocrx_word' id='word_1_290' title='bbox 963 3924 1072 3991; x_wconf 87' lang='lat' dir='ltr'><strong>tuam</strong></span> <span class='ocrx_word' id='word_1_291' title='bbox 1087 3913 1293 4012; x_wconf 90' lang='lat' dir='ltr'><strong>permisisti</strong></span> <span class='ocrx_word' id='word_1_292' title='bbox 1309 3914 1511 4013; x_wconf 80' lang='lat' dir='ltr'><strong>pradictos</strong></span> <span class='ocrx_word' id='word_1_293' title='bbox 1525 3914 1578 3989; x_wconf 92' lang='lat' dir='ltr'><strong>A.</strong></span> <span class='ocrx_word' id='word_1_294' title='bbox 1596 3922 1635 3989; x_wconf 93' lang='lat' dir='ltr'><strong>et</strong></span> <span class='ocrx_word' id='word_1_295' title='bbox 1651 3914 1699 3989; x_wconf 93' lang='grc' dir='ltr'><strong>Β.</strong></span> <span class='ocrx_word' id='word_1_296' title='bbox 1717 3911 1783 3989; x_wconf 80' lang='lat' dir='ltr'><strong>et²⁴</strong></span> <span class='ocrx_word' id='word_1_297' title='bbox 1799 3913 2002 4012; x_wconf 86' lang='lat' dir='ltr'><strong>praedictos</strong></span> 
     </span>
     <span class='ocr_line' id='line_1_31' title="bbox 411 4031 2003 4132; baseline -0.001 -24"><span class='ocrx_word' id='word_1_298' title='bbox 411 4031 549 4109; x_wconf 88' lang='lat' dir='ltr'><strong>milites</strong></span> <span class='ocrx_word' id='word_1_299' title='bbox 565 4032 739 4110; x_wconf 90' lang='lat' dir='ltr'><strong>recedere</strong></span> <span class='ocrx_word' id='word_1_300' title='bbox 754 4033 834 4108; x_wconf 91' lang='lat' dir='ltr'><strong>sine</strong></span> <span class='ocrx_word' id='word_1_301' title='bbox 848 4033 920 4121; x_wconf 92' lang='lat' dir='ltr'><strong>die,</strong></span> <span class='ocrx_word' id='word_1_302' title='bbox 936 4033 1091 4131; x_wconf 93' lang='lat' dir='ltr'><strong>negotio</strong></span> <span class='ocrx_word' id='word_1_303' title='bbox 1107 4035 1261 4132; x_wconf 90' lang='lat' dir='ltr'><strong>penitus</strong></span> <span class='ocrx_word' id='word_1_304' title='bbox 1276 4031 1460 4109; x_wconf 78' lang='lat' dir='ltr'><strong>iniecto.²³</strong></span> <span class='ocrx_word' id='word_1_305' title='bbox 1477 4032 1536 4109; x_wconf 88' lang='lat' dir='ltr'><strong>Et</strong></span> <span class='ocrx_word' id='word_1_306' title='bbox 1551 4032 1641 4130; x_wconf 91' lang='lat' dir='ltr'><strong>quia</strong></span> <span class='ocrx_word' id='word_1_307' title='bbox 1655 4033 1781 4108; x_wconf 89' lang='lat' dir='ltr'><strong>minus</strong></span> <span class='ocrx_word' id='word_1_308' title='bbox 1798 4031 2003 4130; x_wconf 90' lang='lat' dir='ltr'><strong>diligenter</strong></span> 
     </span>
     <span class='ocr_line' id='line_1_32' title="bbox 412 4149 2001 4249; baseline -0.002 -21"><span class='ocrx_word' id='word_1_309' title='bbox 412 4159 451 4228; x_wconf 91' lang='lat' dir='ltr'><strong>et</strong></span> <span class='ocrx_word' id='word_1_310' title='bbox 472 4152 599 4228; x_wconf 92' lang='lat' dir='ltr'><strong>minus</strong></span> <span class='ocrx_word' id='word_1_311' title='bbox 622 4152 783 4228; x_wconf 88' lang='lat' dir='ltr'><strong>discrete</strong></span> <span class='ocrx_word' id='word_1_312' title='bbox 803 4161 842 4228; x_wconf 90' lang='lat' dir='ltr'><strong>te</strong></span> <span class='ocrx_word' id='word_1_313' title='bbox 863 4162 955 4229; x_wconf 89' lang='lat' dir='ltr'><strong>tunc</strong></span> <span class='ocrx_word' id='word_1_314' title='bbox 977 4151 1143 4227; x_wconf 88' lang='lat' dir='ltr'><strong>habuisti</strong></span> <span class='ocrx_word' id='word_1_315' title='bbox 1165 4152 1205 4226; x_wconf 92' lang='lat' dir='ltr'><strong>in</strong></span> <span class='ocrx_word' id='word_1_316' title='bbox 1227 4151 1383 4248; x_wconf 91' lang='lat' dir='ltr'><strong>negotio</strong></span> <span class='ocrx_word' id='word_1_317' title='bbox 1404 4151 1482 4239; x_wconf 94' lang='lat' dir='ltr'><strong>illo,</strong></span> <span class='ocrx_word' id='word_1_318' title='bbox 1504 4151 1644 4226; x_wconf 90' lang='lat' dir='ltr'><strong>iterato</strong></span> <span class='ocrx_word' id='word_1_319' title='bbox 1666 4150 1737 4227; x_wconf 92' lang='lat' dir='ltr'><strong>tibi</strong></span> <span class='ocrx_word' id='word_1_320' title='bbox 1759 4149 2001 4249; x_wconf 79' lang='lat' dir='ltr'><strong>praecipimus</strong></span> 
     </span>
     <span class='ocr_line' id='line_1_33' title="bbox 412 4269 2002 4370; baseline -0.003 -22"><span class='ocrx_word' id='word_1_321' title='bbox 412 4273 509 4350; x_wconf 89' lang='lat' dir='ltr'><strong>sicut</strong></span> <span class='ocrx_word' id='word_1_322' title='bbox 526 4281 619 4348; x_wconf 90' lang='lat' dir='ltr'><strong>tunc</strong></span> <span class='ocrx_word' id='word_1_323' title='bbox 632 4271 704 4347; x_wconf 88' lang='lat' dir='ltr'><strong>tibi</strong></span> <span class='ocrx_word' id='word_1_324' title='bbox 722 4271 984 4370; x_wconf 77' lang='lat' dir='ltr'><strong>praecepimuS,</strong></span> <span class='ocrx_word' id='word_1_325' title='bbox 1003 4271 1106 4369; x_wconf 93' lang='lat' dir='ltr'><strong>quod</strong></span> <span class='ocrx_word' id='word_1_326' title='bbox 1123 4271 1163 4345; x_wconf 93' lang='lat' dir='ltr'><strong>in</strong></span> <span class='ocrx_word' id='word_1_327' title='bbox 1181 4270 1257 4346; x_wconf 90' lang='lat' dir='ltr'><strong>fide</strong></span> <span class='ocrx_word' id='word_1_328' title='bbox 1275 4295 1351 4367; x_wconf 89' lang='lat' dir='ltr'><strong>qua</strong></span> <span class='ocrx_word' id='word_1_329' title='bbox 1369 4269 1477 4345; x_wconf 93' lang='lat' dir='ltr'><strong>nobis</strong></span> <span class='ocrx_word' id='word_1_330' title='bbox 1495 4277 1672 4357; x_wconf 90' lang='lat' dir='ltr'><strong>etcetera,</strong></span> <span class='ocrx_word' id='word_1_331' title='bbox 1692 4269 1741 4344; x_wconf 91' lang='lat' dir='ltr'><strong>sis</strong></span> <span class='ocrx_word' id='word_1_332' title='bbox 1760 4269 1865 4367; x_wconf 91' lang='lat' dir='ltr'><strong>apud</strong></span> <span class='ocrx_word' id='word_1_333' title='bbox 1884 4269 2002 4345; x_wconf 87' lang='lat' dir='ltr'><strong>talem</strong></span> 
     </span>
     <span class='ocr_line' id='line_1_34' title="bbox 410 4387 2001 4487; baseline 0 -23"><span class='ocrx_word' id='word_1_334' title='bbox 410 4389 538 4467; x_wconf 90' lang='lat' dir='ltr'><strong>locum</strong></span> <span class='ocrx_word' id='word_1_335' title='bbox 555 4390 624 4466; x_wconf 90' lang='lat' dir='ltr'><strong>tali</strong></span> <span class='ocrx_word' id='word_1_336' title='bbox 639 4389 701 4466; x_wconf 94' lang='lat' dir='ltr'><strong>die</strong></span> <span class='ocrx_word' id='word_1_337' title='bbox 717 4398 895 4477; x_wconf 89' lang='lat' dir='ltr'><strong>etcetera,</strong></span> <span class='ocrx_word' id='word_1_338' title='bbox 912 4398 956 4464; x_wconf 93' lang='lat' dir='ltr'><strong>ut</strong></span> <span class='ocrx_word' id='word_1_339' title='bbox 973 4413 1102 4487; x_wconf 91' lang='lat' dir='ltr'><strong>supra.</strong></span> <span class='ocrx_word' id='word_1_340' title='bbox 1120 4388 1227 4465; x_wconf 84' lang='lat' dir='ltr'><strong>Etsi</strong></span> <span class='ocrx_word' id='word_1_341' title='bbox 1245 4388 1380 4486; x_wconf 90' lang='lat' dir='ltr'><strong>aliquis</strong></span> <span class='ocrx_word' id='word_1_342' title='bbox 1398 4413 1446 4462; x_wconf 89' lang='lat' dir='ltr'><strong>ex</strong></span> <span class='ocrx_word' id='word_1_343' title='bbox 1464 4387 1655 4487; x_wconf 86' lang='lat' dir='ltr'><strong>praedictis</strong></span> <span class='ocrx_word' id='word_1_344' title='bbox 1672 4387 1856 4464; x_wconf 92' lang='lat' dir='ltr'><strong>militibus</strong></span> <span class='ocrx_word' id='word_1_345' title='bbox 1874 4387 2001 4464; x_wconf 87' lang='lat' dir='ltr'><strong>electis</strong></span> 
     </span>
     <span class='ocr_line' id='line_1_35' title="bbox 412 4506 2002 4607; baseline -0.002 -24"><span class='ocrx_word' id='word_1_346' title='bbox 412 4534 460 4584; x_wconf 92' lang='lat' dir='ltr'><strong>ex</strong></span> <span class='ocrx_word' id='word_1_347' title='bbox 479 4517 592 4607; x_wconf 88' lang='lat' dir='ltr'><strong>parte</strong></span> <span class='ocrx_word' id='word_1_348' title='bbox 610 4507 768 4584; x_wconf 90' lang='lat' dir='ltr'><strong>alicuius</strong></span> <span class='ocrx_word' id='word_1_349' title='bbox 786 4507 1057 4605; x_wconf 88' lang='lat' dir='ltr'><strong>praedictorum</strong></span> <span class='ocrx_word' id='word_1_350' title='bbox 1075 4507 1129 4582; x_wconf 92' lang='lat' dir='ltr'><strong>A.</strong></span> <span class='ocrx_word' id='word_1_351' title='bbox 1150 4513 1189 4582; x_wconf 89' lang='lat' dir='ltr'><strong>ct</strong></span> <span class='ocrx_word' id='word_1_352' title='bbox 1209 4506 1257 4582; x_wconf 94' lang='grc' dir='ltr'><strong>Β.</strong></span> <span class='ocrx_word' id='word_1_353' title='bbox 1279 4507 1328 4582; x_wconf 91' lang='lat' dir='ltr'><strong>ad</strong></span> <span class='ocrx_word' id='word_1_354' title='bbox 1348 4506 1575 4606; x_wconf 81' lang='lat' dir='ltr'><strong>praedictum</strong></span> <span class='ocrx_word' id='word_1_355' title='bbox 1595 4506 1696 4582; x_wconf 92' lang='lat' dir='ltr'><strong>diem</strong></span> <span class='ocrx_word' id='word_1_356' title='bbox 1715 4530 1845 4581; x_wconf 88' lang='lat' dir='ltr'><strong>coram</strong></span> <span class='ocrx_word' id='word_1_357' title='bbox 1864 4515 1904 4582; x_wconf 89' lang='lat' dir='ltr'><strong>te</strong></span> <span class='ocrx_word' id='word_1_358' title='bbox 1923 4531 2002 4581; x_wconf 93' lang='lat' dir='ltr'><strong>non</strong></span> 
     </span>
     <span class='ocr_line' id='line_1_36' title="bbox 412 4623 2002 4724; baseline -0.002 -22"><span class='ocrx_word' id='word_1_359' title='bbox 412 4627 598 4714; x_wconf 88' lang='lat' dir='ltr'><strong>venerint,</strong></span> <span class='ocrx_word' id='word_1_360' title='bbox 616 4635 709 4702; x_wconf 89' lang='lat' dir='ltr'><strong>tunc</strong></span> <span class='ocrx_word' id='word_1_361' title='bbox 727 4625 819 4701; x_wconf 89' lang='lat' dir='ltr'><strong>alios</strong></span> <span class='ocrx_word' id='word_1_362' title='bbox 837 4649 959 4724; x_wconf 89' lang='lat' dir='ltr'><strong>ponas</strong></span> <span class='ocrx_word' id='word_1_363' title='bbox 975 4625 1059 4701; x_wconf 94' lang='lat' dir='ltr'><strong>loco</strong></span> <span class='ocrx_word' id='word_1_364' title='bbox 1075 4623 1257 4700; x_wconf 79' lang='lat' dir='ltr'><strong>illorum²⁰</strong></span> <span class='ocrx_word' id='word_1_365' title='bbox 1276 4626 1325 4701; x_wconf 95' lang='lat' dir='ltr'><strong>ad</strong></span> <span class='ocrx_word' id='word_1_366' title='bbox 1343 4625 1604 4702; x_wconf 91' lang='lat' dir='ltr'><strong>extensionem</strong></span> <span class='ocrx_word' id='word_1_367' title='bbox 1622 4635 1661 4700; x_wconf 90' lang='lat' dir='ltr'><strong>et</strong></span> <span class='ocrx_word' id='word_1_368' title='bbox 1679 4625 2002 4724; x_wconf 88' lang='lat' dir='ltr'><strong>appretiationem</strong></span> 
     </span>
    </p>
   </div>
   <div class='ocr_carea' id='block_1_5' title="bbox 411 4791 2004 5476">
    <p class='ocr_par' dir='ltr' id='par_1_6' title="bbox 411 4791 2004 5476">
     <span class='ocr_line' id='line_1_37' title="bbox 413 4791 2002 4872; baseline -0.002 -18"><span class='ocrx_word' id='word_1_369' title='bbox 413 4793 592 4872; x_wconf 62' lang='lat' dir='ltr'><strong>”possunt</strong></span> <span class='ocrx_word' id='word_1_370' title='bbox 617 4792 684 4868; x_wconf 89' lang='lat' dir='ltr'><strong>LA,</strong></span> <span class='ocrx_word' id='word_1_371' title='bbox 709 4793 783 4868; x_wconf 89' lang='lat' dir='ltr'><strong>MC,</strong></span> <span class='ocrx_word' id='word_1_372' title='bbox 808 4793 852 4866; x_wconf 89' lang='lat' dir='ltr'><strong>V;</strong></span> <span class='ocrx_word' id='word_1_373' title='bbox 877 4797 988 4871; x_wconf 86' lang='lat' dir='ltr'><strong>possit,</strong></span> <span class='ocrx_word' id='word_1_374' title='bbox 1013 4793 1087 4854; x_wconf 88' lang='lat' dir='ltr'><strong>MA.</strong></span> <span class='ocrx_word' id='word_1_375' title='bbox 1134 4791 1205 4854; x_wconf 77' lang='lat' dir='ltr'><strong>¹&#39;et</strong></span> <span class='ocrx_word' id='word_1_376' title='bbox 1229 4795 1405 4868; x_wconf 86' lang='lat' dir='ltr'><strong>vicecomes,</strong></span> <span class='ocrx_word' id='word_1_377' title='bbox 1431 4792 1500 4866; x_wconf 93' lang='lat' dir='ltr'><strong>OB,</strong></span> <span class='ocrx_word' id='word_1_378' title='bbox 1526 4793 1602 4866; x_wconf 92' lang='lat' dir='ltr'><strong>MA,</strong></span> <span class='ocrx_word' id='word_1_379' title='bbox 1628 4794 1704 4854; x_wconf 93' lang='lat' dir='ltr'><strong>MB.</strong></span> <span class='ocrx_word' id='word_1_380' title='bbox 1752 4791 1898 4868; x_wconf 56' lang='grc' dir='ltr'><strong>14ίιιιιιίι,</strong></span> <span class='ocrx_word' id='word_1_381' title='bbox 1925 4791 2002 4868; x_wconf 89' lang='lat' dir='ltr'><strong>MG,</strong></span> 
     </span>
     <span class='ocr_line' id='line_1_38' title="bbox 413 4891 2003 4974; baseline 0 -20"><span class='ocrx_word' id='word_1_382' title='bbox 413 4894 453 4969; x_wconf 92' lang='lat' dir='ltr'><strong>Y,</strong></span> <span class='ocrx_word' id='word_1_383' title='bbox 475 4895 549 4970; x_wconf 85' lang='lat' dir='ltr'><strong>CM,</strong></span> <span class='ocrx_word' id='word_1_384' title='bbox 572 4893 610 4954; x_wconf 89' lang='lat' dir='ltr'><strong>V.</strong></span> <span class='ocrx_word' id='word_1_385' title='bbox 654 4891 727 4955; x_wconf 66' lang='grc' dir='ltr'><strong>ι’ἰιι</strong></span> <span class='ocrx_word' id='word_1_386' title='bbox 749 4892 961 4969; x_wconf 86' lang='lat' dir='ltr'><strong>extenderent,</strong></span> <span class='ocrx_word' id='word_1_387' title='bbox 983 4894 1053 4972; x_wconf 89' lang='lat' dir='ltr'><strong>OB,</strong></span> <span class='ocrx_word' id='word_1_388' title='bbox 1076 4895 1153 4969; x_wconf 80' lang='lat' dir='ltr'><strong>MA,</strong></span> <span class='ocrx_word' id='word_1_389' title='bbox 1176 4895 1254 4970; x_wconf 85' lang='lat' dir='ltr'><strong>MB,</strong></span> <span class='ocrx_word' id='word_1_390' title='bbox 1277 4894 1343 4971; x_wconf 85' lang='lat' dir='ltr'><strong>CB,</strong></span> <span class='ocrx_word' id='word_1_391' title='bbox 1366 4895 1407 4971; x_wconf 89' lang='lat' dir='ltr'><strong>Y,</strong></span> <span class='ocrx_word' id='word_1_392' title='bbox 1431 4894 1514 4968; x_wconf 89' lang='lat' dir='ltr'><strong>MG;</strong></span> <span class='ocrx_word' id='word_1_393' title='bbox 1539 4893 1740 4957; x_wconf 82' lang='lat' dir='ltr'><strong>extenderent</strong></span> <span class='ocrx_word' id='word_1_394' title='bbox 1763 4896 1821 4956; x_wconf 82' lang='lat' dir='ltr'><strong>tali</strong></span> <span class='ocrx_word' id='word_1_395' title='bbox 1845 4895 1896 4956; x_wconf 91' lang='lat' dir='ltr'><strong>die</strong></span> <span class='ocrx_word' id='word_1_396' title='bbox 1919 4893 2003 4974; x_wconf 86' lang='lat' dir='ltr'><strong>apud</strong></span> 
     </span>
     <span class='ocr_line' id='line_1_39' title="bbox 411 4993 2001 5073; baseline -0.001 -16"><span class='ocrx_word' id='word_1_397' title='bbox 411 4996 506 5057; x_wconf 82' lang='lat' dir='ltr'><strong>talem</strong></span> <span class='ocrx_word' id='word_1_398' title='bbox 520 4996 630 5070; x_wconf 89' lang='lat' dir='ltr'><strong>locum,</strong></span> <span class='ocrx_word' id='word_1_399' title='bbox 644 4997 713 5069; x_wconf 92' lang='lat' dir='ltr'><strong>OB,</strong></span> <span class='ocrx_word' id='word_1_400' title='bbox 729 4999 804 5071; x_wconf 90' lang='grc' dir='ltr'><strong>ΜΒ,</strong></span> <span class='ocrx_word' id='word_1_401' title='bbox 819 4999 885 5057; x_wconf 90' lang='lat' dir='ltr'><strong>MA</strong></span> <span class='ocrx_word' id='word_1_402' title='bbox 902 4996 962 5073; x_wconf 88' lang='grc'><strong>(-</strong></span> <span class='ocrx_word' id='word_1_403' title='bbox 971 4995 1094 5073; x_wconf 87' lang='lat' dir='ltr'><strong>talem).</strong></span> <span class='ocrx_word' id='word_1_404' title='bbox 1132 4993 1159 5029; x_wconf 82' lang='lat'><strong>²⁸</strong></span> <span class='ocrx_word' id='word_1_405' title='bbox 1170 4997 1251 5070; x_wconf 89' lang='lat' dir='ltr'><strong>0m.,</strong></span> <span class='ocrx_word' id='word_1_406' title='bbox 1267 4997 1344 5073; x_wconf 91' lang='lat' dir='ltr'><strong>MG,</strong></span> <span class='ocrx_word' id='word_1_407' title='bbox 1360 4997 1398 5057; x_wconf 91' lang='lat' dir='ltr'><strong>V.</strong></span> <span class='ocrx_word' id='word_1_408' title='bbox 1436 4995 1461 5030; x_wconf 85' lang='lat'><strong>¹⁷</strong></span> <span class='ocrx_word' id='word_1_409' title='bbox 1473 4994 1553 5072; x_wconf 84' lang='lat' dir='ltr'><strong>Om,</strong></span> <span class='ocrx_word' id='word_1_410' title='bbox 1569 4996 1637 5070; x_wconf 92' lang='lat' dir='ltr'><strong>OA,</strong></span> <span class='ocrx_word' id='word_1_411' title='bbox 1655 4995 1721 5070; x_wconf 91' lang='lat' dir='ltr'><strong>LA,</strong></span> <span class='ocrx_word' id='word_1_412' title='bbox 1736 4997 1809 5069; x_wconf 70' lang='grc' dir='ltr'><strong>Οὓς</strong></span> <span class='ocrx_word' id='word_1_413' title='bbox 1826 4995 1911 5073; x_wconf 84' lang='lat' dir='ltr'><strong>villa,</strong></span> <span class='ocrx_word' id='word_1_414' title='bbox 1929 4996 2001 5056; x_wconf 89' lang='lat' dir='ltr'><strong>CM.</strong></span> 
     </span>
     <span class='ocr_line' id='line_1_40' title="bbox 412 5093 2003 5174; baseline 0.001 -18"><span class='ocrx_word' id='word_1_415' title='bbox 412 5095 439 5132; x_wconf 81' lang='lat'><strong>¹⁸</strong></span> <span class='ocrx_word' id='word_1_416' title='bbox 451 5097 532 5171; x_wconf 90' lang='lat' dir='ltr'><strong>Om.,</strong></span> <span class='ocrx_word' id='word_1_417' title='bbox 546 5095 615 5171; x_wconf 92' lang='lat' dir='ltr'><strong>OB,</strong></span> <span class='ocrx_word' id='word_1_418' title='bbox 631 5098 707 5158; x_wconf 94' lang='lat' dir='ltr'><strong>MB.</strong></span> <span class='ocrx_word' id='word_1_419' title='bbox 743 5095 770 5131; x_wconf 75' lang='lat'><strong>¹⁹</strong></span> <span class='ocrx_word' id='word_1_420' title='bbox 781 5093 930 5159; x_wconf 83' lang='lat' dir='ltr'><strong>militibus</strong></span> <span class='ocrx_word' id='word_1_421' title='bbox 945 5094 1029 5174; x_wconf 82' lang='lat' dir='ltr'><strong>inde,</strong></span> <span class='ocrx_word' id='word_1_422' title='bbox 1043 5093 1112 5173; x_wconf 92' lang='lat' dir='ltr'><strong>OA,</strong></span> <span class='ocrx_word' id='word_1_423' title='bbox 1128 5093 1196 5171; x_wconf 88' lang='lat' dir='ltr'><strong>OC,</strong></span> <span class='ocrx_word' id='word_1_424' title='bbox 1210 5096 1278 5170; x_wconf 92' lang='lat' dir='ltr'><strong>LA,</strong></span> <span class='ocrx_word' id='word_1_425' title='bbox 1295 5098 1367 5159; x_wconf 86' lang='lat' dir='ltr'><strong>MC.</strong></span> <span class='ocrx_word' id='word_1_426' title='bbox 1405 5093 1524 5174; x_wconf 82' lang='lat' dir='ltr'><strong>²⁰Om.,</strong></span> <span class='ocrx_word' id='word_1_427' title='bbox 1541 5098 1610 5172; x_wconf 95' lang='lat' dir='ltr'><strong>OB,</strong></span> <span class='ocrx_word' id='word_1_428' title='bbox 1627 5098 1703 5173; x_wconf 91' lang='lat' dir='ltr'><strong>MA,</strong></span> <span class='ocrx_word' id='word_1_429' title='bbox 1720 5098 1795 5160; x_wconf 91' lang='lat' dir='ltr'><strong>MB.</strong></span> <span class='ocrx_word' id='word_1_430' title='bbox 1834 5095 1860 5132; x_wconf 80' lang='lat'><strong>²²</strong></span> <span class='ocrx_word' id='word_1_431' title='bbox 1873 5097 2003 5171; x_wconf 84' lang='lat' dir='ltr'><strong>faceres,</strong></span> 
     </span>
     <span class='ocr_line' id='line_1_41' title="bbox 412 5196 2003 5275; baseline -0.001 -15"><span class='ocrx_word' id='word_1_432' title='bbox 412 5198 482 5274; x_wconf 89' lang='lat' dir='ltr'><strong>OA,</strong></span> <span class='ocrx_word' id='word_1_433' title='bbox 499 5197 567 5274; x_wconf 90' lang='lat' dir='ltr'><strong>LA,</strong></span> <span class='ocrx_word' id='word_1_434' title='bbox 586 5199 666 5272; x_wconf 88' lang='lat' dir='ltr'><strong>MC;</strong></span> <span class='ocrx_word' id='word_1_435' title='bbox 685 5198 793 5275; x_wconf 66' lang='lat' dir='ltr'><strong>facia,</strong></span> <span class='ocrx_word' id='word_1_436' title='bbox 811 5198 878 5261; x_wconf 89' lang='lat' dir='ltr'><strong>OC.</strong></span> <span class='ocrx_word' id='word_1_437' title='bbox 919 5197 984 5232; x_wconf 81' lang='lat'>²²²²²</span> <span class='ocrx_word' id='word_1_438' title='bbox 996 5199 1077 5272; x_wconf 73' lang='lat' dir='ltr'><strong>Oua,</strong></span> <span class='ocrx_word' id='word_1_439' title='bbox 1096 5199 1166 5274; x_wconf 92' lang='lat' dir='ltr'><strong>OB,</strong></span> <span class='ocrx_word' id='word_1_440' title='bbox 1186 5198 1262 5272; x_wconf 93' lang='lat' dir='ltr'><strong>MA,</strong></span> <span class='ocrx_word' id='word_1_441' title='bbox 1281 5199 1357 5260; x_wconf 92' lang='lat' dir='ltr'><strong>MB.</strong></span> <span class='ocrx_word' id='word_1_442' title='bbox 1397 5196 1423 5231; x_wconf 82' lang='lat'><strong>²⁴</strong></span> <span class='ocrx_word' id='word_1_443' title='bbox 1435 5197 1515 5274; x_wconf 90' lang='lat' dir='ltr'><strong>Om.,</strong></span> <span class='ocrx_word' id='word_1_444' title='bbox 1534 5199 1604 5273; x_wconf 93' lang='lat' dir='ltr'><strong>OB,</strong></span> <span class='ocrx_word' id='word_1_445' title='bbox 1624 5199 1700 5274; x_wconf 90' lang='lat' dir='ltr'><strong>MA,</strong></span> <span class='ocrx_word' id='word_1_446' title='bbox 1721 5200 1796 5259; x_wconf 94' lang='lat' dir='ltr'><strong>MB.</strong></span> <span class='ocrx_word' id='word_1_447' title='bbox 1838 5197 2003 5273; x_wconf 60' lang='lat' dir='ltr'><strong>”infecta</strong></span> 
     </span>
     <span class='ocr_line' id='line_1_42' title="bbox 412 5297 2004 5378; baseline 0 -18"><span class='ocrx_word' id='word_1_448' title='bbox 412 5297 481 5375; x_wconf 90' lang='lat' dir='ltr'><strong>OA,</strong></span> <span class='ocrx_word' id='word_1_449' title='bbox 498 5299 565 5375; x_wconf 92' lang='lat' dir='ltr'><strong>LA,</strong></span> <span class='ocrx_word' id='word_1_450' title='bbox 581 5300 655 5376; x_wconf 87' lang='lat' dir='ltr'><strong>MC,</strong></span> <span class='ocrx_word' id='word_1_451' title='bbox 671 5299 738 5374; x_wconf 88' lang='lat' dir='ltr'><strong>CB,</strong></span> <span class='ocrx_word' id='word_1_452' title='bbox 754 5299 783 5360; x_wconf 89' lang='lat' dir='ltr'>V</span> <span class='ocrx_word' id='word_1_453' title='bbox 790 5323 799 5374; x_wconf 89' lang='lat'>;</span> <span class='ocrx_word' id='word_1_454' title='bbox 816 5319 878 5360; x_wconf 89' lang='lat' dir='ltr'><strong>non</strong></span> <span class='ocrx_word' id='word_1_455' title='bbox 895 5299 992 5376; x_wconf 80' lang='lat' dir='ltr'><strong>facto,</strong></span> <span class='ocrx_word' id='word_1_456' title='bbox 1007 5300 1081 5374; x_wconf 72' lang='lat'><strong>003</strong></span> <span class='ocrx_word' id='word_1_457' title='bbox 1098 5299 1292 5378; x_wconf 56' lang='lat' dir='ltr'><strong>imfflrfecto,</strong></span> <span class='ocrx_word' id='word_1_458' title='bbox 1309 5301 1378 5375; x_wconf 93' lang='lat' dir='ltr'><strong>OB,</strong></span> <span class='ocrx_word' id='word_1_459' title='bbox 1396 5300 1473 5374; x_wconf 90' lang='lat' dir='ltr'><strong>MA,</strong></span> <span class='ocrx_word' id='word_1_460' title='bbox 1489 5301 1566 5376; x_wconf 91' lang='lat' dir='ltr'><strong>MB,</strong></span> <span class='ocrx_word' id='word_1_461' title='bbox 1584 5301 1662 5378; x_wconf 89' lang='lat' dir='ltr'><strong>MG,</strong></span> <span class='ocrx_word' id='word_1_462' title='bbox 1680 5301 1720 5376; x_wconf 93' lang='lat' dir='ltr'><strong>Y,</strong></span> <span class='ocrx_word' id='word_1_463' title='bbox 1739 5301 1812 5362; x_wconf 90' lang='lat' dir='ltr'><strong>CM.</strong></span> <span class='ocrx_word' id='word_1_464' title='bbox 1851 5298 1878 5333; x_wconf 81' lang='lat'><strong>¹⁸</strong></span> <span class='ocrx_word' id='word_1_465' title='bbox 1890 5311 2004 5375; x_wconf 81' lang='lat' dir='ltr'><strong>aarum,</strong></span> 
     </span>
     <span class='ocr_line' id='line_1_43' title="bbox 413 5401 828 5476; baseline -0.002 -13"><span class='ocrx_word' id='word_1_466' title='bbox 413 5402 482 5475; x_wconf 93' lang='lat' dir='ltr'><strong>OA,</strong></span> <span class='ocrx_word' id='word_1_467' title='bbox 497 5403 563 5474; x_wconf 89' lang='lat' dir='ltr'><strong>LA,</strong></span> <span class='ocrx_word' id='word_1_468' title='bbox 578 5402 657 5475; x_wconf 89' lang='lat' dir='ltr'><strong>MC;</strong></span> <span class='ocrx_word' id='word_1_469' title='bbox 672 5406 748 5476; x_wconf 84' lang='lat' dir='ltr'><strong>eiua,</strong></span> <span class='ocrx_word' id='word_1_470' title='bbox 762 5401 828 5462; x_wconf 88' lang='lat' dir='ltr'><strong>OC.</strong></span> 
     </span>
    </p>
   </div>
   <div class='ocr_carea' id='block_1_6' title="bbox 0 0 2220 6340">
    <p class='ocr_par' dir='ltr' id='par_1_7' title="bbox 0 0 2220 6340">
     <span class='ocr_line' id='line_1_44' title="bbox 0 0 2220 6340; baseline 0 0"><span class='ocrx_word' id='word_1_471' title='bbox 0 0 2220 6340; x_wconf 95' lang='lat' dir='ltr'><strong> </strong></span> 
     </span>
    </p>
   </div>
  </div>
 </body>
</html>
