4392 6352
855 440 916 501 nn
938 440 1212 504 aenomaus
1758 450 1831 519 321

244 585 297 663 cit
314 590 418 687 quod
436 614 654 686 regressum
672 615 750 666 non
768 591 906 668 habeat
926 592 976 667 ad
996 593 1163 669 actiones
1182 593 1394 680 inferiores,
1416 594 1507 691 quia
1524 602 1618 670 tunc
1637 593 1834 693 inceptum

245 715 303 782 est
317 706 504 805 placitum
520 732 608 784 cum
624 708 767 784 effectu
783 735 855 808 per
871 710 984 786 breve
1000 712 1048 786 de
1065 718 1180 786 recto
1198 711 1370 800 Quidam
1387 720 1516 788 autem
1532 711 1665 787 dicunt
1682 723 1832 788 contra-

243 827 355 915 rium,
377 828 481 926 quod
502 837 660 904 nonest
681 828 878 927 inceptum
898 853 986 905 cum
1007 829 1150 906 effectu
1173 839 1380 928 antequam
1403 831 1656 907 summonitus
1679 855 1833 929 eompa-

243 945 364 1022 ruerit
378 955 417 1022 et
433 947 482 1022 ad
498 946 612 1022 breve
627 945 896 1045 responderit²⁰
911 947 972 1023 vel
987 958 1204 1025 warantum
1219 949 1412 1024 vocaverit
1427 949 1488 1024 vel
1504 948 1665 1025 ulterius
1683 974 1833 1047 proces·

244 1054 347 1140 serit.
368 1063 446 1139 Sed
463 1090 614 1140 revera
631 1064 796 1142 sufficit²²
816 1066 848 1140 si
864 1066 934 1141 fiat
950 1076 996 1143 ut
1013 1066 1138 1165 primo
1157 1066 1303 1143 dictum
1320 1076 1389 1143 est.
1409 1067 1468 1144 Et
1486 1067 1564 1142 haec
1582 1094 1673 1144 vera
1692 1077 1783 1143 sunt
1803 1067 1834 1144 si

244 1181 358 1258 breve
378 1208 449 1281 per
470 1183 573 1282 quod
593 1184 693 1260 actio
713 1183 868 1283 incepta
888 1193 946 1261 est
966 1194 1098 1262 teneat
1118 1187 1159 1259 iu
1180 1212 1250 1262 suo
1270 1211 1373 1261 casu.
1396 1186 1457 1263 Ut
1480 1185 1538 1263 si²²
1560 1187 1680 1262 assisa
1698 1185 1833 1262 mortis

244 1303 491 1380 antecessoris
504 1304 712 1403 impetrata
727 1305 846 1380 fuerit
859 1314 898 1381 et
912 1329 991 1380 non
1004 1305 1163 1382 iacuerit
1177 1305 1277 1380 inter
1290 1314 1432 1403 partes,
1447 1330 1520 1404 pro
1534 1330 1613 1381 non
1626 1305 1836 1404 impetrata

243 1420 499 1521 reputabitur,
512 1429 552 1497 et
563 1422 650 1498 ideo
663 1423 890 1499 descendere
904 1424 1049 1521 poterit
1062 1432 1197 1522 petens
1211 1425 1261 1499 ad
1275 1423 1432 1499 assisam
1444 1448 1553 1497 novae
1567 1423 1770 1500 disseisinae
1785 1423 1834 1499 ad

244 1538 422 1616 seisinam
434 1541 635 1639 propriam
648 1541 991 1639 recuperandam.²³
1007 1543 1159 1618 Eodem
1174 1543 1289 1618 modo
1302 1543 1457 1619 videtur
1471 1544 1575 1640 quod
1588 1568 1670 1620 esse
1685 1543 1834 1631 debeat,

241 1660 276 1737 si
290 1661 373 1760 quis
387 1687 479 1737 usus
494 1661 613 1736 fuerit
626 1670 665 1737 et
679 1660 944 1759 impetraverit
958 1686 1124 1759 parvum
1138 1661 1252 1736 breve
1268 1662 1315 1736 de
1331 1670 1435 1738 recto
1451 1662 1661 1737 secundum
1677 1686 1833 1738 consue·

242 1778 418 1855 tudinem
430 1778 589 1854 manerii
604 1779 748 1854 domini
761 1779 874 1876 regis,
887 1779 954 1854 ubi
967 1780 1192 1878 impetrasse
1207 1780 1338 1857 debuit
1352 1804 1539 1877 magnum
1553 1781 1667 1856 breve
1683 1789 1832 1879 patens.

246 1897 289 1971 Si
306 1922 352 1972 eo
369 1895 532 1973 utatur²⁴
550 1895 794 1973 nihilominus
812 1923 1030 1995 regressum
1047 1897 1201 1974 habebit
1221 1899 1272 1974 ad
1291 1896 1404 1975 breve
1422 1924 1609 1997 magnum
1629 1899 1679 1974 ad
1699 1907 1832 1996 peten-

244 2017 338 2093 dum
355 2017 518 2094 liberum
535 2026 809 2106 tenementum,
829 2025 867 2092 et
885 2044 906 2092 e
923 2017 1127 2093 contrario.
1148 2017 1254 2106 Quia
1270 2042 1357 2093 cum
1375 2017 1416 2092 in
1434 2043 1503 2093 suo
1522 2040 1612 2093 casu
1631 2042 1711 2092 non
1729 2015 1832 2093 sint²⁸

244 2136 463 2235 impetrata,
482 2136 568 2211 ideo
586 2136 704 2212 nulla.
728 2136 770 2212 Si
789 2144 919 2212 autem
936 2145 1101 2233 utraque
1120 2135 1220 2212 actio
1240 2136 1405 2211 duorum
1424 2160 1555 2211 versus
1575 2161 1697 2212 unum
1717 2161 1834 2234 super

243 2255 494 2355 proprietate,
521 2263 560 2330 et
585 2255 650 2331 ubi
676 2264 838 2353 uterque
865 2279 980 2352 agere
1005 2253 1176 2353 poterit²⁰
1203 2264 1285 2331 tam
1311 2279 1428 2352 super
1454 2255 1689 2352 possessione
1717 2279 1834 2351 quam

243 2401 360 2473 super
375 2374 625 2473 proprietate,
641 2375 708 2450 sed
723 2373 872 2450 ratione
888 2374 1126 2450 diversorum
1141 2383 1362 2472 temporum
1378 2398 1529 2471 semper
1546 2374 1593 2449 de
1609 2371 1746 2448 ultima
1763 2371 1833 2448 sei·

243 2494 352 2571 sina²⁷
370 2494 478 2594 prius
495 2494 568 2571 erit
583 2493 901 2592 cognoscendum.
919 2493 977 2569 Et
994 2493 1024 2569 si
1041 2492 1089 2569 de
1104 2491 1242 2568 ultima
1258 2491 1395 2597 seisina
1410 2500 1587 2568 constare
1603 2514 1682 2566 non
1698 2490 1832 2590 possit,

241 2621 335 2688 tunc
350 2614 575 2689 observetur
589 2613 694 2710 quod
708 2612 847 2688 dicitur
862 2609 992 2711 quod²⁸
1009 2611 1073 2709 qui
1089 2609 1197 2709 prius
1213 2610 1387 2709 appellat
1403 2609 1511 2709 prius
1528 2618 1632 2707 agat.
1652 2607 1833 2701 <Item¹⁹

241 2730 375 2808 incidit
394 2732 624 2830 quandoque
644 2730 802 2830 quaestio
821 2730 1070 2829 proprietatis
1090 2730 1131 2805 in
1150 2729 1339 2806 actionem
1359 2729 1591 2805 intentatam
1612 2753 1728 2827 super
1747 2727 1834 2826 ipsa

242 2852 489 2952 possessione,
511 2850 589 2927 sive
610 2849 887 2948 possessorium
907 2849 1121 2925 intentetur
1143 2873 1259 2923 causa
1279 2846 1550 2945 recuperandae
1573 2846 1831 2945 possessionis,

243 2971 340 3047 sicut
357 2970 398 3044 in
415 2968 533 3046 assisa
550 2993 657 3045 novae
675 2966 889 3056 disseisinae,
909 2968 970 3042 vel
989 2965 1241 3064 adispicendae
1260 2964 1518 3064 possessionis,
1538 2965 1636 3041 sicut
1655 2964 1696 3039 in
1715 2963 1832 3041 assisa

241 3091 375 3168 mortis
396 3089 655 3166 antecessoris.
677 3088 735 3165 Et
755 3113 832 3186 quo
851 3111 942 3162 casu
964 3085 1077 3162 simul
1099 3085 1328 3185 quandoque
1349 3082 1592 3161 intentatur⁸⁰
1613 3083 1832 3182 proprietas

241 3235 329 3286 cum
352 3209 533 3308 petitorio
555 3207 695 3283 iudicio
718 3207 846 3305 quoad
870 3205 1128 3303 cognitionem
1151 3203 1398 3303 possessionis
1423 3212 1462 3280 et
1487 3227 1565 3278 non
1590 3203 1718 3300 quoad
1742 3227 1832 3300 pro·

241 3329 524 3406 nuntiationem
540 3352 656 3425 super
671 3325 922 3425 proprietate.
940 3325 998 3402 Et
1015 3323 1152 3422 saepius
1169 3321 1467 3421 inquirendum³²
1485 3321 1557 3399 erit
1575 3323 1622 3398 de
1640 3323 1725 3420 ipsa
1742 3345 1831 3419 pro·

242 3451 407 3549 prietate
431 3459 476 3527 ut
501 3449 548 3526 de
573 3447 808 3547 possessione
833 3446 957 3543 magis
982 3454 1157 3522 constare
1182 3444 1315 3543 possit,
1343 3452 1382 3520 et
1407 3444 1460 3520 sic
1485 3441 1606 3517 nihil⁸²
1631 3465 1832 3518 commune

241 3570 357 3648 habet
384 3568 598 3669 possessio⁸³
625 3593 714 3644 cum
741 3566 980 3666 proprietate
1007 3567 1135 3663 quoad
1163 3564 1529 3664 pronuntiationem,
1559 3563 1647 3638 licet
1676 3560 1831 3661 quoad⁸⁴

241 3689 537 3789 cognitionem.⁸⁵
558 3689 634 3765 Vel
652 3688 727 3765 dici
746 3687 891 3787 poterit
909 3688 1012 3786 quod
1032 3686 1126 3762 nihil
1145 3712 1346 3762 commune
1365 3685 1508 3761 habent
1529 3685 1656 3782 quoad
1677 3683 1831 3760 decisio·

240 3837 340 3900 nem,
356 3811 499 3888 habent
514 3809 672 3886 tamen³⁶
687 3834 889 3885 commune
905 3809 1032 3907 quoad
1048 3806 1332 3905 cognitionem⁸⁷
1348 3816 1395 3883 ut
1410 3805 1637 3905 praedictum
1653 3814 1722 3894 est,
1742 3806 1833 3903 quia

242 3935 345 4010 forte
362 3933 473 4009 aliter
487 3932 603 4008 iudex
618 3957 696 4007 non
713 3941 842 4029 posset
857 3954 1085 4028 cognoscere
1102 3930 1149 4005 de
1164 3953 1254 4017 uno,
1272 3927 1413 4004 scilicet
1430 3929 1478 4003 de
1494 3927 1741 4026 possessione,
1758 3926 1831 4003 nisi

242 4063 487 4153 cognosceret
504 4053 552 4128 de
568 4053 726 4150 reliquo,
745 4051 885 4128 scilicet
903 4052 950 4127 de
967 4049 1216 4148 proprietate.
1237 4048 1511 4124 Pronuntiatio
1529 4073 1620 4124 vero
1638 4047 1832 4123 iustitiarii

241 4174 315 4250 erit
332 4199 449 4272 super
465 4173 711 4273 possessione.
731 4172 788 4248 Et
806 4173 1021 4247 notandum
1038 4171 1141 4270 quod
1158 4171 1317 4246 verbum
1336 4168 1582 4268 possessionis
1602 4168 1831 4266 quandoque

242 4294 401 4393 ponitur
417 4319 490 4392 pro
507 4320 548 4370 re
565 4319 739 4392 possessa
756 4301 795 4369 et
811 4293 1041 4391 quandoque
1059 4317 1132 4390 pro
1149 4290 1450 4381 restitutione>

341 4415 465 4492 natta
481 4417 522 4492 io
537 4425 705 4515 quatuor
720 4415 880 4492 casibus.

243 4539 348 4614 CUM
366 4548 495 4615 autem
512 4539 561 4614 ab
575 4565 655 4614 una
669 4548 781 4637 parte
799 4539 928 4637 plures
946 4539 1113 4614 actiones
1130 4537 1257 4613 civiles
1274 4544 1545 4635 proponantur
1560 4559 1692 4610 versus
1710 4558 1831 4609 unum

223 4755 268 4824 ,²⁰
280 4757 490 4835 respondebit,
504 4759 581 4833 MG,
596 4758 659 4818 CM
667 4780 675 4831 ;
691 4758 861 4836 respondit,
877 4759 952 4818 MA.
989 4755 1014 4790 ²¹
1027 4755 1107 4830 Om.‚
1123 4757 1192 4832 OB,
1208 4757 1284 4832 MA,
1300 4757 1381 4828 ΜΒ;
1398 4755 1535 4828 sufficiat,
1551 4755 1589 4814 V.
1627 4751 1654 4786 ²²
1665 4753 1745 4825 Om.‚
1762 4750 1831 4825 OB,

242 4858 318 4933 MA,
341 4858 415 4918 ΜΒ.
458 4856 484 4891 ²⁸
496 4855 714 4936 recipiendam,
735 4858 804 4932 OB,
826 4858 903 4932 MB,
923 4857 989 4918 (ΖΕ.
1031 4856 1223 4932 '‘teneatur,
1245 4857 1314 4931 OB,
1336 4857 1411 4932 MA,
1434 4856 1509 4915 MB.
1553 4852 1674 4926 ²⁶sunt,
1696 4852 1736 4926 V,
1758 4851 1830 4924 CE3

242 4957 315 5033 fuit,
330 4958 398 5033 OC,
414 4959 540 5031 CM;n.
557 4963 599 5020 sit
614 4962 699 5037 imp„
716 4959 791 5019 MA.
829 4955 856 4990 ²⁶
867 4961 977 5036 possit,
995 4957 1072 5031 MG,
1089 4959 1161 5018 CM.
1201 4955 1319 5032 ²'Om.‚
1337 4957 1402 5017 LA.
1440 4953 1559 5031 ²⁸Om.,
1577 4953 1739 5028 CE,MG,
1757 4952 1832 5028 CM,

241 5059 311 5132 OB,
331 5058 407 5133 MA,
427 5059 502 5120 MB.
543 5057 661 5132 ²⁰0m,
681 5059 749 5133 OA,
770 5059 835 5118 LA.
878 5056 905 5091 ³⁰
916 5061 1119 5134 intentantur,
1139 5058 1207 5133 OA,
1228 5057 1295 5132 LA,
1316 5057 1383 5131 OC,
1404 5059 1444 5132 Y,
1466 5056 1540 5117 MB.
1582 5054 1608 5089 ⁸²
1621 5053 1832 5133 inquirendus,

242 5157 320 5234 MG,
336 5160 408 5220 CM.
446 5157 511 5228 ’Ψ
522 5157 601 5220 nihil
616 5179 773 5220 commune
788 5161 1022 5236 possessionem,
1039 5157 1116 5231 MG,
1134 5158 1213 5231 CM;
1229 5157 1307 5218 nihil
1325 5161 1466 5218 convenit
1482 5159 1647 5236 possessio,
1664 5156 1736 5228 OC;
1753 5154 1832 5215 nihil

241 5262 464 5337 consequentiae
479 5259 574 5320 habet
588 5263 753 5338 possessio,
770 5259 839 5335 OB,
856 5259 931 5319 MB.
969 5256 1035 5291 ⁸⁴⁴⁶
1046 5259 1149 5336 quoad
1164 5261 1394 5334 convictionem,
1411 5257 1488 5332 MG,
1506 5259 1578 5320 CM.
1618 5256 1736 5332 ⁸⁸Om.,
1755 5256 1832 5331 MG,

242 5359 316 5420 CM.
352 5357 379 5392 ⁸⁷
391 5362 620 5434 convictionem,
637 5359 715 5434 MG,
730 5360 804 5420 cM.
