4392 6352
372 469 447 538 356
903 463 1128 528 BRACTON:
1150 465 1211 526 DB
1235 465 1428 529 LEGIBUS

373 611 540 700 redierit,
562 623 759 690 remaneat
780 614 851 691 sub
872 614 1010 712 plegiis
1031 614 1082 691 ad
1104 616 1286 693 standum
1307 624 1411 692 recto
1434 617 1466 694 si
1487 617 1572 716 quis
1593 643 1726 695 versus
1749 644 1837 695 eum
1858 619 1963 717 loqui

372 729 547 806 voluerit.
569 729 655 806 Et¹⁰
672 732 776 809 unde
795 731 948 810 videtur
966 732 1046 810 vice
1064 759 1175 810 versa
1193 735 1298 833 quod
1318 735 1349 812 si
1369 761 1439 834 per
1458 735 1743 834 inquisitionem
1762 737 1964 837 culpabilis

373 849 591 927 inveniatur
611 860 650 927 et
671 859 762 928 ante
783 851 1063 949 utlagationem
1084 853 1251 941 redierit,
1274 855 1377 952 quod
1398 879 1477 930 non
1500 855 1550 930 sit
1572 879 1643 954 per
1665 855 1813 955 plegios
1836 857 1963 934 dimit·

372 969 524 1058 tendus,
549 969 616 1046 sed
641 970 711 1046 sub
736 970 910 1047 custodia
934 979 973 1047 et
997 971 1039 1046 in
1062 971 1219 1070 prisona
1244 973 1467 1050 retinendus
1492 984 1655 1073 propter
1680 975 1964 1074 inquisitionem

372 1089 652 1188 precedentem
666 1089 786 1164 donec
800 1089 849 1163 ad
863 1087 1044 1188 imposito
1058 1089 1214 1167 crimine
1229 1115 1269 1167 se
1283 1090 1511 1167 defenderit.
1531 1092 1610 1169 Sed
1623 1117 1712 1169 cum
1727 1103 1964 1193 preceptum

374 1207 493 1283 fuerit
516 1207 628 1284 alicui
651 1209 754 1306 quod
777 1217 920 1285 sectam
942 1234 1026 1308 quae
1049 1219 1139 1286 ante
1161 1210 1236 1286 iter
1258 1211 1413 1310 incepta
1436 1209 1541 1287 fuist
1565 1220 1655 1311 post
1677 1213 1751 1289 iter
1775 1214 1962 1313 perficiat,

372 1326 605 1423 computatis
628 1326 871 1403 comitatibus
894 1327 1208 1425 precedentibus,
1231 1330 1328 1405 mori
1351 1329 1557 1429 contigerit
1581 1331 1642 1408 vel
1666 1333 1771 1429 sequi
1797 1333 1963 1410 noluerit

372 1455 462 1544 post
481 1445 553 1521 iter
572 1446 632 1521 vel
651 1446 875 1522 infirmitate
893 1454 1079 1543 gravatus
1100 1447 1206 1545 sequi
1226 1472 1304 1523 non
1325 1449 1457 1546 possit,
1478 1449 1687 1526 videndum
1707 1451 1738 1528 si
1759 1451 1963 1529 comitatus

372 1571 515 1640 sectam
532 1564 715 1662 perficere
731 1564 854 1664 possit
870 1564 950 1641 sine
966 1574 1140 1641 waranto
1157 1565 1245 1641 vel²¹
1262 1566 1554 1644 iustitiariorum
1571 1578 1776 1669 praecepto.

471 1689 497 1763 1
499 1697 576 1763 tem
593 1711 679 1786 qooe
696 1712 811 1765 causa
826 1688 1077 1787 utlagationis
1093 1689 1247 1768 robetae
1263 1690 1401 1769 debeat
1419 1714 1511 1770 vera
1526 1693 1588 1770 vel
1604 1695 1894 1793 presumptive.

371 1810 402 1886 f.
418 1810 537 1904 laub]
593 1813 734 1890 Crosa
748 1839 839 1889 vero
853 1814 1103 1913 utlagationis
1118 1841 1200 1892 esse
1213 1816 1357 1916 poterit
1371 1843 1462 1893 vera
1478 1818 1685 1916 aliquando
1700 1829 1739 1895 et
1756 1819 1963 1918 aliquando

372 1930 658 2029 praesumptiva.
676 1932 780 2007 Vera
795 1934 896 2009 enim
911 1959 991 2010 esse
1006 1935 1149 2033 poterit
1165 1959 1252 2011 cum
1268 1937 1352 2034 quis
1368 1936 1543 2034 nequiter
1558 1945 1597 2013 et
1612 1938 1653 2012 in
1668 1937 1813 2013 felonia
1827 1946 1963 2014 contra

372 2074 507 2147 pacem
520 2051 633 2148 regis,
649 2051 824 2150 pluribus
838 2053 1052 2129 astantibus
1066 2062 1105 2129 et
1118 2053 1347 2142 videntibus,
1362 2054 1422 2130 vel
1437 2055 1573 2132 saltem
1588 2055 1659 2131 sub
1674 2055 1757 2131 visu
1771 2064 1811 2131 et
1827 2055 1962 2132 auditu

372 2167 530 2245 alicuius
546 2169 653 2245 cuius
669 2169 918 2246 interfuerit²²
935 2170 1144 2269 appellare,
1162 2172 1306 2249 occisus
1323 2172 1443 2249 fuerit
1459 2173 1520 2248 vel
1537 2172 1709 2270 graviter
1725 2172 1961 2262 vulneratus,

371 2298 410 2365 et
428 2289 692 2378 mahemiatus,
710 2289 905 2379 robbatus,
923 2299 962 2366 et
979 2289 1253 2389 imprisonatus
1271 2291 1333 2368 vel
1350 2291 1493 2388 ligatus
1511 2291 1569 2366 ita
1586 2291 1690 2390 quod
1708 2316 1778 2389 per
1798 2318 1837 2367 se
1856 2291 1962 2390 sequi

371 2432 450 2483 non
470 2407 604 2505 possit,
626 2416 665 2484 et
686 2409 735 2484 sit
756 2407 891 2507 aliquis
913 2409 979 2507 qui
1000 2417 1184 2508 sequatur
1204 2434 1292 2485 cum
1313 2409 1542 2485 malefactor
1564 2407 1790 2506 aufugerit²⁸
1814 2418 1853 2486 et
1875 2408 1962 2507 capi

371 2551 450 2602 non
466 2527 599 2626 possit,
616 2537 655 2603 et
671 2528 728 2604 ita
743 2528 846 2626 quod
862 2527 1012 2604 factum
1030 2527 1158 2604 subse
1175 2528 1369 2604 contineat
1388 2527 1581 2604 feloniam.
1600 2527 1658 2603 Et
1677 2537 1839 2627 propter
1857 2528 1962 2626 quod

372 2657 418 2723 ut
446 2648 599 2724 videtur
626 2648 734 2723 lacta
763 2644 1023 2745 utlagariam¹⁵
1052 2645 1307 2744 praecedentia
1337 2654 1428 2722 sunt
1457 2646 1665 2744 diligenter
1691 2646 1960 2734 examinanda,

370 2767 462 2867 quia
485 2768 661 2867 quaedam
684 2766 862 2843 accidunt
887 2792 935 2842 ex
960 2765 1186 2854 infortunio,
1213 2765 1311 2841 sicut
1335 2766 1384 2841 de
1408 2766 1612 2842 submersis
1638 2773 1677 2842 et
1702 2766 1895 2865 oppressis
1922 2774 1961 2841 et

370 2885 597 2961 huiusmodi.
621 2886 725 2962 Item
745 2883 839 2960 ubi²⁸
860 2883 1084 2961 vulneratus
1106 2885 1267 2960 evadere
1288 2884 1432 2983 poterit
1453 2892 1618 2960 mortem
1640 2910 1710 2983 per
1731 2885 1962 2961 industriam

370 3007 605 3083 medicorum
621 3004 747 3080 curari
763 3004 887 3080 noluit
902 3029 990 3079 cum
1007 3013 1148 3102 posset,
1167 3003 1233 3079 sed
1250 3003 1290 3077 in
1307 3002 1437 3079 odium
1455 3003 1687 3101 percussoris
1706 3029 1746 3079 se
1762 3005 1877 3079 morti
1896 3029 1960 3079 ex·

370 3124 512 3224 posuit,
537 3124 598 3199 vel
623 3124 654 3199 si
679 3148 749 3221 per
774 3121 1006 3221 imperitiam
1030 3121 1265 3197 medicorum
1290 3121 1356 3219 qui
1381 3120 1614 3220 perperam²²
1640 3123 1960 3199 medicamentum
1996 3129 2005 3141 '

370 3241 600 3331 dedenmt,²⁸
617 3242 677 3316 vel
695 3265 783 3317 cum
800 3239 954 3317 medicis
972 3265 1050 3315 non
1067 3249 1165 3316 esset
1184 3239 1456 3337 imputandum
1474 3265 1565 3315 usus
1585 3239 1662 3316 luit
1681 3239 1764 3315 cibo
1783 3241 1902 3317 vetito
1922 3248 1961 3317 et

371 3372 481 3464 potu,
499 3363 560 3439 vel
579 3363 682 3439 forte
699 3361 794 3436 obiit
811 3370 935 3436 morte
953 3358 1123 3436 naturali
1141 3359 1207 3436 et²⁹
1226 3358 1332 3435 non⁸⁰
1351 3360 1470 3458 plaga
1489 3359 1565 3436 illa.
1586 3361 1644 3437 Et
1663 3360 1741 3435 haec
1760 3360 1889 3437 omnia
1910 3360 1960 3436 a⁸²

370 3483 659 3562 coronatoribus
683 3483 887 3581 diligenter
910 3482 1167 3559 examinanda
1190 3481 1320 3559 sunt.⁸²
1348 3482 1426 3558 Sed
1450 3491 1580 3558 tamen
1604 3507 1693 3559 cum
1717 3493 1820 3560 secta
1844 3484 1960 3558 inter·

369 3605 544 3683 venerit⁸⁸
557 3631 637 3682 non
650 3605 723 3682 erit
738 3613 900 3704 propter
913 3606 985 3681 hoo
998 3604 1192 3704 utlagaria
1207 3605 1434 3681 differenda.

470 3729 599 3807 Causa
615 3731 904 3830 presumptive.

369 3855 680 3931 Pamsumrrrvs
694 3855 838 3953 poterit
853 3879 933 3930 esse
947 3853 1036 3930 licet
1051 3879 1129 3929 non
1143 3879 1245 3942 vera,
1262 3863 1346 3930 tum
1361 3863 1524 3953 propter
1540 3863 1682 3930 sectam
1697 3863 1782 3930 tum
1798 3863 1961 3953 propter

368 3976 653 4076 inquisitionem
668 3977 814 4053 iactam
828 3975 984 4052 coram³⁴
999 3976 1222 4065 iustitiariis,
1238 3976 1326 4053 licet
1340 3975 1449 4052 nulla
1463 3977 1619 4052 omnino
1635 3976 1757 4053 subsit
1772 4001 1898 4065 causa,
1915 3984 1960 4052 ut

369 4100 400 4176 si
420 4099 483 4177 ille
504 4100 569 4199 qui
589 4099 752 4176 interfici
772 4099 905 4176 debuit
923 4099 1034 4174 vivus
1055 4097 1132 4175 sit⁸⁸
1152 4107 1191 4175 et
1212 4124 1339 4187 sanus,
1361 4108 1400 4175 et
1420 4097 1483 4174 ille
1504 4099 1570 4197 qui
1591 4097 1724 4174 debuit
1745 4098 1961 4176 interficere

368 4223 482 4298 homo
505 4223 749 4299 meticulosus
776 4249 815 4298 se
839 4222 1075 4299 subtraxerit
1099 4230 1262 4321 propter
1288 4230 1431 4297 sectam
1456 4231 1495 4299 et
1521 4220 1731 4320 appellum,
1756 4221 1817 4298 vel
1844 4221 1961 4297 etiam

369 4343 484 4422 cum⁸⁸
496 4345 538 4420 in
551 4345 699 4421 duobus
713 4343 956 4421 comitatibus
971 4354 1069 4421 esset
1083 4343 1314 4442 appellatus,
1329 4345 1370 4420 in
1383 4369 1461 4420 uno
1476 4369 1515 4420 se
1531 4343 1705 4420 defendit
1719 4344 1781 4419 vel
1796 4343 1960 4442 prisonae

369 4493 409 4543 se
424 4466 618 4543 reddidit⁸⁷
634 4467 817 4543 etinalio
833 4467 1018 4542 comitatu
1034 4465 1153 4541 fuerit
1168 4466 1380 4564 utlagatus.
1619 4455 1622 4462 λ

368 4683 489 4759 ²⁰Om,
513 4685 589 4760 MA,
613 4684 691 4759 MG,
714 4683 781 4746 OC.
827 4683 972 4759 ”luerit
997 4685 1074 4760 ΜΒ,
1098 4685 1176 4759 MG,
1200 4686 1268 4761 OC,
1293 4686 1373 4758 MC;
1399 4685 1527 4759 luerint,
1552 4683 1625 4744 CM.
1673 4681 1699 4716 ²¹
1710 4688 1753 4756 et,
1780 4681 1855 4756 MA,
1881 4682 1957 4743 ΜΒ.

367 4783 395 4820 ²¹
406 4785 561 4862 interfuit,
575 4785 653 4859 MG,
667 4785 742 4862 CM,
755 4785 821 4847 OC.
857 4783 884 4819 ’⁸
897 4785 1025 4864 fugerit,
1040 4785 1079 4859 V,
1093 4787 1173 4858 CM;
1190 4785 1350 4864 effugerit,
1365 4784 1431 4859 LA,
1448 4784 1522 4859 ΜΟ,
1538 4784 1605 4860 ΟΕ,
1620 4784 1692 4856 ΟΟ;
1708 4783 1866 4862 effugerit,
1882 4782 1956 4842 MA.

368 4884 396 4919 ²⁸
407 4887 487 4963 Om,
504 4886 549 4960 V;
567 4885 734 4965 utlagaria,
751 4885 829 4960 MG,
848 4886 924 4961 MA,
943 4886 1019 4961 ΜΒ,
1039 4887 1101 4947 ΜΟ
1124 4886 1257 4965 (corr.);
1275 4885 1447 4965 utlagatur,
1465 4886 1539 4957 OB;
1558 4887 1613 4955 sic,
1632 4885 1702 4959 OA,
1720 4884 1786 4958 LA,
1804 4883 1872 4958 OC,
1892 4882 1959 4958 ΟΕ,

369 4987 442 5048 ΟΜ.
484 4985 580 5062 ²⁸rir,
601 4988 670 5064 OB,
692 4987 768 5062 MA,
790 4987 864 5047 ΜΒ.
906 4985 932 5020 ²²
945 4990 1116 5065 proprium,
1138 4988 1216 5062 MG,
1237 4987 1303 5048 ΟΟ.
1347 4984 1373 5020 ¹⁸
1385 4985 1538 5061 dederint,
1560 4987 1599 5061 V,
1621 4987 1686 5048 ΟΟ.
1732 4983 1796 5019 ²⁹⁴⁰
1809 4983 1868 5059 vel,
1891 4983 1958 5059 ΟΕ,

369 5088 444 5161 ΟΜ,
458 5087 539 5160 ΜΑ;
555 5095 586 5148 et
600 5088 660 5164 vel,
673 5089 743 5163 OB,
757 5088 832 5164 MC,
846 5088 927 5160 MB;
946 5088 995 5165 (et
1009 5086 1144 5148 naturali
1159 5087 1265 5166 plaga,
1280 5087 1372 5165 LA);
1388 5096 1420 5148 et
1434 5107 1496 5148 non
1511 5109 1542 5163 a,
1557 5086 1624 5148 OA.
1662 5086 1688 5121 ⁸¹
1700 5087 1781 5160 Om,
1796 5088 1866 5164 OB,
1882 5086 1959 5162 MA,

368 5187 445 5261 ΜΒ,
458 5187 525 5262 ΟΕ,
538 5189 611 5250 ΟΜ.
646 5187 764 5264 ⁸²Om,
777 5190 846 5264 OA,
859 5191 929 5266 OB,
942 5190 1018 5264 MA,
1032 5191 1106 5266 ΟΜ,
1121 5190 1194 5266 ΜΟ,
1207 5189 1272 5249 LA.
1308 5185 1334 5221 ⁸³
1346 5193 1508 5263 invenerit,
1523 5189 1592 5264 OB,
1606 5189 1682 5263 MA,
1695 5189 1770 5249 ΜΒ.
1808 5186 1875 5262 ³⁴⁸,
1888 5186 1959 5262 OB,

369 5288 445 5362 MA,
467 5289 541 5350 ΜΒ.
585 5287 703 5366 ⁸⁶Om.‚
725 5291 794 5364 OB,
815 5291 890 5351 ΜΒ.
933 5288 960 5323 ³⁶
972 5289 1054 5364 dum,
1075 5290 1144 5364 OB,
1166 5291 1242 5366 MA,
1264 5290 1341 5364 ΜΒ,
1363 5291 1429 5366 ΟΕ,
1452 5291 1525 5350 ΟΜ.
1569 5288 1595 5323 ³¹
1607 5288 1789 5367 reddiderit,
1811 5289 1850 5364 V,
1874 5287 1958 5361 MG;

368 5387 527 5463 reddierit,
543 5387 608 5450 ΟΟ.
