4392 6352
335 483 409 556 274
867 475 1089 537 BRACTON:
1113 477 1173 536 DE
1197 477 1389 538 LEGIBUS

335 626 397 702 eit.
444 627 486 703 si
505 635 634 704 autem
652 627 870 718 invalidam,
890 629 1046 717 amittit,
1064 629 1275 705 secundum
1293 628 1397 726 quod
1416 627 1536 704 videri
1556 627 1700 727 poterit
1718 653 1807 703 cum
1825 653 1926 704 uxor

335 745 648 843 adprobandum
667 771 863 823 assensum
882 748 1073 846 producat
1091 747 1218 823 vivam
1238 771 1369 823 vocem
1388 756 1428 823 et
1447 755 1564 824 testes
1585 747 1651 845 qui
1671 746 1800 824 dicant
1821 748 1925 845 quod

334 862 496 940 maritus
512 863 643 939 uxoris
659 863 836 940 dotavit²²
852 890 948 953 eam,
966 875 1005 942 et
1021 865 1320 941 instrumentum
1337 864 1509 942 similiter
1526 864 1750 964 prolatum²⁸
1769 865 1818 942 ad
1835 891 1924 964 pro·

335 982 529 1059 bationem
545 983 647 1060 dicat
663 985 767 1082 quod
783 993 897 1082 pater
912 983 972 1060 vel
989 991 1114 1060 mater
1130 985 1191 1058 vel
1209 985 1305 1060 alius
1323 1009 1464 1083 parens
1482 984 1631 1061 dotavit
1647 1009 1819 1072 uxorem,
1838 1009 1925 1060 cum

335 1100 459 1176 dicere
479 1100 636 1178 deberet
653 1127 715 1178 eos
736 1099 942 1200 praebuisse
962 1126 1169 1178 assensum.
1191 1101 1277 1178 Et*
1297 1128 1385 1179 cum
1403 1127 1503 1178 uxor
1523 1102 1678 1201 praecise
1699 1129 1738 1179 se
1758 1103 1925 1179 tenuerit

335 1218 386 1294 ad
398 1227 614 1317 utramque,
628 1230 766 1297 neutra
779 1220 921 1298 valebit
935 1245 1022 1296 cum
1036 1221 1112 1298 sint
1127 1220 1338 1310 contraria,
1353 1221 1425 1297 nisi
1440 1221 1489 1298 sit
1503 1222 1569 1319 qui
1584 1221 1686 1297 dicat
1701 1222 1804 1320 quod
1819 1222 1926 1298 illam

336 1364 419 1437 qua
435 1338 539 1416 utilis
556 1348 614 1415 est
629 1339 768 1416 sufficit
783 1348 925 1428 tenere,
942 1349 981 1416 et
998 1340 1101 1437 quod
1118 1338 1212 1416 utile
1228 1365 1307 1415 non
1323 1339 1482 1415 vitiatur
1498 1366 1569 1439 per
1586 1339 1732 1428 inutile,
1750 1339 1816 1415 et²'
1835 1338 1926 1438 quia

332 1457 422 1556 plus
433 1457 536 1532 valet
550 1459 653 1556 quod
666 1466 796 1533 actum
807 1467 866 1534 est
877 1484 994 1555 quam
1007 1459 1110 1556 quod
1122 1457 1320 1557 scriptum,
1335 1459 1438 1534 forte
1450 1457 1640 1557 propter²⁸
1654 1483 1822 1535 errorem
1836 1458 1925 1534 scri·

335 1575 471 1664 bentis,
497 1585 537 1652 et
562 1575 729 1673 benigna
754 1577 1073 1675 interpretatione
1100 1586 1230 1675 posset
1257 1577 1312 1652 ita
1339 1576 1639 1654 instrumentum
1664 1576 1924 1675 interpretari,

334 1695 438 1793 quod
451 1696 500 1771 ad
513 1695 584 1770 hoe
597 1703 752 1772 tantum
763 1695 890 1772 valere
905 1694 1054 1783 debeat,
1069 1696 1173 1793 quod
1187 1705 1404 1772 antecessor
1417 1695 1681 1772 constitutioni
1696 1694 1796 1772 dotis
1812 1695 1831 1770 f
1832 1701 1925 1770 actoe

334 1839 405 1912 per
422 1814 600 1890 heredem
617 1812 808 1913 praebuit¹⁷
829 1838 1037 1902 assensum,
1057 1823 1096 1890 et
1115 1822 1278 1912 propter
1296 1813 1580 1912 simplicitatem
1599 1813 1924 1889 contrahentium:

335 1931 546 2008 secundum
571 1933 675 2030 quod
702 1932 842 2008 dicitur
870 1933 918 2009 de
944 1932 1042 2007 laico
1069 1940 1327 2031 praesentante
1355 1933 1405 2008 ad
1433 1931 1640 2019 ecclesiam,
1670 1932 1735 2030 qui
1764 1931 1857 2008 dicit
1885 1931 1926 2007 in

334 2053 591 2129 instrumento
605 2052 910 2150 praesentationis
925 2052 1029 2149 quod
1043 2052 1111 2127 dat
1125 2051 1195 2128 tali
1209 2051 1345 2126 clerico
1358 2050 1477 2127 talem
1492 2050 1699 2138 eeclesiam,
1715 2051 1782 2127 sed
1796 2051 1924 2126 incon·

333 2197 443 2270 grue,
468 2171 557 2269 quia
580 2170 782 2270 episcopus
806 2171 874 2248 dat
897 2180 936 2247 et
958 2169 1076 2246 laicus
1099 2177 1255 2246 tantum
1278 2178 1498 2268 praesentat.
1524 2170 1591 2244 Ex
1615 2169 1782 2266 benigna
1805 2167 1926 2267 igitur

333 2289 652 2388 interpretatione
673 2296 836 2388 propter
856 2287 1140 2388 simplicitatem
1161 2287 1346 2364 laicorum
1368 2286 1599 2376 admittitur,
1621 2285 1752 2386 qu0d¹⁸
1774 2313 1853 2363 non
1876 2288 1926 2364 sit

333 2434 457 2486 vacua
475 2408 720 2508 praesentatio
740 2416 902 2506 propter
921 2408 1174 2504 incongruam
1194 2407 1399 2482 dictionem
1419 2405 1647 2494 donationis,
1668 2406 1735 2482 sed
1756 2405 1925 2482 admitti-

334 2526 428 2604 tur¹⁰
448 2526 605 2604 donatio
625 2551 697 2625 pro
717 2525 1023 2626 praesentatione.
1044 2524 1130 2603 Dat
1149 2535 1280 2601 tamen
1301 2523 1419 2600 laicus
1440 2524 1730 2601 advocationem
1750 2523 1925 2612 ecclesia,

334 2645 423 2723 licet
440 2645 635 2721 ecclesiam
651 2643 771 2721 dare²⁰
787 2669 866 2721 non
881 2644 1013 2743 possit.
1034 2643 1112 2720 Sed
1129 2644 1159 2720 si
1176 2668 1265 2719 cum
1281 2643 1570 2720 advocationem
1588 2643 1748 2732 dederit,
1766 2643 1868 2721 dicat
1885 2643 1926 2718 in

333 2767 591 2843 instrumento
616 2763 832 2841 donationis
858 2764 962 2862 quod
988 2763 1056 2839 dat
1081 2762 1288 2850 eeclesiam,
1315 2761 1457 2838 valebit
1482 2763 1639 2838 donatio
1666 2762 1925 2838 advocationis

334 2910 382 2960 ex
402 2883 572 2982 benigna
591 2881 909 2981 interpretatione
930 2889 1093 2979 propter
1114 2881 1409 2979 simplicitatem.
1434 2880 1492 2958 Et
1514 2881 1567 2956 sic
1588 2879 1634 2957 fit
1657 2881 1926 2979 interpretatio

335 3003 364 3078 f.
379 3001 474 3095 95b]
531 2999 579 3077 ab
592 2999 771 3099 antiquis,
785 3000 888 3098 quod
901 3024 989 3075 cum
1002 2998 1120 3076 laicus
1134 3000 1236 3076 dicat
1248 2999 1315 3075 Do
1330 2999 1537 3086 cocleatim,
1550 2999 1619 3076 dat
1633 2998 1820 3097 quidquid
1833 2998 1925 3075 iuris

333 3122 450 3199 babet
466 3123 507 3198 in
522 3121 678 3198 eeclesia
694 3130 776 3196 tam
792 3120 832 3195 in
849 3118 1097 3195 advocatione
1115 3143 1232 3216 quam
1248 3117 1289 3193 in
1307 3117 1613 3216 praesentatione,
1632 3117 1806 3215 benigna
1824 3118 1926 3193 enim

336 3240 521 3317 faciendae
534 3246 625 3316 sunt
640 3237 977 3336 interpretationes
991 3246 1036 3313 ut
1050 3261 1111 3312 res
1125 3236 1249 3334 magis
1264 3234 1391 3313 valeat
1406 3261 1523 3334 quam
1538 3244 1683 3335 pereat.
1703 3237 1831 3326 <Sed
1846 3236 1926 3312 sine

335 3359 554 3458 praeiudicio
569 3354 736 3434 melioris
754 3355 950 3432 sententiae
967 3355 1121 3431 videtur
1136 3354 1239 3453 quod
1256 3361 1420 3453 uterque
1438 3356 1568 3431 dotem
1585 3354 1795 3443 constituit,
1814 3364 1927 3453 pater

336 3477 511 3555 videlicet
528 3477 589 3553 vel
606 3476 702 3552 alius
719 3499 859 3574 parens
877 3483 1040 3573 propter
1057 3498 1294 3561 consensum,
1314 3483 1353 3550 et
1370 3473 1429 3548 vir
1447 3483 1609 3572 propter
1627 3473 1927 3549 nominationem

336 3596 449 3685 dotis,
473 3620 637 3694 quorum
658 3604 841 3671 neutrum
863 3593 965 3670 valet
988 3592 1069 3668 sine
1092 3590 1179 3679 alio,
1202 3616 1271 3667 nec
1294 3617 1416 3668 unum
1439 3591 1610 3668 sufficere
1634 3591 1755 3690 possit
1779 3617 1925 3690 perse.

336 3715 456 3791 Unde
477 3713 509 3790 si
529 3722 642 3813 pater
661 3712 961 3788 instrumentum
982 3709 1190 3787 confecerit
1213 3735 1329 3808 super
1351 3709 1564 3786 consensu²²
1588 3711 1637 3786 ad
1659 3709 1927 3809 probationem

335 3832 630 3921 constitutionis,
646 3839 685 3908 et
699 3856 799 3906 uxor
813 3829 989 3906 habuerit
1003 3829 1131 3904 vivam
1145 3853 1277 3905 vocem
1294 3829 1344 3904 ad
1360 3827 1628 3927 probationem
1643 3829 1926 3916 nominationis,

335 3963 519 4030 neutrum
537 3951 698 4026 istorum
717 3947 789 4025 erit
810 3947 921 4024 alteri
940 3947 1193 4023 contrarium:
1215 3956 1254 4023 et
1274 3947 1359 4022 ideo
1379 3946 1474 4022 bene
1495 3946 1608 4023 simul
1629 3956 1731 4023 stare
1751 3956 1927 4046 possunt,

336 4082 375 4149 et
391 4095 602 4169 numquam
619 4068 760 4144 valebit
777 4066 988 4143 nominatio
1005 4065 1077 4140 viri
1094 4065 1175 4142 sine
1190 4089 1377 4141 consensu
1394 4064 1578 4164 parentis,
1596 4090 1666 4142 nec
1683 4093 1704 4142 e
1721 4066 1925 4154 contrario,

335 4199 375 4266 et
396 4191 448 4266 sic
469 4198 631 4286 uterque
653 4184 825 4275 simul>
851 4185 1003 4261 Poterit
1025 4183 1141 4260 etiam
1162 4183 1221 4259 vir
1243 4183 1377 4260 dotare
1399 4209 1560 4260 uxorem
1582 4183 1719 4260 suam²²
1743 4185 1790 4262 de
1813 4184 1925 4261 rebus

336 4307 467 4383 alienis
489 4305 661 4405 paternis
682 4304 742 4380 vel
762 4302 957 4391 maternis,
979 4301 1040 4378 vel
1061 4301 1261 4400 utriusque
1283 4301 1495 4401 ipsorum‚²⁸
1518 4311 1556 4379 et
1578 4303 1735 4378 alterius
1758 4313 1926 4380 anteces-

336 4426 431 4502 soris
451 4450 521 4524 per
540 4448 738 4500 assensum
756 4431 795 4498 et
814 4421 1055 4497 voluntatem
1074 4422 1258 4519 ipsorum,
1279 4421 1421 4497 eisdem
1441 4420 1564 4498 modis
1586 4421 1723 4519 quibus
1744 4422 1792 4498 de
1814 4422 1926 4498 rebus

336 4541 515 4641 propriis,
537 4540 764 4616 nominatim
784 4539 846 4615 vel
865 4564 944 4616 non
965 4538 1203 4627 nominatim,
1226 4537 1425 4637 adquisitis
1447 4538 1514 4614 et²⁴
1537 4539 1793 4638 adquirendis,
1817 4548 1856 4616 et
1879 4541 1926 4616 de

336 4659 410 4735 illis
433 4659 636 4736 etiamsed
658 4657 884 4734 nominatim
906 4667 946 4734 et
968 4657 1183 4756 specialiter
1205 4658 1253 4733 de
1277 4658 1413 4756 quibus
1437 4667 1692 4735 antecessores
1715 4684 1927 4756 numquam

337 4778 497 4853 fuerunt
519 4776 560 4852 in
581 4777 730 4865 saisina,
753 4776 847 4852 dum
868 4785 999 4852 tamen
1021 4786 1110 4874 post
1133 4785 1287 4875 tempus
1311 4777 1362 4852 ad
1384 4775 1541 4852 heredes
1565 4775 1682 4853 sunt²⁵
1708 4801 1926 4864 reversurae,

337 4895 546 4972 secmrdum
560 4896 664 4994 quod
678 4894 854 4993 superius
869 4894 1010 4971 dicitur
1023 4895 1065 4970 in
1079 4903 1191 4992 parte
1206 4895 1253 4971 de
1268 4894 1358 4971 dote
1374 4894 1530 4971 alterius
1546 4894 1677 4972 uxoris
1694 4921 1777 4994 quae
1792 4896 1833 4972 in
1846 4897 1928 4972 vita

336 5095 363 5130 ¹²
374 5096 537 5172 dotaverit,
552 5096 621 5171 OB,
637 5098 713 5170 MA,
730 5096 805 5171 MB,
820 5095 898 5170 MG,
913 5095 953 5169 Y,
969 5096 1043 5155 CM.
1080 5094 1107 5128 ¹³
1118 5093 1295 5173 probatum,
1309 5096 1349 5171 V,
1366 5096 1442 5170 MA,
1459 5095 1525 5170 LA,
1542 5096 1620 5170 MG,
1638 5098 1710 5158 CM.
1749 5095 1776 5130 ¹⁴
1787 5103 1819 5156 et
1835 5094 1926 5169 unde,

336 5197 376 5269 V,
394 5196 463 5271 OA,
481 5196 548 5269 LA,
566 5197 631 5257 OC.
673 5195 792 5271 ²⁸Om.,
811 5195 879 5269 OB,
899 5197 975 5270 MA,
994 5195 1069 5256 MB.
1110 5194 1137 5229 ¹⁸
1148 5216 1215 5273 per,
1236 5195 1305 5270 OB,
1324 5197 1400 5270 MA,
1420 5198 1495 5258 MB.
1537 5195 1751 5275 ²¹proebuerit,
1771 5199 1840 5275 OA,
1860 5200 1925 5259 LA.

336 5293 494 5368 ΝΟΜ,
512 5296 580 5370 ΟΒ,
600 5296 677 5371 MG,
695 5296 734 5371 Y,
754 5296 818 5357 ΟΕ.
859 5295 886 5329 ¹⁰
898 5296 978 5372 Ona,
996 5298 1066 5371 OB,
1085 5297 1160 5372 MA,
1181 5298 1255 5358 MB.
1296 5296 1524 5374 ²¹consensum,
1544 5299 1582 5373 V,
1604 5300 1679 5361 MG.
1720 5299 1838 5375 ²¹Om.,
1857 5300 1926 5376 OB,

338 5396 414 5469 MA,
429 5395 503 5456 MB.
541 5393 898 5472 ²⁸istorum,MG,CM.
935 5395 1033 5470 ²⁴vel,
1048 5398 1087 5473 V,
1103 5398 1180 5472 MG,
1196 5398 1233 5458 Y.
1272 5397 1299 5431 ²⁵
1311 5400 1391 5475 Om,
1407 5402 1577 5475 MA3aint,
1593 5401 1662 5476 OB,
1679 5402 1753 5462 MB.
