4392 6352
765 431 827 492 DE
850 431 1055 492 PLACITIS
1077 429 1267 492 CORONAE
1739 437 1815 506 343

223 584 508 684 inquisitionem
534 583 679 659 inventi
707 581 881 659 luerint⁴'
908 581 1118 680 culpabiles
1145 581 1274 679 aliquo
1302 580 1573 679 praedictorum
1599 581 1814 669 modorum,

225 703 256 780 si
282 710 489 801 presentes
515 701 663 778 fuerint
689 701 750 776 vel
776 698 942 775 alicubi⁴⁸
968 700 1130 775 inveniri
1157 697 1347 796 possint,⁴⁸
1374 698 1506 776 statim
1533 708 1572 776 et
1600 698 1680 776 sine
1705 724 1816 775 mora

224 821 429 920 capiantcn
453 830 492 897 et
514 820 724 895 vicecomiti
747 817 985 895 liberentur‘⁰
1010 829 1049 895 et
1072 819 1113 893 in
1135 818 1290 916 gaolarn
1314 818 1584 894 detrudantur.
1610 817 1816 917 Quotquot

224 938 368 1014 etiam⁸¹
380 938 527 1014 inventi
541 937 687 1013 fuerint
701 963 773 1035 per
784 936 1068 1035 inquisitionem
1081 937 1122 1012 in
1135 935 1310 1013 domibus
1324 935 1414 1012 vel²
1426 936 1492 1012 ubi
1505 945 1681 1013 mortuus
1696 936 1816 1013 luerit

223 1056 464 1145 interfectus,
480 1055 569 1131 licet
586 1054 795 1153 culpabiles
814 1079 891 1130 non
908 1055 1067 1142 fuerint,
1086 1054 1321 1131 attacbiaudi
1338 1064 1469 1131 tamen
1488 1065 1579 1133 sunt
1597 1080 1718 1154 usque
1737 1053 1816 1131 ad⁸⁸

224 1175 435 1250 adventum
449 1173 753 1261 iustitiariomm,
769 1183 809 1249 et
824 1173 981 1249 nomina
996 1173 1213 1272 plegiorum
1229 1173 1483 1249 irrotulentur
1498 1174 1539 1248 in
1556 1173 1692 1251 rotulis
1709 1198 1815 1250 coro-

224 1300 417 1367 natorum.

323 1409 391 1486 De
406 1407 650 1485 ottocbieodo
667 1407 888 1506 crdpobilea.

226 1527 318 1602 Nnc
337 1525 457 1604 sunt⁸⁴
475 1526 531 1602 illi
549 1527 616 1626 qui
634 1526 844 1625 culpabiles
863 1527 1110 1604 inveniuntrn
1130 1553 1201 1627 per
1221 1528 1370 1627 plegios
1390 1529 1608 1606 dimittendi
1629 1530 1709 1607 sine
1730 1556 1815 1630 spe·

225 1643 311 1720 ciali
329 1654 523 1743 praecepto
540 1646 684 1721 domini
703 1645 817 1744 regis,
837 1645 944 1721 faeta
961 1646 1070 1743 prius
1088 1647 1333 1745 inquisitione
1351 1657 1484 1725 utrum
1504 1648 1691 1747 appellati
1711 1647 1817 1726 sint⁸⁸

226 1762 313 1838 odio
325 1763 386 1839 vel
399 1772 493 1862 atya
503 1765 565 1840 vel
577 1788 649 1861 per
660 1789 794 1839 verum
808 1765 1017 1863 appellum.
1033 1765 1092 1841 Et
1106 1765 1221 1841 breve
1235 1767 1282 1842 de
1296 1767 1365 1843 tali
1379 1767 1624 1864 inquisitione
1638 1767 1817 1844 facienda

225 1882 348 1978 gratis
363 1881 476 1957 debet
491 1882 659 1970 concedi,
675 1883 886 1958 secundum
901 1884 1005 1981 quod
1020 1882 1140 1959 videri
1157 1884 1301 1983 poterit
1317 1884 1357 1960 in
1373 1893 1481 1960 carta
1498 1886 1546 1962 de
1562 1883 1814 1962 libertatibus.

226 1997 284 2074 Et
305 1998 477 2077 nouerit
498 1999 548 2074 de
568 1999 758 2098 aliquibus
778 2001 974 2099 inquisitio
996 2002 1174 2078 facienda
1195 2003 1267 2078 nisi
1290 2004 1560 2080 tantummodo
1582 2005 1630 2080 de
1651 2004 1727 2081 illis
1749 2006 1815 2104 qui

226 2115 415 2193 fuerunt⁵⁸
429 2116 470 2191 in
485 2117 653 2215 prisona.

325 2236 372 2312 Si
388 2236 429 2311 io
446 2237 591 2335 compta
608 2235 669 2312 vel
687 2235 818 2314 boscis.

228 2354 274 2429 81
295 2353 451 2430 autem⁸'
472 2354 512 2429 in
532 2355 678 2453 campis
697 2357 759 2431 vel
779 2355 820 2431 in
840 2355 962 2432 boscis
982 2357 1201 2435 inveniatur
1220 2360 1376 2448 occisus,
1398 2360 1586 2459 imprimis
1608 2359 1815 2437 attachien-

224 2483 291 2550 tur
308 2475 537 2563 inventores,
556 2475 634 2551 sive
650 2475 809 2551 masculi
828 2475 974 2554 fuerint
994 2476 1071 2554 sive
1089 2477 1254 2567 feminae,
1272 2478 1542 2577 cuiuscumque
1562 2479 1709 2556 fuerint
1727 2488 1816 2556 aeta·

225 2594 288 2684 tis,
307 2603 346 2670 et
363 2595 441 2670 sive
458 2604 634 2671 mortuus
652 2595 796 2671 occisus
816 2596 936 2672 fuerit
953 2594 1005 2670 ibi
1022 2595 1084 2671 vel
1103 2596 1193 2672 alibi
1212 2597 1452 2695 ubicumque.
1473 2598 1532 2674 Et
1551 2598 1582 2674 si
1601 2598 1653 2674 ibi
1673 2598 1818 2674 occisus

226 2739 305 2789 non
323 2713 442 2791 fuerit
460 2714 669 2791 secundum
687 2715 791 2813 quod
809 2715 998 2813 perpendi
1016 2715 1160 2813 poterit
1179 2740 1251 2813 per
1269 2716 1599 2814 praesumptiones,
1618 2725 1657 2794 et
1676 2715 1816 2794 multo-

226 2833 325 2911 tiens
342 2859 414 2931 per
430 2834 627 2931 sanguinis
643 2833 871 2910 effusionem
889 2835 920 2909 si
937 2835 1075 2931 plagas
1092 2834 1280 2922 babuerit,
1298 2833 1429 2911 statim
1446 2844 1486 2912 et
1504 2843 1678 2911 recenter
1694 2835 1817 2912 inves-

227 2951 418 3050 tiganda⁵⁸
442 2961 533 3029 sunt
558 2953 721 3049 vestigia
746 2952 1053 3041 malefactorum,
1080 2960 1120 3029 et
1146 2954 1339 3050 sequenda
1365 2979 1436 3050 per
1463 2954 1623 3030 ductum
1650 2961 1816 3040 carettae,

228 3096 364 3168 passus
391 3096 588 3168 equorum,
615 3081 654 3148 et
680 3071 843 3168 vestigia
868 3071 1076 3159 hominum,
1103 3069 1192 3147 vel⁸⁸
1219 3072 1295 3147 alio
1321 3073 1447 3162 modo,
1476 3073 1686 3148 secundum
1714 3073 1818 3170 quod

228 3187 438 3264 consultius
458 3197 497 3265 et
515 3188 651 3264 melius
672 3189 754 3264 fieri
775 3189 908 3286 possit.

329 3306 376 3384 Si
389 3315 505 3383 notus
519 3305 580 3382 vel
594 3307 762 3404 ipnotos.

231 3425 500 3507 Iunonium
513 3425 629 3501 etiam
641 3435 775 3501 utrum
786 3434 962 3502 mortuus
977 3426 1040 3503 ille
1053 3435 1168 3503 notus
1184 3427 1303 3505 fuerit
1317 3428 1377 3503 vel
1391 3428 1559 3526 ignotus,
1574 3437 1613 3504 et
1627 3428 1692 3505 ubi
1708 3436 1821 3504 nocte

229 3544 296 3620 illa
315 3544 544 3642 hospitatus,
565 3553 604 3620 et
626 3545 836 3621 secundum
857 3545 961 3644 quod
981 3545 1207 3643 inquisitum
1228 3547 1348 3622 fuerit
1371 3547 1630 3624 attacbientur
1650 3547 1819 3645 hospites

230 3672 268 3741 et
286 3662 447 3763 hospitae
466 3674 504 3741 et
521 3673 605 3739 tota
624 3663 772 3739 familia
790 3665 831 3739 in
849 3664 964 3740 domo
983 3664 1140 3739 inventa
1159 3664 1224 3739 ubi
1244 3665 1362 3742 fuerit
1382 3665 1611 3764 hospitatus.

329 3788 376 3865 Si
391 3787 534 3864 occisor
547 3786 706 3884 fupen't

233 3911 278 3986 Sr
298 3919 428 3986 autem
447 3911 495 3986 sit
514 3910 650 4008 uliquis
669 3911 735 4008 qui
754 3909 901 4007 fugerit
920 3934 993 4008 pro
1012 3909 1228 3985 huiusmodi
1247 3908 1388 3996 occisis,
1410 3917 1448 3984 et
1469 3909 1517 3985 de
1537 3934 1613 4006 quo
1633 3906 1820 3984 habeatur

231 4030 360 4128 aliqua
384 4030 548 4129 suspicio
572 4031 676 4127 quod
700 4028 901 4129 culpabilis
927 4028 1110 4117 extiterit,
1134 4028 1266 4105 statim
1292 4028 1474 4103 accedant
1500 4035 1743 4102 coronatores
1770 4027 1820 4102 ad

231 4149 367 4226 domus
383 4149 503 4248 ipsius
519 4156 559 4224 et
575 4149 780 4246 diligenter
795 4148 992 4247 inquirant
1010 4172 1094 4245 quae
1111 4146 1252 4223 catalla
1268 4144 1444 4222 babuerit
1461 4155 1501 4221 et
1519 4169 1603 4243 quoe
1620 4143 1734 4220 blada
1752 4142 1819 4219 in⁸⁰

230 4266 405 4354 horreo,⁶²
425 4269 455 4343 si
473 4267 637 4343 villanus
656 4266 787 4355 fuerit,
806 4276 844 4343 et
863 4267 894 4341 si
912 4267 1007 4342 liber
1024 4263 1150 4354 homo,
1168 4290 1285 4364 quam
1302 4272 1448 4340 terram
1466 4262 1626 4339 liberam
1644 4261 1820 4338 babuerit

231 4396 270 4462 et
283 4385 403 4485 quid⁸²
416 4386 555 4475 voleat,
570 4384 675 4461 sive⁶⁸
688 4385 847 4462 bladum
859 4385 1036 4461 habuerit
1049 4385 1089 4460 in
1103 4395 1210 4461 terra
1223 4385 1301 4460 sive
1315 4408 1404 4459 non.
1420 4383 1580 4458 Etcum
1595 4381 1650 4458 ita
1664 4379 1819 4479 inquisi-

230 4507 368 4594 verint,
391 4505 602 4605 appretiari
625 4505 771 4582 faciant
793 4504 909 4580 blada
930 4513 969 4580 et
989 4503 1130 4580 catalla
1152 4503 1249 4580 sieut
1271 4501 1403 4578 statim
1424 4500 1539 4576 vendi
1562 4497 1759 4600 possent‚⁸⁴
1782 4507 1820 4574 et

230 4633 375 4701 terram
389 4625 549 4700 liberam
564 4622 780 4722 quantum⁶³
797 4622 924 4699 valeat
940 4648 1010 4720 per
1027 4630 1239 4714 annum‚,et
1256 4619 1418 4696 liberent
1434 4644 1482 4695 ea
1495 4617 1597 4696 toti⁶⁸
1613 4618 1754 4694 villatae
1771 4618 1820 4693 od

231 4744 541 4843 respondendum
555 4744 603 4819 de
618 4742 743 4842 pretio
758 4767 888 4817 coram
902 4741 1126 4828 iustitiariis,
1142 4741 1247 4816 salvo
1261 4749 1393 4816 tomen
1408 4737 1562 4814 servitio
1578 4737 1820 4812 dominorum

230 4959 256 4994 ⁴⁷
270 4962 407 5036 fuerunt,
419 4963 458 5036 V,
470 4960 537 5036 OC,
549 4961 624 5021 MA.
659 4958 686 4993 ⁴⁸
698 4959 782 5034 alibi,
795 4959 863 5035 OB,
877 4958 952 5032 MA,
966 4959 1040 5019 ΜΒ.
1076 4954 1102 4989 ⁴⁹
1114 4963 1250 5034 possent,
1264 4956 1303 5031 V,
1316 4955 1383 5029 OC,
1397 4955 1640 5031 CM3poterint,
1654 4952 1692 5013 Y.
1727 4948 1819 5010 ⁸⁰de·

229 5061 410 5137 liberentur,
424 5063 463 5135 V,
477 5061 555 5123 MG.
578 5059 604 5094 ⁸²
617 5061 698 5135 Om,
712 5061 793 5132 MA;
807 5067 918 5132 antem,
932 5059 972 5134 V,
986 5057 1051 5120 ΟΕ.
1078 5055 1103 5089 ⁸²
1116 5056 1189 5130 illis,
1203 5058 1243 5131 V,
1256 5056 1323 5130 LA,
1339 5054 1416 5128 MG,
1432 5055 1506 5130 ΟΜ,
1520 5054 1587 5129 OC,
1602 5053 1675 5113 MC.
1700 5049 1726 5086 ⁵⁸
1739 5050 1819 5128 Orn,

231 5162 300 5238 OB,
322 5162 396 5224 ΜΒ.
441 5160 582 5235 “etiam
604 5160 682 5236 MG,
705 5161 778 5220 CM.
822 5158 847 5192 ⁶⁶
860 5165 942 5234 sunt,
965 5160 1041 5234 MA,
1063 5158 1131 5232 ΟΕ,
1154 5157 1226 5217 ΜΟ.
1271 5154 1438 5229 ⁸⁸foerint,
1461 5156 1530 5230 0A,
1553 5153 1620 5231 ΟΕ,
1644 5153 1721 5230 MG,
1745 5153 1817 5214 cM.

231 5260 350 5338 ΜΟιῐι,
367 5261 436 5337 OB,
455 5262 531 5336 MA,
549 5261 623 5320 ΜΒ.
664 5259 734 5320 ⁶⁸in
752 5259 977 5338 investiganda,
995 5259 1063 5320 OB.
1102 5256 1183 5332 ⁸⁹et,
1201 5258 1240 5331 V,
1258 5257 1331 5318 CM.
1371 5253 1437 5291 ⁸⁸⁸⁸⁸
1449 5255 1529 5331 Om,
1546 5257 1614 5317 OB.
1655 5251 1720 5289 Μ’
1732 5253 1820 5332 quld·

230 5361 473 5440 quldvoleatsi,
488 5361 566 5436 MG,
581 5362 655 5423 ΟΜ.
692 5359 720 5394 ⁶⁴
731 5366 871 5440 possunt,
886 5361 926 5436 V,
942 5360 1018 5436 MA,
1035 5360 1110 5420 ΜΒ.
1148 5356 1270 5436 Quid,
1288 5359 1365 5434 MG,
1381 5359 1454 5418 CM.
1494 5355 1614 5432 ⁸⁸totu,
1630 5357 1670 5434 V,
1687 5355 1761 5417 MA.
