4394 6342
855 484 1187 546 KALENDARIUM

390 638 456 714 De
470 646 709 715 sacramento
723 639 828 736 quod
842 662 910 712 rex
927 636 945 711 f
947 659 1054 713 acere
1070 635 1182 711 debet
1197 634 1238 710 in
1253 634 1498 711 coronatione
1514 658 1594 710 sna.

391 756 459 833 Ad
474 755 567 855 quid
583 765 734 833 creatus
751 756 801 832 sit
816 782 897 844 ren,
913 763 952 832 et
968 755 1162 831 ordinaria
1178 752 1448 829 iurisdictione.

227 878 277 954 F.
293 887 365 955 108
392 878 496 954 Item
513 878 563 953 ad
578 877 672 975 quid
688 876 893 965 institiarii,
909 885 948 952 et
965 875 1224 952 iurisdictione
1240 875 1429 972 delegata.

390 996 456 1074 De
472 995 694 1072 differentia
707 995 1011 1071 iustitiariorum.

390 1116 455 1195 De
473 1124 665 1215 potestate
683 1116 986 1192 iustitiariorum.

392 1234 571 1323 Qualiter
588 1245 627 1312 et
645 1235 800 1334 quando
817 1234 976 1310 finiatur
992 1258 1127 1309 eorum
1143 1241 1316 1331 potestas
1335 1241 1374 1308 et
1391 1231 1612 1309 iurisdictio.

392 1354 571 1443 Qualiter
585 1353 843 1429 constituendi
859 1361 950 1426 sunt
964 1351 1157 1428 iustitiarii
1173 1352 1223 1427 ad
1238 1351 1499 1427 itinerandum
1513 1351 1561 1427 de
1575 1349 1761 1426 comitatu
1778 1351 1820 1425 in

492 1472 718 1548 comitatum
732 1471 963 1569 generaliter
980 1469 1175 1547 adomnia
1191 1470 1335 1569 placita
1349 1468 1411 1545 vel
1428 1470 1478 1545 ad
1496 1469 1685 1568 specialia.

228 1594 277 1671 F.
294 1602 365 1671 109
391 1594 457 1670 De
475 1602 713 1670 sacramento
732 1593 836 1691 quod
851 1592 1044 1668 iustitiarii
1063 1592 1207 1667 facient
1225 1616 1313 1668 cum
1330 1591 1575 1668 iustitiariam
1592 1591 1817 1690 receperint.

392 1711 519 1790 Breve
533 1712 601 1787 uni
616 1736 750 1788 eorum
766 1711 949 1787 clausum.

392 1834 519 1909 Breve
546 1832 721 1909 omnibus
747 1831 959 1907 iustitiariis
988 1829 1101 1907 simul
1129 1831 1232 1929 quod
1261 1831 1333 1907 erit
1360 1855 1495 1906 eorum
1523 1838 1751 1919 warantum,
1779 1838 1819 1907 et

492 1949 643 2049 publice
659 1950 812 2046 legetur
828 1948 869 2026 in
885 1949 1070 2026 comitatu
1088 1958 1237 2048 patens.

392 2068 519 2146 Breve
535 2070 583 2145 de
599 2069 733 2145 eodem
748 2069 923 2144 omnibus
941 2067 1152 2145 institiariis
1170 2066 1284 2144 simul
1300 2077 1449 2166 patens.

391 2190 519 2265 Breve
550 2190 723 2265 clausum
754 2188 964 2265 vicecomiti
998 2188 1101 2287 quod
1132 2188 1263 2264 venire
1294 2188 1413 2265 faciat
1445 2213 1575 2265 coram
1607 2189 1819 2266 iustitiariis

492 2307 622 2383 omnia
636 2307 790 2405 placita.

392 2427 519 2502 Breve
534 2427 583 2502 de
597 2426 769 2523 generali
785 2425 1080 2503 summonitione
1096 2425 1279 2501 clausum.

391 2545 518 2622 Breve
538 2569 625 2621 cum
644 2545 718 2644 ipsi
735 2543 929 2620 iustitiarii
949 2545 1111 2621 fecerint
1132 2543 1466 2621 summonitionem
1486 2545 1640 2622 nomine
1659 2547 1819 2647 proprio

493 2673 532 2740 et
547 2688 619 2761 per
634 2663 749 2738 breve
763 2688 887 2738 suum.

229 2783 277 2858 F.
294 2791 366 2859 110
394 2777 499 2859 It'em
518 2781 693 2857 omnibus
714 2789 881 2879 quatuor
899 2780 1112 2857 iustitiariis
1134 2781 1247 2858 simul
1267 2781 1334 2856 ubi
1354 2783 1642 2860 constituuntur
1663 2785 1713 2860 ad
1735 2809 1819 2884 spe-

493 2899 604 2976 cialia
617 2908 656 2976 et
670 2924 749 2975 non
763 2901 814 2975 ad
828 2899 957 2975 omnia
972 2899 1126 2998 placita.

392 3018 519 3095 Breve
536 3017 709 3095 clausum
725 3017 935 3094 vicecomiti
952 3019 1056 3117 quod
1073 3018 1202 3095 venire
1221 3018 1341 3095 faciat
1357 3020 1526 3097 assisam.

394 3138 436 3213 Si
450 3145 580 3213 autem
591 3145 760 3235 quatuor
772 3137 1058 3213 constituantur
1069 3137 1209 3214 milites
1223 3137 1416 3214 iustitiarii
1430 3141 1481 3215 ad
1493 3140 1647 3216 unicam
1660 3141 1819 3218 assisam

492 3255 729 3354 capiendam.

392 3373 519 3450 Breve
533 3373 580 3450 de
595 3373 729 3449 eodem
744 3373 954 3450 vicecomiti
968 3373 1142 3449 clausum
1157 3374 1261 3473 qnod
1275 3375 1405 3452 venire
1422 3375 1542 3451 faciat
1557 3376 1725 3454 assisam.

228 3495 277 3572 F.
293 3504 364 3571 111
394 3494 437 3570 Si
452 3494 678 3570 iustitiarius
694 3495 741 3570 de
757 3492 879 3569 banco
894 3494 997 3571 solus
1012 3493 1271 3572 constituatur
1286 3503 1325 3572 et
1340 3497 1445 3594 quod
1462 3506 1643 3574 assumat.

391 3612 518 3689 Breve
532 3612 742 3689 vicecomiti
756 3612 929 3688 clausum
942 3613 989 3689 de
1004 3613 1149 3689 eodem.

391 3730 519 3807 Breve
532 3731 563 3807 si
577 3731 626 3807 de
639 3730 760 3806 banco
774 3730 1036 3807 transferatur
1051 3731 1169 3808 assisa
1183 3758 1304 3830 usqne
1319 3733 1370 3808 ad
1385 3733 1612 3811 comitatum
1626 3735 1678 3812 ad
1693 3746 1816 3814 certos

491 3847 725 3924 iustitiarios.

391 3966 518 4043 Breve
532 3966 705 4042 clausum
720 3965 767 4043 de
783 3967 917 4042 eodem
931 3966 1141 4043 vicecomiti
1156 3965 1411 4065 dirigendum.

393 4083 435 4161 Si
451 4085 569 4162 assisa
581 4084 843 4161 transferatur
859 4110 882 4160 a
896 4093 1063 4182 quatuor
1077 4085 1289 4163 iustitiariis
1305 4112 1425 4185 usque
1441 4088 1491 4164 ad
1506 4089 1580 4164 iter
1595 4089 1816 4167 institiario·

491 4228 579 4279 rum
594 4211 705 4279 extra
719 4202 945 4279 comitatum
959 4227 1048 4278 cum
1063 4204 1103 4280 in
1119 4205 1303 4280 comitatu
1319 4204 1474 4303 incepta
1490 4206 1620 4283 fuerit.

391 4322 518 4399 Breve
536 4322 584 4397 de
603 4320 871 4396 constituendo
890 4319 1112 4398 iustitiarios
1132 4323 1182 4399 ad
1201 4322 1463 4420 inquisitiones
1483 4325 1680 4404 faciendas
1701 4353 1819 4427 super

491 4438 797 4516 contentionibus
815 4439 865 4515 ad
881 4438 1087 4538 querelam.

389 4558 517 4635 Breve
529 4558 739 4634 vicecomiti
753 4559 925 4634 clausum
940 4581 1057 4657 super
1071 4559 1216 4635 eodem.

227 4677 276 4753 F.
292 4684 364 4753 112
392 4677 444 4753 In
462 4677 632 4753 adventu
650 4675 941 4752 institiariorum
960 4677 1007 4753 de
1026 4675 1160 4754 ordine
1177 4679 1420 4777 proponendi
1439 4680 1606 4758 actiones
1626 4690 1665 4759 et
1684 4708 1818 4760 eorum

490 4793 623 4871 officio.

390 4915 516 4991 Breve
534 4940 582 4990 ne
600 4914 684 5012 quis
702 4913 962 5013 implacitatur
980 4914 1060 4992 sine
1078 4914 1184 4991 brevi
1202 4923 1241 4991 et
1259 4925 1453 5016 praeoepto
1472 4918 1615 4994 domini
1634 4919 1746 5016 regis.

388 5031 454 5109 De
470 5031 603 5108 ordine
619 5031 823 5108 actionum.

226 5150 275 5226 F.
291 5157 366 5226 118
391 5149 509 5239 Quod
522 5150 630 5250 prius
645 5151 839 5247 agendum
851 5159 909 5228 est
922 5176 1040 5251 super
1052 5152 1289 5251 possessione
1302 5178 1420 5251 quam
1434 5177 1550 5255 super
1564 5157 1815 5255 proprietate.

390 5267 512 5345 Fallit
526 5269 567 5345 in
580 5277 749 5367 quatuor
761 5268 921 5345 casibus.

226 5386 276 5463 F.
291 5395 365 5464 114
390 5387 456 5463 De
470 5387 620 5464 actione
633 5389 671 5463 vi
686 5389 875 5463 bonorum
890 5394 1093 5487 raptorum
1107 5387 1261 5488 triplici.
