4394 6342
358 388 408 455 50
888 377 1111 440 ueneror:
1133 378 1194 439 nn
1219 377 1409 442 seorsus

359 528 502 629 aliquid
517 529 637 605 fuerit
652 528 910 617 subsecutum,
924 525 991 603 id¹⁷
1008 525 1093 604 est¹⁸
1109 529 1140 604 si
1156 527 1300 627 aliquid
1316 530 1465 606 factum
1481 529 1601 606 fuerit
1617 529 1678 606 vel
1693 555 1772 606 non
1787 531 1947 606 iactum.

357 650 416 727 Et
435 649 506 725 hoc
524 673 647 747 genus
667 647 885 725 donationis
905 647 1116 748 improprie
1136 647 1276 724 dicitur
1297 648 1465 737 donatio,
1487 672 1576 724 cum
1595 657 1680 726 tota
1701 649 1857 726 omnino
1878 650 1949 725 fiat

358 768 429 846 sub
442 768 673 844 condicione.
687 769 746 844 Et
759 767 791 845 si
803 767 896 866 quid
910 769 1024 844 detur
1036 793 1082 844 ea
1094 776 1223 844 mente
1236 778 1281 846 ut
1294 768 1426 846 statim
1440 767 1511 844 fiat
1524 767 1756 867 accipientis,
1772 767 1803 846 si
1817 776 1949 845 tamen

359 887 503 987 aliquid
516 889 665 964 factum
678 887 727 964 sit
739 886 801 963 vel
813 912 891 963 non
904 888 1065 975 factum,
1079 885 1147 962 id¹⁹
1161 889 1210 964 ad
1223 913 1263 964 se
1276 885 1457 974 reverti,²⁰
1471 911 1541 963 nec
1552 887 1624 963 hoc
1638 889 1795 986 proprie
1809 887 1949 964 dicitur

358 1006 527 1096 donatio,
548 1008 615 1084 sed
634 1005 723 1083 talis
743 1006 918 1083 videlicet
939 1031 1023 1105 quae
1043 1006 1247 1082 resolvitur
1268 1006 1338 1083 sub
1360 1006 1591 1095 condicione,
1614 1006 1823 1084 secundum
1845 1007 1949 1106 quod

357 1127 519 1203 inferius
535 1125 683 1203 dicetur
699 1126 850 1224 plenius
867 1127 914 1202 de
929 1124 1199 1202 donationibus
1215 1124 1548 1202 condicionalibus.
1567 1125 1704 1215 Qualis
1722 1134 1852 1202 autem
1868 1151 1950 1204 esse

359 1245 496 1322 debeat
513 1245 618 1321 infra
635 1245 784 1322 dicetur
801 1244 842 1320 in
858 1244 974 1320 titulo
991 1270 1077 1343 quae
1093 1244 1302 1342 exigantur
1319 1246 1369 1321 ad
1387 1244 1466 1320 haec
1483 1244 1613 1343 quod²²
1633 1246 1759 1322 valeat
1777 1244 1947 1322 donatio.

359 1365 463 1441 Item
493 1363 745 1441 donationum
776 1364 951 1464 quaedam
981 1363 1094 1452 iusta,
1127 1365 1301 1463 quaedam
1332 1363 1525 1440 iniuriosa.
1561 1366 1673 1441 Iusta
1706 1373 1837 1441 autem
1868 1390 1950 1442 esse

358 1484 388 1560 f.
406 1484 499 1577 llb]
554 1485 698 1581 poterit
711 1484 743 1561 si
755 1483 825 1560 fiat
839 1484 887 1562 de
900 1509 942 1560 re
954 1483 1126 1583 propria,
1140 1484 1172 1560 si
1185 1492 1315 1560 autem
1329 1484 1399 1561 fist
1413 1483 1460 1560 de
1474 1508 1516 1560 re
1529 1483 1654 1560 aliena
1667 1484 1741 1561 erit
1754 1484 1948 1573 iniuriosa,

358 1612 398 1681 et
410 1630 434 1679 a
447 1629 538 1680 vero
551 1603 706 1680 domino
719 1605 864 1702 poterit
877 1603 1058 1679 revocari.
1075 1605 1178 1680 Item
1193 1602 1444 1679 donationum
1459 1603 1634 1702 quaedam
1648 1603 1768 1680 libera
1781 1614 1822 1681 et
1836 1629 1948 1704 pura,

358 1729 397 1798 et
416 1723 591 1822 quadam
608 1722 679 1799 sub
696 1722 917 1798 condicione
934 1723 995 1798 vel
1013 1722 1084 1798 sub
1102 1722 1220 1799 modo
1237 1747 1434 1821 suspensa.
1456 1722 1560 1799 Item
1578 1722 1753 1821 quadam
1773 1722 1950 1800 absoluta

358 1851 397 1919 et
416 1841 539 1939 larga,
559 1851 598 1919 et
618 1842 792 1942 quaedam
813 1841 946 1918 stricta
966 1851 1005 1920 et
1025 1849 1210 1931 coartata,
1233 1841 1330 1919 sicut
1351 1842 1463 1918 certis
1483 1841 1698 1929 heredibus,
1721 1841 1950 1941 quibusdam

357 1987 448 2038 vero
469 1988 492 2038 a
512 1961 745 2038 successione
765 1961 940 2050 exclusis,
960 1970 1006 2038 ut
1027 1961 1058 2038 si
1078 1961 1148 2038 fiat
1168 1961 1327 2038 donatio
1346 1961 1460 2038 certis
1481 1961 1682 2038 heredibus
1702 1972 1742 2038 et
1764 1963 1949 2060 personis,

357 2081 418 2157 vel
442 2081 473 2157 si
498 2080 546 2156 ab
570 2081 679 2158 initio
702 2080 814 2178 larga
838 2079 958 2157 fuerit
981 2090 1020 2157 et
1044 2088 1180 2179 postea
1204 2106 1252 2158 ex
1278 2081 1529 2157 conventione
1553 2089 1739 2169 coartata,
1764 2081 1820 2158 ita
1845 2080 1950 2180 quod

358 2200 582 2277 donatarius
601 2227 682 2277 rem
701 2200 770 2277 sibi
789 2201 921 2277 datam
940 2201 1032 2276 dare
1049 2199 1111 2276 vel
1129 2200 1293 2276 vendere
1312 2225 1391 2276 non
1410 2200 1531 2298 possit
1550 2200 1663 2278 certis
1683 2200 1868 2299 personis,
1888 2200 1949 2276 vel

357 2343 436 2395 non
452 2319 524 2395 nisi
540 2321 652 2396 certis
669 2319 854 2418 personis,
871 2318 976 2418 quod
992 2318 1146 2418 quidem
1163 2319 1291 2396 facere
1307 2317 1479 2418 poterit¹²
1497 2319 1656 2418 quilibet
1672 2317 1772 2396 nisi²⁸
1790 2328 1949 2418 pactum

358 2440 606 2519 intervenerit
626 2440 667 2516 in
685 2441 794 2518 initio
812 2440 1040 2529 donationis,
1060 2443 1164 2540 quod
1182 2441 1253 2517 hoc
1272 2441 1306 2517 ei
1327 2442 1454 2517 facere
1474 2466 1553 2517 non
1571 2441 1683 2518 liceat
1703 2449 1839 2517 contra
1859 2466 1948 2540 pac·

357 2573 453 2641 tum.
471 2565 575 2641 Item
589 2563 841 2640 donationum
856 2563 932 2640 alia
946 2564 1101 2662 incepta
1114 2572 1153 2640 et
1169 2589 1246 2639 non
1262 2564 1449 2662 perfecta,
1465 2573 1510 2640 ut
1527 2564 1558 2639 si
1575 2564 1622 2640 de
1637 2563 1844 2640 donatione
1859 2588 1948 2639 con-

357 2686 505 2762 venerit
522 2694 562 2762 et
579 2685 878 2762 instrumentum
896 2684 985 2761 inde
1003 2685 1224 2761 confectum
1242 2684 1363 2760 fuerit
1381 2694 1421 2762 et
1439 2684 1661 2782 homagium
1680 2692 1851 2783 captum,
1870 2710 1949 2761 non

356 2815 488 2884 tamen
504 2805 697 2884 sufficiunt
714 2806 792 2882 haec
809 2806 938 2882 omnia
954 2806 1027 2883 nisi
1044 2806 1202 2883 traditio
1220 2805 1485 2905 subsequatur.
1507 2807 1610 2883 Item
1629 2808 1772 2904 poterit
1792 2807 1949 2883 donatio

358 2955 439 3006 esse
460 2938 499 3006 et
520 2928 684 3028 simplex
706 2927 950 3029 prolocuti0²⁴
973 2953 1057 3027 quae
1078 2954 1157 3004 non
1179 2927 1317 3006 sufficit
1339 2953 1412 3027 pro
1435 2928 1652 3004 donatione.
1678 2930 1783 3005 Item
1805 2927 1950 3029 poterit

358 3050 441 3127 fieri
464 3050 622 3128 donatio
643 3075 732 3126 cum
753 3059 862 3126 carta
884 3048 973 3126 vel²⁸
996 3049 1077 3126 sine
1099 3059 1219 3140 carta,
1243 3049 1333 3148 quia
1355 3051 1444 3127 licet
1467 3058 1575 3126 carta
1599 3075 1678 3126 non
1700 3050 1950 3127 intervenerit

356 3171 487 3249 valida
504 3172 647 3271 poterit
665 3197 745 3248 esse
762 3171 931 3260 donatio,
948 3170 1043 3248 dum
1059 3179 1190 3247 tamen
1208 3169 1393 3247 donati0²⁰
1412 3169 1568 3270 probari
1586 3171 1708 3271 possit
1727 3169 1837 3248 aliis²'
1855 3169 1949 3268 legi-

357 3293 461 3370 timis
481 3292 731 3382 documentis,
750 3294 853 3370 unde
873 3317 952 3369 non
971 3291 1110 3369 suffieit
1127 3300 1283 3369 tantum
1304 3292 1469 3392 probare
1490 3301 1649 3380 cartam,
1669 3292 1743 3369 nisi
1763 3294 1951 3392 probetur

359 3410 426 3488 et²⁸
444 3411 612 3488 donatio.
634 3411 712 3488 Sed
730 3438 751 3488 e
769 3436 951 3488 converso
970 3409 1142 3510 poterit²⁹
1161 3422 1268 3488 carta
1287 3438 1367 3488 esse
1387 3437 1479 3488 vera
1496 3421 1535 3489 et
1554 3412 1682 3488 valida
1701 3438 1772 3511 per
1791 3437 1842 3500 se,
1861 3411 1950 3488 licet

359 3533 516 3608 donatio
533 3530 652 3607 fuerit
668 3531 909 3630 imperfecta,
925 3540 964 3608 et
981 3558 1002 3607 e
1017 3531 1221 3607 contrario.
1240 3532 1344 3608 Item
1361 3530 1613 3608 donationum
1631 3531 1805 3630 quaedam
1822 3530 1950 3607 valida

359 3677 440 3730 esse
462 3650 607 3749 poterit
629 3651 678 3726 ab
701 3650 810 3727 initio
833 3658 873 3726 et
894 3649 1064 3726 invalida
1086 3650 1169 3726 fieri
1192 3674 1241 3726 ex
1263 3651 1494 3749 postfacto,
1518 3659 1558 3727 et
1581 3676 1602 3725 e
1625 3675 1820 3726 converso.
1847 3651 1950 3726 Item

359 3769 488 3847 valida
513 3769 658 3870 poterit
684 3793 765 3847 esse
792 3769 948 3846 donatio
975 3769 1108 3846 statim
1134 3770 1182 3844 ab
1209 3768 1318 3844 initio
1343 3769 1446 3845 inter
1472 3770 1659 3868 quasdam
1685 3794 1881 3869 personas,
1911 3778 1950 3845 et

359 3888 529 3966 invalida
550 3898 590 3966 et
612 3914 800 3988 suspensa
821 3896 1011 3988 quantum
1033 3889 1085 3965 ad
1108 3887 1202 3965 alias
1226 3913 1422 3987 personas,
1446 3896 1490 3964 ut
1515 3889 1546 3964 si
1571 3888 1655 3987 quis
1678 3914 1761 3964 rem
1786 3888 1950 3965 alienam

359 4009 506 4085 dederit
522 4008 645 4097 alicui,
661 4018 706 4085 ut
721 4007 1001 4106 supradictum
1016 4016 1085 4084 est.
1103 4008 1208 4085 Item
1222 4008 1474 4083 donationum
1490 4008 1664 4107 quaedam
1681 4007 1729 4083 ab
1744 4009 1854 4084 initio
1868 4016 1950 4084 tam

359 4127 488 4203 valida
509 4135 592 4204 tam
613 4127 789 4226 perfecta
811 4128 916 4225 quod
937 4127 1081 4203 irritari
1104 4153 1182 4202 non
1206 4127 1349 4225 poterit
1372 4151 1443 4202 nec
1465 4125 1646 4203 revocari.
1674 4128 1777 4204 Item
1801 4135 1858 4203 est
1882 4125 1949 4203 et⁸⁰

360 4245 436 4322 aha
450 4270 534 4345 quae
549 4246 596 4322 ab
613 4246 720 4322 initio
736 4255 794 4322 est
811 4245 939 4344 aliqua
954 4254 992 4322 et
1007 4247 1172 4342 incepta,
1189 4246 1255 4322 sed
1271 4255 1403 4323 tamen
1418 4270 1498 4321 non
1513 4247 1700 4346 perfecta,
1716 4254 1757 4322 et
1774 4272 1845 4345 per
1860 4271 1949 4322 con·

359 4363 616 4441 firmationem
646 4365 846 4463 perficitur
874 4373 913 4440 et
941 4363 1181 4452 convalescit,
1212 4372 1256 4440 ut
1286 4389 1406 4463 supra
1436 4363 1581 4441 dictum
1612 4374 1680 4442 est.
1714 4365 1774 4440 Ut
1805 4365 1836 4442 si
1867 4363 1950 4440 ita³²

360 4483 514 4580 incepta
528 4483 659 4571 fuerit,
674 4484 740 4559 sed
754 4482 912 4560 traditio
926 4481 992 4558 in³²
1007 4482 1114 4560 vita⁸⁸
1129 4482 1325 4561 donatoris
1339 4508 1418 4559 non
1434 4483 1647 4573 subsecuta,
1663 4510 1734 4583 per
1748 4485 1949 4561 confirma·

359 4701 426 4736 ¹¹¹¹¹
437 4702 518 4776 Om,
537 4702 615 4776 MG,
632 4702 705 4763 CM.
746 4699 772 4734 ²⁰
784 4702 864 4779 qnod
882 4702 926 4778 id,
944 4702 982 4763 V.
1022 4700 1152 4763 ²⁰debet
1169 4705 1283 4762 reverti
1300 4701 1377 4763 velit
1394 4701 1536 4777 donator,
1554 4704 1599 4776 V;
1618 4723 1651 4764 se
1670 4710 1783 4764 reverti
1807 4702 1863 4780 (4-
1875 4703 1951 4764 velit

359 4803 507 4883 donator)
531 4822 581 4878 ne,
601 4803 667 4863 MA
674 4825 683 4876 ;
705 4805 818 4863 reverti
838 4801 980 4877 voluerit,
1001 4803 1069 4863 OB.
1111 4801 1137 4836 ²²
1150 4802 1230 4877 Om.,
1251 4802 1321 4879 OA,
1343 4805 1414 4877 LA;
1436 4812 1481 4878 ut,
1503 4805 1580 4880 MG,
1604 4806 1678 4881 ΟΜ,
1699 4804 1767 4882 OC,
1790 4806 1864 4881 HA,
1887 4807 1951 4868 ΜΟ

365 4902 468 4981 (hoe).
512 4901 661 4983 ”possib
682 4904 751 4978 OB,
772 4904 811 4964 Y.
855 4900 952 4964 ²⁸nisi
974 4903 1038 4980 ubi,
1061 4905 1139 4980 MG,
1160 4903 1205 4977 V;
1227 4909 1288 4965 nisi
1310 4903 1451 4984 qusslbet,
1474 4906 1546 4968 HA.
1592 4905 1819 4985 “praelocutio
1840 4909 1881 4983 Y,
1904 4908 1949 4982 V;

359 5005 484 5080 locutio,
500 5005 581 5079 CM;
596 5006 779 5085 perlocutio,
796 5006 877 5078 MA;
895 5007 949 5074 rio,
965 5004 1034 5081 OA,
1051 5004 1121 5079 OB,
1137 5005 1203 5081 ΟΕ,
1222 5006 1288 5079 LA,
1305 5007 1372 5083 OC,
1390 5007 1466 5081 MB,
1484 5007 1557 5082 HA,
1576 5009 1654 5085 MG,
1672 5009 1744 5071 ΜΟ.
1785 5007 1810 5043 ²⁶
1823 5019 1864 5086 et,
1881 5011 1951 5085 OA,

360 5107 428 5182 OC,
449 5108 516 5183 LA,
537 5107 614 5184 MG,
636 5109 711 5183 CM,
733 5107 807 5183 HA,
828 5106 901 5168 MC.
946 5105 1065 5180 ²⁰Om.,
1085 5108 1155 5180 OB,
1178 5108 1253 5168 ΜΒ.
1297 5105 1324 5140 ²⁷
1336 5107 1500 5186 aliquibus,
1522 5111 1600 5186 MG,
1622 5112 1695 5173 CM.
1740 5108 1859 5187 ²⁸Om,
1882 5111 1950 5188 OC,

361 5209 428 5282 LA,
446 5209 515 5284 OB,
535 5210 609 5283 MC,
628 5208 706 5284 MG,
726 5209 801 5283 CM,
821 5209 894 5270 HA.
935 5207 1005 5269 ²⁹et
1024 5213 1150 5286 poterit,
1169 5208 1238 5283 OA,
1260 5210 1326 5285 LA,
1345 5210 1412 5284 ΟΟ,
1433 5211 1500 5284 ΟΕ,
1522 5211 1598 5287 ΜΟ,
1620 5213 1693 5288 HA,
1715 5214 1787 5275 MC.
1830 5210 1950 5288 ³⁰Om.,

361 5309 430 5385 OB,
452 5311 528 5385 MA,
551 5311 627 5386 ΜΒ,
647 5311 686 5372 Y.
729 5308 847 5386 ⁸²Om.,
870 5310 944 5386 HA,
966 5310 1011 5385 v,
1032 5313 1065 5370 in
1087 5314 1162 5386 vlta,
1183 5310 1223 5384 Y,
1246 5311 1325 5384 CM;
1349 5315 1449 5387 initio,
1471 5313 1547 5374 MG.
1592 5312 1658 5347 ⁸²⁴⁸
1670 5314 1750 5391 Om.,
1774 5317 1851 5390 MG,
1875 5319 1948 5380 CM.
