4394 6342
865 515 1197 576 aaaunnanruu
1781 525 1827 591 11

404 663 446 739 si
465 663 621 740 clericus
640 673 777 762 captus
798 665 917 741 fuerit
936 691 1008 762 pro
1026 673 1150 741 morte
1169 665 1331 741 hominis
1352 675 1390 742 et
1411 673 1569 764 petatur
1588 664 1693 741 curia
1713 664 1827 741 chris-

501 783 689 859 tianitatis
707 783 755 860 de
773 809 829 872 eo,
848 784 1014 882 qualiter
1030 785 1327 861 committendus
1346 785 1419 860 erit
1437 784 1635 883 episcop0,
1647 794 1688 860 ct
1708 783 1827 882 quali·

501 911 561 977 ter
576 903 777 1001 episcopus
793 902 930 979 debeat
945 929 1033 978 eum
1048 903 1250 979 custodire.

402 1021 503 1097 Cum
518 1022 559 1097 in
574 1021 680 1096 curia
694 1021 981 1098 christianitatis
999 1021 1182 1098 defecerit
1199 1022 1239 1097 in
1256 1021 1499 1120 purgatione.

238 1140 286 1214 F.
303 1147 374 1215 124
403 1140 446 1215 Si
463 1139 679 1216 ordinarius
697 1139 863 1216 noluerit
881 1141 915 1215 ei
933 1140 1205 1238 purgationem
1223 1141 1388 1216 indicere
1405 1165 1493 1215 cum
1512 1141 1563 1216 sit
1580 1140 1614 1216 ei
1632 1138 1827 1228 liberatus,

500 1267 595 1334 tunc
611 1259 681 1334 fiat
695 1260 730 1334 ei
747 1258 824 1334 tale
841 1259 966 1334 breve.

400 1377 466 1454 De
494 1377 669 1453 custodia
696 1403 850 1453 reorum
880 1378 945 1474 qui
974 1387 1064 1453 sunt
1093 1377 1133 1453 in
1162 1378 1359 1476 prisonam
1385 1376 1564 1453 mittendi
1594 1387 1633 1453 ct
1663 1377 1727 1475 qui
1757 1402 1828 1476 per

501 1494 649 1593 plegios
664 1495 893 1584 dimittendi,
910 1497 1010 1572 etde
1026 1496 1215 1572 fractione
1231 1496 1402 1572 carceris.

400 1614 465 1692 Dc
489 1614 699 1690 criminosis
723 1615 787 1712 qui
812 1615 942 1690 statim
966 1615 1125 1711 fugiunt
1150 1623 1239 1713 post
1264 1614 1459 1703 feloniam,
1483 1625 1521 1690 et
1546 1624 1639 1690 tunc
1663 1614 1828 1712 qualiter

502 1742 604 1808 secta
621 1734 705 1808 fieri
723 1733 859 1810 debeat
877 1742 965 1831 post
983 1733 1091 1820 tales,
1110 1743 1148 1809 et
1167 1758 1331 1829 quorum
1350 1733 1506 1831 quidam
1525 1742 1615 1809 sunt
1633 1732 1674 1809 in
1692 1734 1828 1808 franco

501 1852 630 1949 plegio
648 1860 688 1928 et
707 1851 863 1949 quidam
883 1852 930 1927 de
948 1861 1184 1948 manupastu
1203 1850 1373 1925 alicuius.

400 1970 470 2046 Ad
485 1971 611 2046 visum
629 1972 675 2046 dc
692 1970 827 2046 franco
846 1968 985 2067 plegio.

238 2090 285 2164 F.
302 2097 373 2165 125
401 2088 581 2177 Qualiter
599 2114 686 2164 reus
706 2087 916 2164 criminosis
936 2088 984 2163 sit
1004 2088 1267 2185 requirendus,
1288 2097 1327 2163 et
1348 2087 1378 2162 si
1398 2112 1476 2163 non
1496 2087 1643 2164 venerit
1664 2089 1828 2186 qualiter

501 2206 747 2304 utlagandus.

401 2325 502 2401 Cum
533 2324 762 2401 malefactor
794 2326 932 2421 fugam
964 2325 1119 2422 ceperit,
1153 2324 1318 2423 qualiter
1350 2324 1647 2422 interrogandus
1682 2325 1754 2401 erit
1788 2325 1827 2400 in

501 2443 686 2519 comitatu
703 2453 741 2520 et
759 2443 806 2519 de
824 2444 1009 2519 comitatu
1026 2443 1320 2532 incomitatum,
1339 2453 1378 2520 ct
1397 2445 1463 2542 qui
1481 2444 1587 2542 sequi
1605 2444 1769 2520 debeant
1787 2453 1827 2520 et

500 2562 660 2660 possint.

401 2681 505 2757 Item
521 2681 605 2778 quis
621 2679 790 2777 utlagari
807 2680 928 2778 possit
944 2689 983 2756 et
1000 2680 1148 2756 debeat.

401 2799 536 2875 Minor
551 2823 641 2874 non.

400 2917 580 3006 Qualiter
598 2916 682 3015 quis
699 2917 805 3014 sequi
823 2916 960 2992 debeat
978 2924 1017 2992 et
1035 2917 1084 2992 ad
1102 2926 1196 3014 quot
1213 2915 1429 2993 comitatus.

402 3037 503 3113 Cum
528 3035 647 3112 luerit
673 3035 934 3132 interrogatus
960 3044 1050 3110 ante
1075 3035 1356 3132 utlagationem
1380 3035 1524 3135 poterit
1551 3062 1590 3112 se
1617 3061 1760 3135 ponere
1786 3035 1826 3114 in

501 3154 696 3253 prisonam
733 3161 773 3228 et
808 3154 1041 3250 respondere
1079 3152 1364 3251 appellantibus
1401 3162 1440 3229 et
1478 3154 1653 3252 excipere
1691 3164 1827 3231 contra

501 3272 710 3371 appellum.

237 3391 285 3466 F.
302 3399 374 3467 126
402 3391 445 3466 si
465 3400 607 3466 sectam
625 3415 817 3466 resumere
836 3389 1013 3478 noluerit,
1035 3390 1114 3466 sine
1134 3399 1237 3465 secta
1255 3415 1333 3465 non
1354 3392 1586 3489 procedatur
1606 3391 1655 3466 ad
1674 3391 1825 3488 utlaga-

499 3509 654 3584 tionem.

401 3626 504 3703 Item
522 3652 605 3725 quae
622 3650 738 3702 causa
754 3626 1004 3722 utlagationis
1024 3626 1176 3702 subesse
1194 3626 1332 3703 debeat
1350 3652 1441 3703 vera
1459 3629 1520 3703 vel
1538 3627 1824 3727 praesumptiva.

400 3746 530 3822 Causa
546 3745 832 3843 praesumptiva.

400 3864 505 3939 Item
519 3864 550 3939 si
565 3863 673 3939 nufla
687 3863 836 3940 subfuit
851 3888 977 3939 causa.

401 3982 504 4058 Item
518 3983 549 4058 si
563 3981 682 4080 plaga
696 4007 774 4057 non
789 3982 866 4057 fuit
881 3981 1105 4078 periculosa.

402 4100 445 4175 Si
461 4099 546 4199 quis
565 4101 683 4176 fuerit
701 4098 900 4194 utlagatus
918 4099 967 4174 ob
985 4099 1133 4175 nullam
1150 4124 1305 4175 causam
1323 4100 1384 4175 vel
1401 4100 1529 4175 minus
1546 4101 1824 4191 rationabilem,

498 4219 569 4294 fiat
584 4219 618 4293 ei
633 4219 762 4316 gratia
775 4217 897 4293 maior
913 4225 1102 4315 quantum
1118 4219 1167 4292 ad
1183 4218 1468 4315 inlagationem.

237 4339 284 4414 F.
301 4345 373 4419 127
401 4339 504 4414 Item
526 4339 669 4437 poterit
690 4337 881 4434 utlagatio
903 4337 1146 4435 pronuntiari
1167 4337 1275 4413 nulla
1298 4347 1336 4413 et
1358 4338 1428 4412 fiat
1449 4338 1564 4413 breve
1584 4340 1686 4437 regis
1709 4365 1825 4439 super

499 4458 580 4545 hoc,
599 4466 637 4532 et
654 4457 761 4531 nulla
778 4456 852 4531 dici
870 4456 1013 4553 poterit
1029 4455 1161 4532 multis
1179 4456 1401 4532 rationibus.

399 4575 497 4664 Quae
516 4575 590 4651 dici
608 4574 752 4675 poterit
770 4575 878 4650 nulla
898 4584 936 4651 et
956 4574 1092 4672 quibus
1113 4573 1336 4663 rationibus,
1358 4576 1447 4673 quia
1466 4577 1592 4652 minus
1612 4577 1685 4653 rite
1706 4578 1822 4652 facta.

399 4695 503 4770 Item
518 4695 626 4769 nulla
642 4694 714 4769 dici
730 4693 875 4793 poterit
892 4695 931 4768 in
947 4693 1095 4769 casibus
1114 4693 1348 4792 subscriptis.

401 4814 442 4889 Si
460 4824 542 4889 tam
560 4812 623 4889 ille
642 4813 688 4888 de
707 4813 829 4887 forcia
847 4838 963 4909 quam
981 4811 1044 4888 ille
1063 4813 1110 4887 de
1129 4813 1235 4887 facto
1255 4812 1440 4908 fugerint,
1458 4823 1498 4888 ct
1519 4813 1720 4910 utlagatur
1739 4815 1824 4913 quis

497 4940 579 5007 tam
598 4939 759 5029 propter
777 4932 926 5006 factum
945 4956 1061 5028 quam
1080 4938 1241 5028 propter
1261 4930 1433 5018 forciam,
1452 4940 1491 5006 et
1510 4959 1531 5007 e
1550 4933 1753 5008 contrario.

235 5052 284 5127 F.
300 5059 372 5128 128
399 5050 579 5140 Qualiter
592 5061 630 5127 et
645 5051 799 5149 quando
814 5050 1057 5149 pronuntiari
1073 5050 1209 5125 debeat
1223 5050 1418 5148 utlagaria
1433 5051 1479 5126 de
1494 5052 1599 5128 facto
1614 5061 1653 5128 et
1669 5054 1823 5151 quando

498 5169 548 5244 de
564 5169 696 5258 forcia,
714 5195 764 5244 an
781 5169 913 5246 statim
929 5179 967 5245 et
983 5170 1117 5244 eodem
1135 5169 1195 5244 die
1213 5168 1363 5244 diversa
1380 5168 1520 5267 opinio

400 5288 443 5364 Si
458 5288 521 5363 ille
538 5290 585 5364 de
600 5288 722 5362 forcia
738 5313 905 5387 praescns
922 5288 970 5364 sit
986 5298 1024 5363 et
1041 5288 1103 5364 ille
1120 5289 1168 5363 de
1185 5287 1291 5362 facto
1307 5288 1466 5383 fugerit,
1482 5288 1543 5363 vel
1560 5289 1590 5364 si
1607 5298 1779 5388 uterque.

400 5407 443 5482 Si
459 5407 543 5505 quis
559 5407 600 5481 in
615 5415 754 5505 quarto
771 5406 955 5482 comitatu
972 5406 1064 5482 velit
1079 5429 1335 5504 manucapere
1352 5429 1431 5481 non
1449 5406 1637 5483 audietur.
