4392 6352
848 477 910 540 na
932 477 1207 542 ncrroruaus
1753 487 1828 556 299

237 625 486 716 berationem,
506 652 663 726 poenam
684 628 900 727 pilloralem
920 638 960 706 et
978 630 1271 730 twymboralem
1292 639 1330 707 et
1352 629 1538 707 damnum
1558 655 1646 707 cum
1667 631 1829 708 infamia

237 744 437 822 inducunt.
461 745 563 823 Sunt
584 747 701 822 etiam
722 747 897 845 quaedam
917 773 1001 847 quae
1021 748 1222 846 dignitatis
1244 757 1283 825 et
1304 749 1448 826 ordinis
1469 749 1657 826 inducunt
1679 748 1828 848 deposi-

237 862 382 940 tionem
397 864 458 940 vel
473 863 633 940 alicuius
650 874 757 942 actus
774 865 1031 964 privationem
1046 866 1107 942 vel
1124 866 1430 965 prohibitionem.
1450 867 1509 943 Et
1527 892 1605 943 non
1622 867 1697 944 alio
1713 868 1829 944 modo

237 983 425 1083 puniatur
446 982 531 1082 quis
553 1008 670 1082 quam
691 985 901 1061 secundum
923 986 1027 1083 quod
1050 1010 1091 1062 se
1111 985 1250 1062 babeat
1273 985 1552 1075 condemnatio,
1575 995 1620 1063 ut
1644 986 1675 1062 si
1698 986 1829 1085 gladio

238 1101 491 1178 animadverti
507 1100 645 1178 debeat
661 1101 702 1177 in
718 1102 894 1200 aliquem,
911 1110 1005 1177 tunc
1021 1102 1127 1179 non²⁸
1145 1104 1267 1180 securi
1283 1129 1407 1202 neque
1424 1104 1502 1180 telo
1519 1130 1643 1203 neque
1660 1105 1828 1182 fustibus

237 1219 298 1296 rel
315 1219 453 1319 laqueo
470 1219 545 1296 alio
564 1245 687 1317 quove
704 1221 830 1297 modo.
851 1222 955 1298 Item
973 1220 1039 1320 qui
1057 1222 1133 1298 vivi
1152 1223 1261 1298 exuri
1280 1221 1420 1299 debent
1438 1246 1518 1298 non
1537 1223 1589 1300 eis
1609 1223 1828 1300 verberibus

238 1336 267 1412 f.
285 1338 377 1430 105]
432 1347 627 1427 noceatur,
648 1361 718 1413 nec
739 1338 869 1436 virgis,
891 1363 961 1415 nec
981 1340 1200 1417 tormentis:
1223 1340 1313 1440 quia
1334 1340 1508 1440 plerique
1530 1340 1713 1417 deficiunt
1736 1342 1829 1418 dum

236 1457 493 1556 torquentur,¹
505 1467 545 1534 et
557 1457 627 1533 hoc
639 1457 712 1534 nisi
725 1456 837 1534 aliter
849 1457 981 1556 exigat
993 1459 1200 1534 enormitas
1211 1458 1349 1535 delicti.
1363 1458 1500 1534 Solent
1508 1459 1828 1557 proesidesincar·

237 1599 322 1653 cere
337 1575 587 1653 continendos
603 1577 787 1652 damnare
802 1585 847 1652 ut
862 1576 903 1652 in
918 1575 1078 1654 vinculis
1095 1577 1376 1666 contineantur,
1395 1578 1462 1654 sed
1478 1577 1695 1655 huiusmodi
1711 1577 1828 1654 inter·

238 1693 348 1772 dictae
370 1703 461 1771 sunt
482 1695 625 1792 alege,
648 1694 738 1792 quia
759 1719 888 1771 carcer
910 1695 961 1771 ad
983 1695 1233 1772 continendos
1255 1695 1426 1772 homines
1449 1704 1489 1772 et
1511 1721 1589 1772 non
1613 1695 1828 1796 puniendos

237 1811 368 1888 baberi
386 1811 510 1889 debet.
529 1812 830 1912 Respiciendum
848 1822 906 1890 est
924 1813 1108 1890 iudicanti
1127 1840 1176 1890 ne
1194 1813 1286 1912 quid
1306 1821 1376 1889 aut
1395 1814 1528 1891 durius
1548 1823 1617 1890 aut
1636 1813 1828 1890 remissius

237 1929 496 2007 constituatur
516 1957 633 2030 quam
652 1956 769 2008 causa
789 1932 972 2030 deposcit,
993 1956 1062 2008 nec
1083 1931 1184 2009 enim
1206 1941 1275 2009 aut
1296 1932 1508 2009 severitatis
1530 1942 1599 2009 aut
1620 1931 1829 2008 clementiae

237 2050 362 2149 gloria
385 2049 607 2127 affectanda
630 2058 700 2139 est,
725 2049 792 2126 sed
814 2075 1007 2149 perpenso
1030 2049 1168 2127 iudicio
1192 2060 1311 2151 prout
1336 2075 1496 2149 quaeque
1519 2075 1580 2128 res
1605 2049 1829 2149 expostulat

238 2168 497 2245 statuendum.
523 2169 576 2245 In
597 2166 802 2245 levioribus
824 2168 948 2245 causis
972 2168 1171 2269 proniores
1195 2195 1276 2245 esse
1300 2168 1440 2246 debent
1465 2170 1516 2245 ad
1540 2167 1749 2245 lenitatem.
1777 2169 1828 2244 In

237 2285 477 2384 gravioribus
489 2312 581 2362 vero
594 2286 717 2385 poenis
732 2287 974 2363 severitatem
987 2286 1119 2384 legum
1132 2311 1220 2362 cum
1234 2286 1362 2385 aliquo
1375 2295 1682 2386 temperamento
1695 2287 1827 2384 benig·

236 2404 369 2481 nitatis
382 2404 571 2504 subsequi.
584 2404 643 2482 Et
655 2429 778 2503 poena
790 2404 920 2504 potius
932 2404 1146 2481 mollienda
1160 2413 1251 2482 sunt
1264 2415 1381 2503 quam
1393 2405 1677 2503 exasperanda.
1690 2404 1827 2481 Delin-

237 2531 362 2620 quunt
377 2522 546 2600 latrones
562 2523 762 2622 proposito
779 2549 850 2622 per
866 2524 1085 2600 factionem.
1104 2523 1229 2612 Ebrii,
1246 2523 1394 2622 impetu
1412 2550 1482 2622 per
1499 2523 1723 2600 ebrietatem
1740 2549 1828 2600 cum

237 2641 286 2718 ad
301 2667 439 2718 manus
454 2641 515 2718 vel
532 2641 694 2718 ferrum'
711 2641 945 2740 pervenitur.
966 2641 1082 2730 Casu,
1099 2666 1187 2718 cum
1203 2667 1274 2740 per
1290 2641 1561 2730 infortunium,
1579 2650 1624 2717 ut
1642 2642 1673 2719 si
1690 2642 1827 2741 aliquis

236 2759 414 2836 venando
426 2786 497 2861 per
510 2759 632 2837 telum
645 2760 686 2837 in
701 2760 827 2836 feram
840 2759 999 2836 missum
1012 2759 1205 2835 bominem
1217 2759 1466 2849 interfecerit,
1481 2770 1522 2837 et
1538 2760 1675 2837 similia
1688 2786 1826 2860 perpe·

235 2879 408 2956 traverit.
431 2878 588 2956 Crimen
608 2878 669 2955 vel
689 2902 806 2977 poena
825 2887 989 2977 paterna
1009 2878 1157 2953 nullam
1176 2878 1367 2954 maculam
1388 2877 1468 2954 filio
1489 2877 1664 2977 infligere
1684 2887 1824 2978 potest.

239 2995 345 3095 Igni⁸
372 3004 667 3074 concremantur
695 2996 761 3094 qui
790 2995 905 3072 saluti
934 2995 1179 3078 dominorum
1207 3021 1365 3072 suorum
1393 2995 1668 3073 insidiaverint.
1700 2997 1826 3074 Facta

235 3114 480 3213 puniuntur‚‘
498 3125 544 3192 ut
562 3114 698 3203 furta,⁸
715 3113 928 3191 homicidia.
951 3114 1118 3212 Scripta,
1138 3123 1183 3191 ut
1203 3115 1303 3190 falsa
1323 3124 1362 3191 et
1381 3114 1498 3190 libelli
1519 3114 1668 3191 famosi.
1691 3116 1825 3192 Consi·

235 3233 312 3324 lia,⁸
332 3235 391 3312 ut'
409 3234 701 3311 coniurationes.
725 3234 804 3310 Sed
822 3232 900 3308 baec
919 3241 1087 3332 quatuor
1106 3257 1250 3330 genera
1269 3232 1545 3310 consideranda
1566 3243 1657 3310 sunt
1678 3241 1826 3332 septem

234 3357 369 3446 modis,
382 3381 509 3444 causa,
522 3380 700 3455 persona,
712 3354 807 3444 loco,
820 3363 1007 3455 tempore,
1021 3353 1218 3453 qualitate,
1233 3353 1450 3452 quantitate
1464 3363 1503 3430 et
1516 3362 1667 3431 eventu.
1684 3355 1825 3443 Causa,

235 3483 280 3551 ut
302 3475 344 3550 in
364 3473 584 3550 verberibus
608 3498 691 3571 quae
713 3472 906 3571 impunita
929 3481 1020 3549 sunt
1043 3498 1067 3548 a
1090 3471 1276 3570 magistro
1300 3471 1361 3547 vel
1384 3480 1547 3571 parente
1571 3472 1642 3549 nisi
1666 3474 1825 3549 modum

234 3593 434 3681 excedant,
457 3591 549 3690 quia
569 3590 846 3667 emendationis
868 3589 920 3667 et·
943 3588 1035 3666 non⁹
1057 3590 1203 3666 iniuria
1226 3589 1354 3688 gratia
1376 3590 1557 3667 videntur
1580 3591 1761 3679 adhiberi,
1785 3601 1825 3668 et

234 3709 451 3811 puniuntur
469 3734 557 3786 cum
576 3709 660 3808 quis
680 3735 750 3808 per
769 3709 867 3785 iram
885 3706 961 3785 ab¹⁰
982 3707 1193 3784 extraneo¹¹
1214 3699 1390 3807 pulsatus
1411 3717 1480 3786 est
1503 3709 1677 3786 Persona
1698 3708 1823 3808 dupli·

233 3828 327 3905 citer
350 3837 560 3928 spectatur,
584 3828 664 3905 eius
687 3826 828 3904 scilicet
851 3827 916 3925 qui
940 3827 1033 3903 fecit
1056 3836 1096 3903 et
1119 3827 1200 3903 eius
1224 3827 1289 3924 qui
1313 3851 1450 3925 passus
1474 3837 1543 3904 est
1568 3827 1699 3904 Aliter
1722 3827 1825 3903 enim

234 3949 451 4048 puniuntur
468 3975 517 4026 ex
535 3949 677 4026 eisdem
696 3947 928 4024 factionibus
947 3945 1073 4024 servi²²
1092 3972 1208 4046 quam
1227 3946 1347 4034 liberi,
1367 3957 1406 4023 et
1427 3946 1538 4022 aliter
1557 3946 1622 4044 qui
1642 3944 1763 4044 quid¹⁸
1782 3947 1824 4022 in

235 4066 434 4144 dominum
460 4076 709 4166 parentemve
737 4064 969 4143 commiserit
998 4091 1114 4163 quam
1141 4065 1183 4140 in
1211 4074 1450 4153 extraneum,
1480 4065 1521 4140 in
1550 4065 1824 4162 magistratum

234 4213 350 4286 quam
367 4185 574 4286 privatum.
593 4185 651 4262 Et
668 4183 842 4261 similiter
858 4184 981 4260 artatis
999 4183 1098 4260 ratio
1114 4181 1291 4259 habenda
1309 4191 1377 4259 est.
1397 4182 1526 4259 Locus
1545 4183 1640 4259 facit
1658 4192 1704 4259 ut
1721 4183 1823 4258 idem

233 4305 283 4382 sit
296 4305 449 4381 furtum
459 4304 520 4379 vel
533 4302 786 4401 sacrilegium,
800 4310 840 4378 et
853 4300 1062 4379 secundum
1075 4300 1146 4377 hoc
1158 4301 1284 4377 minor
1296 4325 1414 4400 poena
1426 4301 1486 4376 vel
1499 4301 1631 4377 maior.
1648 4301 1822 4399 Tempus

232 4425 413 4502 discernit
431 4426 651 4524 predonem
670 4449 693 4500 a
711 4423 799 4500 fure
816 4423 876 4499 vel
894 4422 1151 4512 effractorem,
1171 4430 1210 4498 et
1229 4422 1358 4497 furem
1377 4421 1559 4497 diurnum
1577 4447 1601 4496 a
1620 4429 1820 4496 nocturno.

234 4542 445 4631 Quantitas
462 4541 642 4618 discernit
660 4541 788 4617 furem
807 4541 855 4617 ab
873 4540 1020 4637 abigeo,
1039 4539 1249 4617 secundum
1268 4540 1370 4638 quod
1389 4540 1542 4615 furtum
1562 4540 1681 4615 fuerit
1699 4539 1822 4616 maius

233 4659 510 4749 velminus,ut
528 4659 660 4758 siquis
679 4685 785 4736 suem
803 4658 1043 4758 surripuerit,
1064 4659 1141 4748 fur,
1160 4668 1198 4735 et
1217 4659 1248 4735 si
1267 4659 1351 4757 quis
1369 4682 1541 4756 gregem,
1561 4658 1718 4756 abigeus
1737 4659 1821 4734 erit.

234 4778 424 4867 Eventus,
444 4787 489 4854 ut
509 4778 541 4854 si
561 4803 609 4853 ex
628 4777 828 4854 voluntate
848 4787 887 4854 et
907 4776 1137 4854 conscientia
1158 4785 1264 4853 certa
1284 4776 1419 4853 fecerit
1440 4775 1524 4875 quis
1547 4776 1702 4874 aliquid,
1725 4776 1822 4853 sicut

232 4994 259 5030 ²⁸
269 5016 353 5070 vero,
368 4997 436 5072 oc,
451 4997 520 5071 oa,
535 4997 611 5069 MA,
628 4996 704 5071 Ma,
720 4996 787 5072 cn,
802 4996 841 5056 r.

314 5095 535 5175 ¹torquuntur,
556 5096 625 5173 OB,
647 5096 721 5157 MA.
764 5083 829 5157 ’ad
851 5095 981 5173 ferrum,
1002 5095 1069 5172 OC,
1091 5096 1167 5156 MG.
1211 5092 1318 5174 'igne
1339 5096 1378 5170 V,
1401 5095 1479 5171 MG,
1500 5095 1574 5155 CM.
1618 5091 1822 5171 ‘puniantur‚

233 5198 299 5274 oo,
315 5199 393 5274 us,
408 5199 475 5274 cu,
490 5199 564 5260 cu.
601 5197 712 5258 ‘fura
727 5197 788 5272 vu,
803 5198 872 5274 oa,
888 5199 964 5273 un,
980 5198 1044 5257 Ma
1066 5195 1200 5274 (faa),
1216 5196 1254 5256 r.
1292 5193 1456 5269 rancun,
1472 5195 1541 5269 on,
1557 5195 1623 5256 ca.
1662 5193 1728 5268 τοι,
1745 5194 1821 5270 un,

232 5297 308 5360 ΜΒ.
345 5296 476 5374 ⁸’'Om.‚
490 5297 559 5372 OB,
576 5297 652 5372 MA,
667 5297 742 5358 ΜΒ.
778 5296 845 5332 ¹¹¹¹¹
857 5297 937 5371 Om.,
952 5296 1021 5373 OB,
1037 5297 1113 5372 MA,
1129 5297 1205 5373 ΜΒ,
1221 5297 1287 5374 CE,
1304 5297 1379 5371 CM,
1395 5297 1433 5359 Y.
1472 5295 1575 5358 ”tam
1590 5301 1681 5373 servi,
1698 5296 1764 5371 ΟΕ,
1781 5296 1821 5370 Υ,

118 5433 121 5442 ·
232 5397 306 5459 Mc,
343 5396 370 5432 ¹⁸
381 5398 504 5476 quidem
519 5396 707 5476 aliquid,V;
723 5397 854 5477 quidem,
871 5397 950 5471 CM;
966 5418 1036 5475 om,
1051 5398 1130 5490 MG,
1146 5397 1212 5460 OC.
