4392 6352
395 463 470 534 324
927 457 1151 522 BRACTON:
1173 457 1234 520 DE
1258 459 1450 522 LEGIBUS

395 605 562 684 maxime
583 607 614 684 si
634 606 820 684 civiliter¹⁸
842 616 993 706 agatur.
1015 607 1101 685 Bt²⁸
1121 609 1161 686 in
1182 609 1330 686 actione
1351 607 1605 685 iniuriarum''
1626 608 1793 686 illustres
1815 633 1989 707 persone

396 750 468 824 per
487 735 778 824 procuratorem
798 752 912 824 agere
933 752 1078 825 possun
1097 725 1136 816 ,²⁸
1156 736 1202 804 ut
1222 727 1273 803 iii.
1295 753 1358 826 qu.
1379 727 1431 804 ix.
1458 725 1475 826 5
1499 727 1573 806 nisi
1593 737 1632 804 et
1655 728 1700 804 C.
1723 728 1771 806 da
1792 726 1940 804 imariia
1959 728 1986 804 l.

396 845 544 922 ultima.
564 846 667 922 Item
683 846 723 921 in
740 871 785 921 eo
802 847 905 944 quod
922 847 1084 944 poenalis
1103 856 1160 923 est
1177 873 1256 923 non
1273 847 1389 924 datur
1406 847 1446 922 in
1463 847 1621 923 heredes
1639 845 1882 945 similesque²⁹
1899 872 1987 946 per-

397 989 508 1042 sonas
522 966 594 1042 nisi
607 967 648 1041 in
661 974 850 1064 quantum
863 967 913 1042 ad
926 991 990 1042 eos
1004 965 1233 1064 pervenerit.
1250 967 1353 1042 Item
1367 966 1399 1042 si
1411 974 1547 1041 contra
1562 965 1755 1064 pupillum
1771 975 1911 1064 agatur
1925 965 1988 1041 vel

396 1083 598 1172 furiosum,
617 1084 666 1160 ad
684 1086 826 1160 damna
843 1084 932 1160 inde
950 1109 1029 1160 non
1047 1093 1240 1172 tenentur,
1259 1084 1331 1160 nisi
1349 1084 1390 1160 in
1409 1092 1598 1182 quantum
1615 1085 1667 1161 ad
1686 1109 1750 1160 eos
1769 1083 1988 1183 pervenerit

395 1210 441 1278 ut
455 1227 586 1300 supra,
602 1201 693 1300 quia
707 1201 853 1279 affectu
867 1209 1012 1291 carent,
1029 1202 1100 1279 nisi
1117 1202 1289 1301 pupillus
1306 1203 1409 1279 forte
1426 1203 1503 1278 doli
1520 1227 1645 1301 capax
1663 1201 1800 1293 sit.⁸⁰>

494 1320 561 1397 De
578 1321 727 1398 action
745 1319 783 1397 vi
800 1319 987 1397 bonoram
1005 1330 1208 1419 raptorum
1226 1319 1379 1418 triplici.

397 1438 509 1514 Irrn
523 1438 623 1515 actio
637 1438 756 1514 civilis
770 1463 858 1516 cum
872 1439 1079 1539 aliquando
1093 1439 1237 1538 triplex
1253 1440 1302 1517 sit
1318 1449 1356 1516 et
1373 1439 1481 1538 quasi
1495 1439 1631 1528 mixta,
1647 1440 1788 1516 scilicet
1803 1465 1986 1539 persona-

394 1559 453 1648 lis,
472 1559 634 1658 poenalis
652 1568 692 1636 et
709 1559 764 1635 rei
781 1559 1053 1658 persecutoria,
1072 1558 1171 1634 sicut
1189 1559 1237 1634 de
1256 1558 1497 1635 restitutione
1516 1558 1781 1658 spoliatorum,
1801 1559 1905 1658 quod
1925 1585 1986 1636 res

394 1677 604 1777 corporalis
620 1687 659 1755 et
674 1677 876 1754 immobilis
893 1677 1121 1755 restituatur
1137 1678 1314 1777 spoliato,
1331 1677 1392 1753 vel
1410 1679 1513 1776 quod
1531 1703 1590 1754 res
1608 1676 1870 1776 incorporalis,
1889 1677 1987 1754 sicut

393 1795 452 1872 ius
471 1796 637 1895 aliquod,
655 1794 721 1870 in⁸²
740 1797 912 1873 debitum
930 1804 1075 1873 statum
1092 1797 1338 1885 reformetur,
1358 1795 1455 1872 sicut
1474 1796 1546 1871 dici
1564 1796 1709 1895 poterit
1727 1796 1775 1872 de
1793 1795 1985 1872 servituti-

395 1914 477 2005 bus,
493 1924 538 1992 ut
555 1916 602 1992 de
618 1916 701 1992 iure
717 1915 844 2004 eundi,
860 1917 1013 2014 agendi,
1031 1925 1069 1992 et
1086 1917 1134 1992 de
1150 1916 1232 1992 iure
1250 1915 1431 2014 pascendi
1447 1915 1488 1990 in
1505 1916 1629 1991 fundo
1647 1914 1783 2003 alien0,
1799 1924 1840 1991 et
1856 1915 1985 1990 huius·

393 2036 509 2125 modi,
526 2036 621 2112 bene
638 2045 823 2134 poterunt
838 2036 916 2111 haec
932 2037 1060 2112 omnia
1075 2034 1215 2110 unica⁸²
1233 2035 1380 2111 actione
1396 2034 1607 2123 terminari,
1625 2035 1723 2111 sicut
1741 2060 1811 2133 per
1828 2035 1986 2111 assisam

392 2179 502 2229 novae
519 2153 733 2243 disseisinoe,
752 2155 961 2230 secundum
979 2153 1148 2230 diversas
1167 2153 1309 2252 species
1329 2153 1623 2231 disseisinarum.
1645 2154 1865 2231 Personalis
1884 2155 1986 2230 enim

394 2281 452 2348 est
464 2270 581 2371 quia⁸⁸
594 2282 748 2349 tantum
762 2272 906 2349 datur⁸⁴
919 2272 1095 2370 spoliato,
1109 2282 1148 2349 et
1161 2273 1346 2371 competit
1359 2282 1495 2349 contra
1508 2273 1755 2371 spoliatorem
1767 2274 1809 2348 in
1823 2299 1868 2348 eo
1882 2274 1986 2372 quod

394 2388 557 2490 poenalis
574 2399 643 2467 est.
661 2392 738 2468 Est
754 2389 898 2467 etiam⁸⁸
914 2392 1076 2489 poenalis
1093 2401 1256 2490 propter
1272 2391 1454 2468 delictum
1470 2393 1561 2491 quia
1576 2392 1716 2470 iniuste
1733 2403 1773 2469 et
1790 2393 1871 2469 sine
1888 2393 1985 2470 iudi·

394 2510 464 2599 ci0,
480 2520 519 2588 et
532 2519 688 2587 tantum
701 2509 972 2609 persequitur⁸⁸
988 2509 1247 2608 spoliatorem,
1263 2511 1294 2586 si
1310 2509 1525 2608 spoliatus⁸'
1541 2520 1735 2609 superstes
1753 2510 1813 2599 sit,
1829 2511 1924 2588 etin
1940 2536 1984 2586 eo

394 2630 498 2728 quod
515 2629 677 2728 poenalis
695 2627 782 2706 est⁸⁸
797 2627 1041 2727 extinguitur
1057 2654 1127 2727 per
1144 2638 1308 2705 mortem
1326 2631 1527 2728 utriusque
1544 2630 1605 2706 vel
1624 2629 1781 2706 alterius
1800 2630 1983 2728 ipsorum.

395 2749 472 2824 Est
489 2747 606 2825 etiam
621 2747 861 2824 restitutoria
876 2757 1030 2824 tantum
1047 2746 1265 2846 aliquando,
1284 2757 1322 2824 et
1340 2747 1445 2825 non⁸⁹
1463 2748 1625 2846 poenalis
1643 2757 1832 2846 quantum
1852 2749 1903 2824 ad
1921 2775 1985 2825 eos

390 2867 460 2966 'qui
479 2868 666 2944 immunes
686 2877 777 2944 sunt
798 2894 820 2943 a
841 2866 979 2943 delicto
999 2865 1214 2954 disseisinae,
1236 2866 1326 2964 quia
1346 2890 1502 2964 poenam
1523 2867 1664 2942 sentire
1684 2892 1763 2942 non
1784 2865 1898 2943 debet
1919 2867 1985 2965 qui

393 2985 572 3062 immunis
588 2993 646 3062 est
661 2985 712 3061 a⁴⁰
727 2984 882 3082 culpa,‘²
899 2985 1109 3061 secundum
1125 2985 1228 3083 quod
1243 2984 1405 3060 inferius
1422 2985 1570 3061 dicetur
1586 2986 1634 3061 de
1650 2984 1768 3061 assisa
1784 3010 1892 3061 novae
1909 2985 1983 3062 dis·

395 3105 549 3182 seisinae.
570 3106 673 3181 Item
691 3129 740 3180 ex
757 3129 836 3180 uno
856 3105 961 3180 facto
980 3103 1161 3180 iniurioso
1181 3105 1311 3202 plures
1331 3113 1494 3201 possunt
1514 3103 1605 3179 oriri
1626 3104 1793 3180 actiones
1814 3104 1983 3202 poenales

393 3224 460 3302 in⁴²
481 3249 597 3301 causa
614 3222 725 3311 civili,
746 3233 784 3300 et
804 3223 871 3298 uni
890 3233 1107 3320 competere
1126 3222 1188 3297 vel
1207 3222 1383 3320 pluribus
1402 3232 1539 3299 contra
1557 3247 1679 3298 unum
1699 3222 1761 3298 vel
1781 3222 1924 3321 plures,
1945 3231 1984 3298 et

394 3368 525 3420 omnes
541 3341 653 3419 simul
669 3342 765 3418 bene
780 3339 992 3440 poter1mt⁴'
1009 3340 1203 3428 intentari,
1220 3365 1307 3415 cum
1323 3365 1402 3416 non
1419 3341 1496 3417 sint
1511 3339 1712 3416 contrariae
1728 3340 1789 3417 vel
1807 3339 1982 3439 praeiudi·

394 3459 507 3537 ciales
524 3461 590 3536 sed
607 3485 687 3536 sese
703 3458 1004 3558 compatiuntur,
1021 3467 1067 3534 ut
1083 3458 1203 3534 videri
1221 3459 1375 3557 poterit.
1394 3459 1455 3536 Ut
1472 3459 1503 3534 si
1520 3459 1604 3557 quis
1623 3459 1717 3534 nihil
1734 3459 1827 3535 iuris
1845 3460 1984 3535 habeat

392 3579 579 3656 infundo
601 3578 726 3654 alieno
747 3601 817 3654 nec
839 3577 1007 3676 aliquam
1029 3576 1253 3653 servitutem
1275 3586 1410 3653 contra
1432 3579 1673 3654 voluntatem
1695 3578 1851 3666 domini,
1876 3579 1982 3654 cuius

394 3699 540 3774 fundus
560 3697 623 3772 ille
643 3696 774 3785 fuerit,
796 3697 985 3773 fossatum
1004 3696 1200 3785 levaverit,
1221 3696 1351 3794 plures
1371 3705 1589 3794 competere
1610 3695 1822 3795 poterrmt⁴⁴
1845 3722 1893 3772 ex
1914 3697 1983 3772 hoc

393 3815 548 3892 domino
567 3815 680 3891 fundi
700 3815 879 3904 actiones
900 3813 1040 3891 scilicet
1060 3813 1177 3890 assisa
1196 3839 1304 3890 novae
1322 3813 1527 3891 disseisinae
1546 3815 1593 3890 de
1613 3815 1732 3890 libero
1751 3823 1982 3903 tenemento,

393 3959 441 4008 ex
461 3960 537 4032 quo
555 3933 644 4009 talis
664 3932 744 4009 sic⁴⁸
764 3958 907 4009 novum
926 3958 1024 4031 opus
1044 3932 1179 4010 fecerit
1200 3932 1239 4008 in
1259 3933 1394 4021 alieno,
1415 3944 1454 4009 et
1474 3958 1555 4008 rem
1576 3933 1739 4009 alienam
1761 3931 1841 4009 sic⁴⁶
1862 3933 1982 4008 invito

392 4053 547 4129 domino
566 4052 831 4129 contrectavit.
852 4053 920 4127 Ex
938 4052 1009 4127 hoc
1027 4052 1143 4127 etiam
1162 4051 1306 4149 poterit
1325 4051 1359 4127 ei
1378 4059 1594 4151 competere
1614 4061 1652 4128 et
1672 4052 1759 4140 alia,
1780 4053 1884 4151 quod
1905 4053 1981 4128 fos·

392 4181 520 4247 satum
535 4171 632 4248 illud
646 4171 817 4247 levatum
833 4180 891 4247 est
908 4169 957 4246 ad
972 4178 1247 4246 nocumentum
1260 4170 1369 4246 liberi
1385 4170 1595 4245 tenementi
1611 4170 1680 4258 sui,
1697 4196 1741 4246 eo
1759 4170 1863 4246 forte
1879 4171 1982 4269 quod

392 4287 490 4386 Per⁴'
515 4287 733 4364 fossatum⁴⁸
758 4287 903 4387 poterit
926 4287 1074 4364 obstrui
1097 4288 1160 4364 via
1184 4287 1324 4385 aliqua.
1352 4286 1483 4365 Item⁴⁹
1508 4296 1725 4385 competere
1751 4289 1895 4394 poterit
1919 4287 1982 4364 ei⁶⁰

391 4474 479 4535 ²‘cui
499 4475 623 4551 dicitur,
644 4475 722 4549 MG,
744 4476 817 4536 CM.
861 4473 925 4508 Μ
938 4482 970 4534 et
989 4479 1022 4534 in
1043 4479 1163 4536 actione
1183 4479 1374 4550 iniuriarum,
1396 4475 1463 4551 LA,
1485 4476 1564 4548 MC;
1586 4483 1618 4535 et
1638 4477 1829 4550 iniuriarum,
1852 4475 1891 4549 V,
1913 4473 1982 4549 OA,

392 4577 462 4650 OB,
487 4575 563 4651 MA,
588 4577 664 4649 ΜΒ,
689 4575 756 4648 CB,
780 4576 820 4650 Y,
846 4575 913 4649 OC,
937 4575 1017 4650 MG,
1042 4577 1115 4636 CM.
1163 4574 1189 4609 ²⁸
1201 4580 1311 4654 possit,
1337 4577 1414 4651 MG,
1441 4577 1514 4637 CM.
1561 4574 1589 4608 ²⁹
1601 4576 1715 4637 similes
1741 4584 1783 4652 et,
1810 4577 1879 4652 OB,
1906 4576 1982 4651 MA,

392 4675 467 4736 ΜΒ.
508 4673 535 4708 ⁸⁰
547 4679 598 4736 sit.
620 4675 700 4735 Item
719 4673 759 4736 de
779 4671 887 4736 ordine
907 4678 1072 4752 actionum,
1093 4677 1161 4753 OA,
1183 4677 1250 4753 LA,
1272 4677 1346 4754 MC,
1367 4677 1436 4751 OB,
1457 4677 1534 4752 MB,
1556 4677 1623 4753 CB,
1643 4678 1684 4753 Y,
1706 4678 1773 4739 MA
1798 4675 1981 4755 (actionis);

390 4797 416 4837 c.
431 4797 456 4838 a.
470 4781 490 4838 i.
505 4776 535 4838 d.
549 4798 577 4837 o.
593 4799 620 4836 a.
636 4783 781 4851 eteetera,
795 4776 862 4851 OC,
876 4777 955 4851 MG,
970 4779 1043 4839 CM.
1079 4775 1251 4853 ³²et,MG,
1267 4779 1339 4839 CM.
1376 4776 1403 4811 ³²
1414 4797 1486 4852 una,
1501 4778 1570 4853 OB,
1585 4779 1662 4854 MA,
1679 4780 1753 4839 ΜΒ.
1790 4777 1982 4856 ⁸⁸qnoniam,

391 4879 465 4950 OB;
481 4879 614 4956 quando,
629 4880 710 4951 MA;
725 4878 817 4957 quod,
832 4879 915 4952 MG;
930 4881 1012 4958 quod
1026 4883 1117 4955 enim,
1133 4880 1205 4941 CM.
1242 4877 1507 4956 ⁸³¹³⁴qu0niamrl
1522 4887 1557 4952 t.,
1572 4879 1648 4940 ΜΒ.
1686 4876 1815 4956 ⁸⁶enim,
1831 4880 1898 4956 OC,
1914 4879 1982 4954 CE,

390 4979 430 5054 Y,
448 4980 525 5056 MG,
542 4980 616 5056 CM,
633 4979 714 5052 MB;
731 4983 854 5056 etenim,
870 4980 940 5055 OB,
956 4980 1031 5042 MA.
1070 4977 1096 5013 ⁸⁸
1108 4984 1315 5058 prosequitur,
1331 4981 1399 5056 LA,
1416 4980 1490 5055 MC,
1508 4980 1587 5054 MG,
1604 4981 1680 5041 MA.
1719 4979 1745 5014 ⁸⁷
1757 4982 1919 5059 spoliator,
1936 4981 1965 5042 V
1971 5003 1980 5054 ;

391 5080 554 5157 spoliatus,
575 5081 643 5156 OA,
664 5081 733 5156 OB,
754 5082 822 5157 OC,
842 5081 919 5155 MA,
940 5082 1017 5158 MB,
1039 5083 1114 5158 MC,
1134 5083 1213 5158 MG,
1236 5082 1302 5156 CB,
1324 5083 1398 5157 CM,
1421 5082 1459 5142 Y.
1503 5079 1624 5157 ⁸⁸Om.,
1646 5082 1724 5157 MG,
1746 5083 1819 5144 CM.
1863 5081 1982 5156 8⁹ideo,

391 5181 469 5256 MG,
486 5182 558 5243 CM.
597 5180 662 5216 ‘⁰¹⁴²
674 5183 755 5257 Om.,
771 5183 841 5259 OB,
857 5182 935 5257 MA,
950 5183 1027 5244 ΜΒ.
1065 5181 1380 5260 4ὀῐί11,Μ(ὶ,()Μ.
1420 5181 1446 5216 ⁴³
1458 5190 1598 5261 possunt,
1617 5184 1683 5260 LA,
1702 5184 1777 5259 MC,
1794 5185 1833 5246 Y.
1871 5182 1982 5262 “pos-

390 5289 473 5358 aunt,
490 5283 558 5360 OB,
577 5283 653 5360 MA,
671 5285 748 5360 MB,
765 5285 806 5359 Y,
823 5284 891 5359 LA,
908 5285 982 5347 MC.
1021 5282 1048 5318 ⁴⁸
1060 5284 1141 5362 Om,
1159 5285 1226 5361 CE,
1243 5285 1282 5346 Y.
1323 5282 1452 5360 “sicut,
1470 5285 1548 5360 MG,
1567 5285 1640 5346 CM.
1679 5283 1705 5318 ⁴⁷
1718 5284 1798 5360 Om,
1818 5285 1888 5359 OB,
1905 5286 1982 5362 MA,

392 5385 468 5459 MB,
485 5385 550 5446 CB.
590 5385 616 5418 ⁴⁸
629 5385 780 5447 fossatum
797 5385 886 5462 illud,
901 5387 940 5447 V.
977 5384 1005 5419 ‘⁰
1016 5392 1100 5463 tuuc,
1117 5388 1195 5462 MG,
1212 5387 1285 5447 CM.
1324 5383 1442 5462 ⁸⁰Om.,
1459 5386 1527 5460 OA,
1546 5386 1612 5460 LA,
1631 5386 1708 5461 MG,
1728 5388 1800 5447 CM.
