4374 6366
707 579 711 586 ,
739 510 801 570 or.
824 510 1029 572 rmcrrrs
1051 510 1240 572 corona
1714 520 1788 594 407

199 659 250 735 ad
267 685 381 758 quem
399 658 499 735 diem
517 659 660 757 poterit
677 685 716 736 se
734 668 896 758 uterque
914 660 1131 737 essoniare²'
1148 662 1208 737 vel
1229 686 1360 738 eorum
1380 661 1488 751 alter,
1508 663 1564 740 ita
1583 665 1687 762 quod
1704 665 1788 740 uni·

198 802 286 854 cum
299 777 494 853 babeant²⁸
508 778 710 854 essonium.
726 779 785 855 Et
801 779 833 855 si
848 777 1049 878 appellans
1065 779 1253 855 delaltam
1270 780 1405 857 iecerit
1420 782 1471 858 ad
1486 781 1587 858 diem
1603 782 1712 858 illum
1727 782 1788 859 vel

198 921 365 996 praesens
383 922 423 973 se
440 897 658 985 retraxerit,
678 896 897 995 appellatus
915 895 1067 995 quietus
1085 897 1236 975 recedet
1255 907 1294 974 et
1312 899 1513 998 appellans
1534 910 1572 977 et
1591 901 1710 999 plegii
1730 901 1789 977 sui

199 1016 247 1091 de
265 1016 532 1114 prosequendo
551 1015 592 1090 in
610 1015 879 1091 misericordia.
903 1015 945 1091 Si
966 1025 1096 1092 autem
1117 1017 1318 1115 appellans
1339 1018 1486 1095 venerit
1508 1026 1548 1092 et
1569 1018 1788 1118 appellatus

197 1158 288 1222 non,
303 1133 491 1209 habeatur
506 1132 726 1232 appellatus
742 1159 815 1232 pro
831 1134 1042 1210 indefenso.
1063 1135 1106 1211 Si
1122 1143 1253 1211 autem
1268 1144 1430 1233 uterque
1447 1136 1636 1212 defaltum
1654 1137 1789 1213 fecerit

198 1261 237 1330 et
250 1260 436 1329 testatum
450 1252 499 1328 sit
514 1252 616 1350 quod
630 1243 878 1327 concordati²⁶
893 1252 1052 1340 luerint,
1066 1261 1228 1351 uterque
1242 1253 1429 1351 capiatur,
1445 1263 1484 1330 et
1499 1254 1572 1351 ipsi
1587 1263 1626 1330 et
1642 1253 1788 1354 plegii²⁰

198 1371 239 1444 in
256 1370 525 1446 misericordia.
548 1370 591 1446 Si
610 1379 739 1447 autem
758 1379 964 1469 praesenres
986 1370 1144 1459 fuerint,
1164 1380 1327 1469 uterque
1346 1372 1596 1448 custodiatur.

300 1494 338 1570 V
336 1494 519 1570 icecomea
534 1518 620 1570 cam
636 1493 925 1570 coronatoribua
940 1503 1117 1571 testator.

199 1620 305 1695 Com
330 1627 459 1694 autem
483 1617 688 1695 vicecomes
712 1628 752 1695 et
776 1625 1020 1694 coronatores
1045 1618 1176 1695 testati
1203 1619 1349 1696 fuerint
1374 1619 1620 1708 contrarium,
1648 1620 1788 1696 scilicet

198 1738 302 1834 quod
320 1745 423 1813 secta
439 1734 545 1813 non²²
564 1736 613 1813 sit
630 1734 861 1813 sufficienter
878 1736 985 1812 iacta
1002 1762 1047 1812 eo
1065 1737 1168 1834 quod
1186 1735 1336 1812 nullum
1354 1736 1571 1814 buthesium
1590 1736 1788 1814 levatum²²

198 1879 267 1930 nec
286 1855 405 1954 plaga
422 1863 576 1931 ostensa
593 1879 724 1931 recens
743 1865 783 1931 et
802 1864 949 1953 aperta,
969 1879 1038 1930 nec
1058 1854 1259 1953 appellans
1279 1855 1384 1931 venit
1404 1879 1492 1931 cum
1511 1854 1694 1954 appello²⁸
1716 1855 1787 1931 nisi

198 1974 249 2050 ad
262 1973 471 2050 secundum
484 1972 709 2049 comitatum
722 1972 811 2049 vel²⁴
823 1973 993 2061 tertium,
1007 1973 1111 2049 cadit
1124 1973 1334 2071 appellum.
1350 1973 1409 2049 Et
1422 1982 1517 2049 tunc
1531 1973 1621 2071 quia
1636 1971 1788 2050 subesse

197 2092 342 2192 poterit
355 2091 511 2180 felonia,
524 2091 693 2189 inquirat
705 2090 802 2167 rex²⁶
817 2091 847 2167 si
859 2090 1024 2168 voluerit
1036 2117 1109 2190 pro
1122 2115 1218 2189 pace
1232 2117 1311 2166 sua.
1327 2091 1487 2167 Etcum
1501 2091 1557 2167 ita
1570 2091 1689 2167 luerit
1703 2091 1787 2189 quis

198 2211 429 2309 appellatus,
445 2220 484 2287 et
499 2219 602 2286 secta
615 2210 736 2287 fuerit
751 2210 846 2286 bene
863 2209 980 2298 facta,
995 2209 1149 2286 babebit
1165 2209 1346 2285 defensor
1361 2208 1583 2285 electionem
1598 2218 1733 2284 utrum
1748 2234 1787 2285 se

197 2329 407 2404 defendere
422 2327 516 2404 velit
530 2354 601 2427 per
617 2353 756 2426 corpus
773 2328 834 2403 vel
850 2353 921 2426 per
937 2328 1117 2426 patriam.
1135 2327 1194 2403 Et
1211 2328 1243 2403 si
1260 2327 1387 2425 aliquo
1405 2327 1566 2403 istorum
1584 2327 1787 2403 modorum

198 2473 237 2523 se
259 2446 487 2534 defenderit,
510 2472 641 2523 omnes
664 2445 850 2545 appellati
872 2446 920 2522 de
944 2446 1066 2521 loreia
1087 2445 1147 2521 vel
1170 2454 1363 2543 praeeepto
1387 2444 1504 2543 quieti
1527 2444 1717 2521 recedent.
1745 2443 1787 2520 Si

198 2573 328 2642 autem
355 2563 502 2640 luerit²⁸
529 2565 817 2652 condemnatus,
844 2572 938 2639 tunc
966 2563 1098 2640 statim
1118 2562 1410 2662 procedendum
1440 2563 1513 2639 erit
1541 2589 1673 2639 versus
1701 2561 1787 2638 illos

198 2683 414 2782 appellatos
430 2684 477 2759 de
493 2682 616 2758 forcia
630 2692 669 2760 et
683 2690 888 2781 praecepto.

296 2804 529 2881 Declioatar
549 2805 779 2903 quandoque
801 2804 1017 2882 huiuamodi
1038 2802 1236 2902 appellum
1257 2826 1329 2901 per
1351 2802 1611 2901 obreptiones:
1631 2801 1718 2879 ideo
1740 2801 1788 2877 de

298 2922 596 3023 acceptionibus.

196 3046 475 3121 Dscurva'rur
488 3042 744 3143 quandoque²⁷
759 3044 958 3142 appellum
971 3045 1019 3120 de
1032 3067 1127 3142 pace
1141 3051 1180 3120 et
1192 3042 1318 3141 plagis
1332 3067 1404 3141 per
1416 3042 1659 3141 exceptiones
1673 3065 1787 3139 gene·

198 3165 308 3253 rales,
326 3165 535 3240 secundum
551 3163 654 3262 quod
672 3163 846 3262 superius
864 3162 1004 3239 dicitur
1021 3162 1069 3237 de
1086 3161 1241 3261 appello
1260 3161 1306 3236 de
1323 3168 1447 3236 morte
1464 3159 1636 3235 hominis.
1656 3157 1786 3234 Deoli-

197 3291 315 3359 natur
332 3282 448 3358 etiam
466 3307 537 3380 per
555 3281 798 3379 exceptiones
817 3280 1011 3380 speciales,
1030 3281 1121 3378 quia
1140 3279 1354 3355 declinatur
1373 3288 1536 3377 propter
1554 3277 1788 3377 parvitatem

198 3400 335 3499 plagae,
359 3400 462 3476 unde
486 3399 701 3474 notandum
725 3409 782 3474 est
806 3399 909 3496 quod
933 3399 974 3474 in
998 3398 1153 3496 appello
1178 3399 1225 3474 de
1249 3422 1344 3496 paee
1369 3406 1408 3472 et
1432 3398 1558 3495 plagis
1584 3397 1786 3493 designan-

198 3514 319 3593 dum²⁸
333 3516 433 3594 erit²⁹
447 3517 555 3593 cuius
567 3517 819 3614 longitudinis
835 3516 955 3593 fuerit
969 3503 1099 3615 plaga,
1115 3524 1154 3592 et
1169 3515 1275 3593 cuius
1291 3515 1583 3614 profunditatis,
1600 3525 1638 3592 et
1654 3525 1789 3592 utrum

198 3636 249 3713 ibi
268 3637 319 3714 sit
336 3637 456 3735 plaga
474 3637 536 3712 vel
555 3637 710 3726 rifflura,
731 3635 871 3713 adhoc
891 3637 994 3735 quod
1014 3637 1199 3735 procedat
1220 3636 1391 3712 duellum
1411 3635 1471 3711 vel
1492 3661 1570 3711 non
1590 3636 1785 3733 procedat.

198 3757 261 3832 Ut
279 3755 363 3831 sciri
382 3755 503 3853 possit
522 3779 593 3854 per
612 3755 761 3831 iactum
779 3764 912 3831 utrum
931 3755 981 3830 sit
999 3755 1051 3829 ibi
1071 3754 1210 3829 iniuria
1229 3754 1288 3829 vel
1310 3753 1464 3842 felonia,
1486 3763 1525 3830 et
1546 3753 1683 3828 exinde
1704 3778 1787 3851 quae

199 3882 382 3972 sequatur
399 3898 526 3973 poena.
546 3873 699 3950 Poterit
718 3870 898 3971 quidem⁸⁰
918 3873 1013 3948 alius
1034 3873 1082 3947 ab
1102 3898 1146 3947 eo
1165 3873 1230 3970 qui
1249 3871 1428 3947 iniuriam
1446 3897 1583 3970 passus
1604 3880 1661 3947 est
1682 3870 1788 3969 sequi

198 3993 397 4091 appellum
417 4018 489 4091 pro
510 4017 555 4066 eo
576 3990 607 4067 si
626 3992 708 4089 ipse
728 3992 926 4067 commode
946 3992 1052 4089 sequi
1073 4015 1152 4066 non
1172 3990 1305 4089 possit,
1326 3999 1371 4067 ut
1392 3989 1422 4065 si
1445 3989 1564 4064 luerit
1586 3988 1788 4088 parentela

198 4110 227 4185 f.
244 4109 362 4203 144b]
386 4179 389 4183 .
417 4109 642 4186 coniunctus
659 4109 721 4184 vel
737 4108 927 4206 homagio.
946 4108 1099 4186 Poterit
1117 4108 1233 4185 etiam
1251 4108 1357 4206 sequi
1375 4109 1424 4184 ad
1442 4108 1699 4205 utlagandum
1718 4132 1786 4205 ap·

198 4228 387 4326 pellatum
401 4252 489 4303 cum
505 4227 608 4304 forte
623 4253 662 4303 se
677 4227 923 4314 subtraxerit,
938 4227 1009 4302 hoo
1024 4227 1210 4304 tamenin
1226 4227 1380 4324 appello
1397 4227 1587 4324 apposito,
1605 4225 1708 4324 quod
1724 4225 1787 4301 ille

198 4344 448 4445 principalis⁸1
466 4354 688 4443 sequeretur
706 4345 736 4420 si
752 4353 894 4443 posset,
912 4355 949 4420 et
967 4353 1148 4443 sequetur
1163 4345 1194 4421 si
1211 4344 1343 4443 possit.
1363 4345 1420 4420 Et
1436 4345 1540 4419 unde
1557 4369 1627 4442 per
1645 4351 1787 4420 sectam

196 4464 285 4540 talis
309 4464 453 4563 poterit
476 4464 695 4563 appellatus
718 4464 888 4560 utlagari
912 4472 1075 4562 propter
1098 4462 1365 4561 impotentiam
1389 4459 1623 4560 principalis.
1652 4462 1730 4537 Sed
1756 4461 1787 4536 si

198 4591 289 4658 ante
304 4583 584 4680 utlagationem
599 4581 847 4670 convaluerit,
865 4581 996 4657 statim
1013 4582 1125 4657 debet
1142 4580 1212 4656 sibi
1229 4605 1420 4657 assumere
1438 4589 1580 4657 sectam
1597 4587 1636 4654 et
1654 4579 1786 4677 appel·

197 4702 290 4788 lum,
304 4699 394 4798 quia
408 4701 565 4776 alterius
580 4710 683 4777 secta
695 4699 855 4775 ulterius
870 4725 948 4773 non
961 4699 1113 4786 valebit,
1129 4723 1198 4774 nec
1213 4699 1286 4774 erit
1299 4707 1442 4774 extunc
1457 4699 1487 4773 si
1502 4697 1607 4795 sequi
1623 4696 1787 4773 voluerit

198 4819 247 4894 ad
266 4817 546 4916 utlagationem
564 4818 861 4916 procedendum,
880 4841 968 4892 cum
987 4817 1068 4916 ipse
1088 4816 1137 4894 sit
1155 4817 1264 4891 vivus
1284 4825 1322 4893 et
1342 4840 1468 4903 sanus,
1488 4824 1651 4913 propter
1670 4814 1787 4890 verba

196 5032 222 5067 ¹¹
235 5037 401 5108 essoniare,
416 5033 483 5110 LA,
498 5033 566 5110 OB,
582 5033 648 5107 OC,
664 5034 744 5106 MC;
760 5035 920 5109 essoniari,
936 5033 1011 5106 MA,
1028 5034 1107 5105 CM;
1124 5052 1234 5108 esaon,
1249 5032 1318 5107 OA,
1335 5031 1401 5106 ΟΕ,
1417 5031 1495 5107 MG,
1511 5031 1586 5092 ΜΒ.
1624 5028 1651 5064 ²⁸
1662 5028 1785 5103 babeat,

195 5135 235 5211 V,
251 5134 327 5195 MG.
364 5133 646 5209 1'ineor·dati,OB.
684 5133 820 5214 2⁰plegii
834 5139 893 5209 aui,
907 5135 976 5210 OB,
992 5134 1068 5207 ΜΒ,
1083 5134 1121 5194 V.
1160 5133 1279 5209 ²1Om.,
1294 5134 1363 5207 OB,
1379 5134 1454 5194 ΜΒ.
1492 5131 1784 5208 ²²0m.,MC,La

196 5233 222 5268 ²³
235 5233 361 5313 appello
374 5255 439 5309 suo,
451 5235 490 5310 V,
506 5235 572 5308 CB,
586 5235 659 5296 MC.
684 5233 711 5268 ²⁴
721 5237 771 5297 vel
784 5234 834 5311 ad,
848 5237 887 5311 V,
901 5236 967 5311 LA,
983 5235 1060 5310 MG,
1075 5236 1147 5296 MC.
1174 5233 1199 5267 ²⁶
1212 5235 1292 5308 Om.,
1307 5235 1376 5309 OB,
1391 5234 1467 5310 MA,
1482 5235 1557 5294 ΜΒ.
1583 5232 1609 5266 ²⁶
1621 5234 1701 5310 Om.,
1715 5235 1784 5308 OB,

197 5336 273 5411 MA,
287 5336 361 5396 ΜΒ.
398 5334 424 5369 ²²
436 5343 548 5410 autem,
564 5336 641 5411 MG,
655 5336 729 5409 cM,
744 5337 901 5411 OC;om.‚
917 5335 986 5410 OB,
1001 5337 1077 5410 MA,
1093 5337 1167 5396 ΜΒ.
1205 5333 1271 5369 ²⁸⁴⁰
1282 5334 1534 5415 distinguendum
1549 5343 1607 5412 eat,
1622 5338 1691 5413 OB,
1709 5336 1785 5410 MA,

197 5436 271 5497 ΜΒ.
309 5433 439 5510 ”enim
455 5437 499 5508 V;
516 5441 596 5496 enim
612 5434 743 5514 quidem,
762 5437 838 5512 MG,
856 5437 930 5511 CM,
947 5439 1003 5498 OC
1025 5434 1195 5515 (quidam).
1233 5435 1259 5494 ,⁸¹
1272 5438 1499 5516 principaliter,
1518 5437 1594 5513 MG,
1613 5440 1686 5499 CM.
