4432 6336
653 500 714 559 nn
737 498 1039 571 Anournnuno
1062 497 1220 559 aarum
1242 497 1445 558 nounuo
1796 500 1845 576 ⁷⁷

253 662 359 729 terra
377 653 461 729 dari
480 649 601 750 possit
621 649 661 725 in
679 651 938 747 maritagium.
959 650 1017 726 Et
1037 649 1233 726 sciendum
1253 648 1357 747 quod
1376 657 1481 724 terra
1501 647 1617 723 datur
1638 645 1845 744 aliquando

255 781 346 848 ante
369 769 564 870 sponsalia
587 779 626 846 et
651 777 813 867 propter
837 769 996 867 nuptias
1021 795 1044 844 a
1068 777 1181 868 patre
1204 766 1373 844 mulieris
1398 766 1459 843 vel
1484 765 1559 841 alio
1584 774 1747 864 parente
1769 764 1844 863 ipsi

253 889 420 966 marito²'
441 912 529 964 cum
547 887 707 965 muliere
727 887 867 986 aliqua,
887 889 948 964 vel
968 886 1121 985 utrique
1142 885 1266 974 simul,
1289 885 1429 963 scilicet
1449 883 1547 959 tah²⁸
1568 884 1652 960 viro
1672 894 1711 961 et
1731 883 1844 959 uxori

253 1037 342 1102 suae,
356 1012 461 1109 quod
472 1010 575 1086 idem
587 1017 656 1098 est,
669 1019 708 1086 et
721 1034 854 1085 eorum
865 1008 1079 1096 heredibus,
1092 1007 1153 1084 vel
1167 1007 1278 1082 alicui
1291 1006 1441 1083 mulieri
1455 1007 1506 1083 ad
1520 1031 1561 1082 se
1572 1005 1843 1093 maritandam,

253 1131 314 1207 vel
338 1128 561 1228 simpliciter
584 1128 664 1205 sine
689 1127 818 1227 aliqua
841 1127 1034 1203 mentione
1058 1125 1263 1224 maritagii,
1290 1151 1374 1224 quae
1398 1125 1554 1224 quidem
1577 1124 1735 1201 donatio
1760 1123 1844 1199 fieri

252 1249 397 1349 poterit
417 1249 515 1325 sicut
534 1246 687 1323 cuilibet
708 1248 755 1323 de
775 1247 933 1345 populo.
956 1247 1034 1322 Sed
1055 1247 1085 1322 si
1106 1246 1175 1322 fiat
1196 1246 1339 1322 mentio
1360 1246 1407 1321 de
1427 1243 1644 1342 maritagio,
1664 1253 1770 1320 terra
1791 1243 1844 1320 sic

253 1370 346 1445 data
369 1367 443 1445 dici
465 1367 609 1466 poterit
631 1366 891 1464 maritagium.
917 1366 985 1442 Fit
1008 1366 1126 1441 etiam
1147 1364 1237 1441 talis
1261 1364 1418 1440 donatio
1442 1373 1533 1440 ante
1556 1361 1844 1440 matrimonium

252 1496 505 1575 contractum,
526 1485 734 1584 aliqnando
751 1486 793 1561 in
812 1485 898 1584 ipso
918 1492 1130 1572 contractu,
1152 1483 1359 1582 aliquando
1381 1493 1470 1582 post
1491 1492 1743 1560 contractum.
1765 1484 1843 1558 Est

253 1604 319 1683 et¹⁹
338 1604 415 1682 alia
433 1605 590 1681 donatio
608 1629 692 1702 quae
710 1603 756 1680 fit
776 1629 800 1678 a
817 1604 901 1678 viro
920 1603 1032 1679 uxori
1051 1603 1091 1677 in
1110 1602 1195 1702 ipso
1215 1610 1415 1679 contractu
1436 1603 1486 1678 ad
1506 1603 1648 1679 ostium
1667 1602 1842 1691 ecclesia,

253 1749 337 1824 quae
361 1748 439 1799 non
465 1723 605 1799 dicitur
629 1722 787 1821 proprie
812 1722 970 1798 donatio
995 1722 1111 1798 immo
1138 1722 1238 1798 dotis
1264 1721 1487 1798 constitutio
1514 1721 1593 1797 sive
1619 1721 1842 1810 nominatio,

252 1842 463 1919 secundum
482 1843 584 1940 quod
604 1841 766 1917 inferius
787 1840 936 1917 dicetur
955 1839 997 1916 in
1015 1849 1187 1917 tractatu
1207 1841 1255 1916 de
1275 1839 1376 1915 dote.
1399 1838 1551 1916 Terra²⁰
1572 1865 1663 1916 vero
1684 1864 1768 1938 quae
1790 1840 1843 1917 sic

251 1962 368 2038 datin
381 1969 545 2060 propter
559 1960 716 2059 nuptias
733 1959 899 2037 dicitur²¹
916 1959 1175 2056 maritagium.
1193 1959 1252 2033 Et
1268 1966 1327 2036 est
1342 1958 1591 2056 maritagium
1607 1957 1841 2057 aliquando²¹

250 2080 424 2171 liberum,
443 2079 584 2157 scilicet
601 2080 649 2156 ab
666 2079 770 2156 omni
787 2078 941 2155 servitio
958 2079 1142 2177 quietum,
1161 2087 1200 2154 et
1218 2078 1424 2177 aliquando
1443 2078 1598 2155 servitio
1615 2076 1840 2176 obhgatum.

250 2199 438 2276 Liberum
459 2208 589 2276 autem
609 2198 859 2296 maritagium
880 2198 1020 2274 dicitur
1040 2198 1106 2273 ubi
1128 2199 1294 2274 donator
1314 2197 1399 2273 vult
1421 2198 1524 2296 quod
1545 2207 1652 2274 terra
1674 2197 1726 2273 sic
1747 2198 1842 2274 data

250 2318 382 2417 quieta
397 2319 447 2395 sit
464 2327 503 2394 et
518 2317 639 2393 libera
654 2317 703 2392 ab
720 2317 824 2394 omni
841 2317 1002 2394 seodari
1019 2315 1173 2394 servitio
1191 2317 1294 2415 quod
1312 2317 1362 2393 ad
1379 2316 1577 2392 dominum
1596 2316 1701 2393 feodi
1718 2317 1840 2416 possit

250 2436 280 2512 f.
295 2436 390 2530 alb]
446 2435 650 2535 pertinere,
668 2445 708 2512 et
725 2437 783 2511 ita
800 2437 903 2534 quod
922 2435 987 2511 ille
1004 2435 1065 2510 cui
1084 2434 1136 2512 sic
1154 2436 1249 2512 data
1267 2434 1387 2512 fuerit
1406 2435 1557 2512 nullum
1576 2435 1732 2512 omnino
1751 2436 1841 2512 inde

249 2556 369 2632 faciat
388 2555 585 2633 servitium
602 2551 723 2654 usque
742 2556 792 2631 ad
807 2554 968 2633 tertium
985 2554 1175 2643 heredem,
1194 2565 1233 2632 et
1250 2580 1372 2653 usque
1391 2555 1441 2631 ad
1460 2564 1642 2654 quartum
1661 2554 1840 2653 gradum,

249 2673 316 2751 et²⁸
335 2674 392 2752 ita
412 2675 515 2773 quod
536 2674 674 2751 tertius
694 2674 802 2752 heres
824 2673 873 2751 sit
894 2674 1112 2750 inclusivus.
1135 2673 1293 2750 Gradus
1315 2699 1407 2750 vero
1429 2674 1680 2772 computandi
1703 2683 1793 2751 sunt
1815 2700 1841 2750 a

247 2794 374 2893 primo
388 2795 590 2870 donatario
604 2819 725 2892 usque
739 2794 789 2870 ad
801 2794 961 2871 tertium
974 2793 1152 2870 heredem
1166 2793 1405 2882 inclusivum,
1420 2800 1466 2868 ut
1480 2792 1704 2870 donatarius
1720 2792 1839 2869 faciat

247 2911 416 3014 primum
429 2912 607 3011 gradum,
622 2911 690 2988 et²⁴
702 2911 810 2989 heres
824 2938 915 2989 suus
930 2912 1049 2989 faciat
1064 2910 1313 2999 secundum,'⁵
1329 2920 1368 2987 et
1382 2910 1490 2988 heres
1504 2911 1653 2988 heredis
1667 2912 1838 3000 tertium,

248 3041 286 3110 et
308 3033 417 3109 heres
440 3032 596 3108 secundi
618 3032 766 3109 heredis
790 3041 984 3131 quartum,
1007 3032 1073 3130 qui
1096 3031 1250 3130 quidem
1273 3031 1467 3107 tenebitur
1490 3031 1540 3106 ad
1564 3031 1773 3119 servitium,
1798 3041 1838 3108 et

248 3151 354 3228 facta
369 3151 656 3250 computatione
672 3151 720 3227 de
734 3150 947 3241 heredibus,
964 3150 1066 3226 filius
1082 3151 1143 3227 vel
1159 3151 1239 3226 filia
1255 3149 1446 3227 donatarii
1462 3150 1535 3227 erit
1552 3150 1700 3249 primus
1717 3151 1837 3239 heres,

248 3278 286 3347 et
302 3269 405 3347 filius
422 3270 484 3347 vel
501 3270 582 3345 filia
598 3270 736 3347 talium
753 3270 827 3346 erit
846 3270 1046 3359 secundus,
1066 3279 1104 3346 et
1122 3268 1225 3345 filius
1244 3269 1305 3345 vel
1322 3269 1403 3344 filia
1422 3269 1577 3346 secundi
1596 3269 1744 3346 heredis
1763 3270 1837 3346 erit

246 3389 385 3466 tertius
408 3389 528 3477 heres,
553 3388 619 3487 qui
641 3387 824 3466 tenetur²⁶
850 3390 900 3465 ad
924 3388 1146 3486 homagium
1171 3397 1210 3465 et
1236 3387 1434 3465 servitium
1459 3387 1690 3477 faciendum,
1718 3397 1757 3466 et
1782 3389 1839 3465 ita

247 3506 377 3605 quod²¹
401 3507 625 3585 donatarius
649 3516 688 3585 et
710 3509 788 3584 duo
811 3507 968 3584 heredes
992 3507 1199 3584 successive
1222 3507 1291 3584 tali
1315 3505 1540 3605 gaudeant²⁸
1564 3506 1753 3584 libertate.
1778 3508 1838 3583 Et

245 3626 399 3702 videtur
412 3627 515 3726 quod
527 3626 750 3724 homagium
763 3627 849 3704 ideo
862 3627 946 3702 fieri
960 3650 1038 3702 non
1053 3626 1191 3702 debeat
1206 3634 1368 3724 propter
1381 3627 1636 3703 reversionem
1652 3627 1702 3703 ad
1717 3628 1836 3703 dona·

244 3753 369 3822 torem
384 3744 416 3821 si
431 3744 588 3823 heredes
604 3745 827 3822 defecerint.
847 3746 926 3823 Sed
942 3745 1035 3844 quid
1052 3745 1084 3822 si
1100 3745 1142 3822 in
1156 3745 1273 3822 tertio
1288 3745 1426 3822 herede
1442 3744 1541 3821 fiat²⁹
1557 3745 1779 3843 homagium
1796 3755 1835 3823 et

244 3863 328 3962 ipse
343 3864 404 3939 vel
418 3863 576 3941 heredes
592 3865 651 3940 sui
667 3865 748 3941 sine
763 3864 964 3940 heredibus
982 3863 1232 3941 decesserint?
1248 3864 1471 3940 Videndum
1488 3865 1561 3941 erit
1579 3891 1630 3940 an
1648 3863 1740 3940 alii⁸⁰
1758 3864 1835 3942 sint

244 3982 401 4060 heredes
423 3983 488 4081 qui
507 3982 573 4058 vix
593 3982 777 4060 deficiunt
796 3982 901 4058 infra
920 3992 1104 4081 quartum
1122 3983 1300 4081 gradum,
1323 3991 1361 4058 et
1383 3983 1414 4059 si
1433 3982 1531 4060 tales
1551 3983 1762 4072 extiterint,
1784 3984 1835 4060 ad

114 4107 121 4120 '
245 4127 308 4178 eos
323 4110 538 4178 revertetur
552 4102 801 4200 maritagium
816 4126 889 4201 pro
905 4101 1060 4178 defectu
1075 4102 1259 4178 heredum
1274 4111 1380 4177 recta
1394 4101 1496 4177 linea
1511 4102 1833 4180 descendentium.

246 4219 289 4296 Si
308 4229 438 4297 autem
457 4220 586 4297 nullus
605 4220 694 4298 talis
713 4221 942 4308 inveniatur,
961 4221 1022 4297 vel
1042 4220 1073 4297 si
1093 4218 1240 4296 fuerint
1260 4229 1299 4296 et
1318 4218 1542 4309 defecerint,
1561 4229 1655 4296 tunc
1676 4246 1749 4319 pro
1767 4221 1833 4299 de·

136 4439 139 4443 .
244 4337 351 4416 fectu
366 4339 536 4415 omnium
550 4339 704 4416 illorum
720 4340 770 4422 od
785 4340 1011 4416 donatorem
1026 4347 1242 4415 revertetur
1256 4337 1515 4436 maritagium,
1532 4348 1571 4415 et
1587 4365 1660 4438 pro
1677 4340 1833 4417 defectu

242 4455 427 4533 heredum
443 4458 633 4535 evanescit
648 4457 881 4556 homagium.
900 4459 1004 4534 Item
1020 4466 1102 4534 esto
1119 4458 1222 4556 quod
1240 4457 1310 4533 fiat
1326 4457 1549 4556 homagium
1567 4467 1657 4536 ante
1673 4459 1834 4537 tertium

243 4574 433 4665 heredem,
456 4575 639 4674 quaeritur
662 4602 714 4653 an
736 4587 878 4652 extunc
899 4585 1079 4653 teneatur
1102 4576 1152 4652 ad
1175 4576 1383 4653 servitium.
1408 4576 1466 4653 Et
1490 4602 1625 4654 verum
1648 4589 1706 4656 est
1730 4580 1834 4678 quod

243 4693 273 4768 f.
287 4694 358 4786 22]
414 4693 478 4783 sic,
500 4705 545 4772 ut
567 4694 756 4793 probatur
778 4696 826 4771 de
846 4694 1012 4770 termino
1037 4694 1171 4771 Sancti
1192 4693 1379 4772 Michaelis
1403 4721 1505 4771 anno
1528 4696 1643 4794 regis¹
1667 4696 1832 4774 Henrici

241 4905 308 4943 ²²²²²
318 4913 431 4971 marito
449 4911 499 4972 vel
517 4910 639 4972 mulieri
657 4911 713 4971 alii
735 4910 861 4990 (alicui)
884 4911 934 4971 vel
953 4915 1077 4990 utrique
1095 4911 1187 4973 simul
1207 4915 1279 4990 quia
1298 4911 1366 4986 tali,
1387 4911 1465 4988 MG,
1485 4912 1559 4972 cM.
1600 4909 1628 4945 ¹⁰
1640 4915 1743 4988 etiam,
1765 4912 1832 4987 OC,

242 5009 324 5084 MB3
342 5018 454 5087 autem,
470 5011 515 5084 V;
532 5033 603 5087 om,
619 5013 696 5086 MA,
712 5013 751 5074 Y.
790 5011 952 5073 ²⁰·²²terra
969 5020 1072 5073 antem
1089 5033 1155 5092 qua
1171 5017 1216 5075 sic
1233 5012 1326 5074 datur
1344 5011 1469 5090 dicitur,
1487 5013 1565 5088 MG,
1583 5012 1657 5075 CM.
1698 5011 1831 5088 ’'aliud,

241 5109 308 5185 LA,
322 5111 574 5186 MG,MC,OO;
588 5112 717 5190 aliquid,
731 5114 804 5174 cM.
840 5111 867 5147 ²⁸
879 5113 959 5190 Om,
972 5113 1013 5188 V,
1026 5115 1095 5191 OB,
1109 5114 1184 5176 ΜΒ.
1221 5111 1387 5177 “·“Ιιει·οε
1403 5119 1468 5176 eiua
1483 5113 1660 5190 secundum,
1674 5115 1749 5192 CM,
1763 5115 1832 5178 ΜΘ

244 5207 409 5288 (-eiua).
451 5209 477 5245 ²⁰
488 5211 655 5288 tenebitur,
673 5213 713 5288 V,
732 5213 801 5287 OB,
820 5215 897 5290 ΜΒ,
916 5215 955 5276 Y.
996 5211 1115 5292 ”0m.‚
1134 5215 1204 5290 OB,
1223 5216 1299 5290 MA,
1319 5216 1396 5292 ΜΒ,
1416 5216 1455 5278 Υ.
1496 5213 1682 5296 ”gaudent
1702 5216 1742 5292 V,
1761 5217 1831 5296 OB,

241 5309 318 5387 MA,
333 5311 410 5386 ΜΒ,
423 5311 462 5372 Y.
500 5310 526 5346 '⁹
538 5311 585 5389 fit,
598 5313 638 5388 V,
652 5314 722 5390 OB,
737 5314 813 5376 ΜΒ.
850 5313 877 5349 ⁸⁰
888 5314 947 5391 illi,
962 5316 1041 5393 MG,
1055 5317 1130 5379 cM.

323 5409 437 5491 ²regni
452 5415 546 5492 regia,
561 5413 601 5488 V,
615 5413 684 5489 OC,
699 5415 776 5489 MA,
791 5415 868 5478 MG.
