4374 6366
387 449 461 518 444
918 445 1142 510 BRACTON:
1163 446 1225 507 DE
1249 446 1442 510 LEGIBUS

387 601 522 668 tenens
541 618 632 670 suus
651 593 685 668 ei
703 592 835 672 debuit
854 605 894 672 et
912 595 1050 674 iniuste
1070 596 1246 674 detinuit.
1267 597 1325 676 Et
1344 597 1433 676 inde
1453 598 1597 697 poterit
1615 597 1762 676 curiam
1782 624 1892 676 suam
1911 626 1976 675 vo·

387 734 475 786 care
495 711 546 787 ad
565 721 782 789 warantum
804 713 834 788 si
855 711 1030 802 voluerit,
1052 724 1092 792 et
1112 715 1207 792 bene
1228 715 1414 794 defendat
1435 717 1540 815 quod
1561 717 1627 792 illa
1648 742 1859 815 numquam
1881 716 1977 793 deti·

387 829 473 906 nuit
491 840 626 907 contra
645 831 802 908 vadium
820 838 860 908 et
879 831 1038 932 plegios.
1060 833 1128 909 Ad
1149 834 1252 933 quod
1273 859 1434 933 querens
1456 834 1688 934 respondere
1708 833 1852 933 poterit
1873 834 1978 932 quod

386 948 455 1024 illa
469 948 609 1026 iniuste
627 950 730 1048 cepit
747 957 787 1026 et
803 950 980 1040 detinuit,
1000 951 1194 1050 quiscum
1213 953 1264 1028 ad
1281 952 1427 1029 curiam
1445 953 1564 1052 ipsius
1583 953 1751 1051 captoris
1771 953 1976 1030 summoni-

386 1077 451 1144 tus
464 1077 564 1144 esset
579 1067 628 1144 ad
642 1069 953 1167 respondendum
969 1069 1002 1146 ei
1017 1069 1066 1146 de
1080 1070 1242 1148 servitiis
1258 1080 1297 1148 et
1312 1070 1663 1159 consuetudinibus,
1680 1071 1762 1170 ipse
1778 1071 1977 1170 respondit

387 1186 491 1284 quod
504 1185 654 1263 nullum
667 1185 745 1264 tale
759 1187 956 1264 servitium
969 1189 1003 1264 ei
1017 1186 1161 1278 debuit,
1175 1198 1214 1266 et
1228 1188 1409 1265 iudicium
1422 1189 1536 1287 petiit
1551 1189 1581 1264 si
1596 1188 1728 1265 debuit
1742 1187 1804 1265 ei⁴²
1818 1213 1976 1288 respon·

387 1305 477 1380 dere
496 1303 576 1380 sine
594 1304 699 1380 brevi
718 1314 756 1381 et
774 1314 968 1404 praecepto
988 1305 1131 1381 domini
1150 1307 1264 1404 regis,
1284 1305 1431 1384 desicut
1449 1305 1520 1381 boc
1539 1305 1670 1404 tetigit
1689 1306 1851 1383 liberum
1871 1317 1975 1384 tene·

386 1431 561 1498 mentum
581 1449 704 1499 suum.
726 1424 784 1500 Et
804 1448 921 1522 super
939 1424 1010 1499 boc
1030 1423 1274 1502 nibilominus
1293 1425 1396 1523 cepit
1417 1424 1518 1501 idem
1538 1425 1715 1502 dominus
1736 1451 1827 1502 suus
1849 1426 1978 1501 averia

387 1567 468 1630 sua,
489 1550 528 1618 et
548 1567 637 1618 eum
657 1541 854 1619 distrinxit
875 1567 948 1642 pro
969 1541 1123 1619 servitio
1145 1543 1248 1641 quod
1269 1567 1348 1620 non
1370 1543 1562 1640 cognovit,
1585 1551 1624 1619 et
1646 1567 1735 1618 cum
1757 1543 1885 1619 averia
1907 1568 1977 1619 sua

386 1668 536 1758 peteret
560 1660 762 1736 deliberari
786 1661 912 1758 quiete
936 1659 1002 1736 illa
1026 1661 1149 1737 noluit
1176 1660 1396 1738 deliberare.
1422 1661 1480 1738 Et
1504 1660 1594 1737 inde
1618 1661 1808 1759 producat
1833 1671 1976 1738 sectam

252 1839 255 1846 .
386 1803 496 1855 suam
510 1777 769 1866 sufficientem,
785 1777 925 1856 scilicet
939 1779 1080 1878 probos
1094 1779 1266 1855 homines
1281 1778 1346 1878 qui
1361 1786 1568 1878 praesentes
1584 1776 1758 1855 fuerint⁴⁸
1774 1779 1814 1854 in
1830 1777 1977 1866 curia‚“

386 1895 478 1995 qui⁴⁸
508 1897 603 1973 bene
631 1895 839 1974 examinati
868 1896 1074 1972 concordes
1103 1896 1358 1985 inveniantur,
1387 1905 1482 1974 tunc
1511 1904 1801 1973 summoneatur
1830 1895 1976 1984 curia,⁴⁰

385 2012 496 2114 quae⁴¹
516 2041 605 2092 cum
623 2015 771 2092 venerit
790 2015 1024 2092 concordans
1046 2015 1166 2092 fuerit
1186 2040 1274 2091 cum
1294 2024 1409 2103 secta,
1430 2023 1523 2093 tunc
1543 2016 1666 2091 refert
1686 2024 1819 2091 utrum
1839 2022 1977 2113 captor

384 2133 660 2210 districtionem
684 2134 819 2210 fecerit
841 2160 912 2233 per
933 2133 1115 2210 iudicium
1138 2133 1251 2210 curiae
1273 2133 1333 2210 vel
1357 2135 1518 2233 propria
1539 2134 1751 2212 voluntate.
1778 2135 1821 2211 si
1845 2143 1976 2210 autem

384 2249 483 2352 per⁴⁸
502 2251 712 2328 iudicium⁴'
731 2251 856 2341 curiae,
876 2261 970 2330 tunc
989 2254 1061 2329 erit
1082 2253 1188 2328 curia
1208 2253 1248 2328 in
1268 2252 1527 2330 misericordia
1547 2278 1620 2351 pro
1642 2252 1741 2328 falso
1764 2252 1914 2339 iudicio,
1936 2261 1975 2328 et

385 2372 512 2448 averia
532 2372 785 2449 remanebunt
805 2371 1025 2448 deliberata.
1050 2371 1092 2447 Si
1112 2381 1243 2448 autem
1262 2371 1424 2470 propria
1442 2372 1642 2448 voluntate
1663 2379 1703 2446 et
1723 2371 1829 2446 curia
1850 2396 1919 2447 sua
1941 2372 1974 2447 ei

384 2490 568 2568 defecerit
587 2492 634 2567 de
652 2491 850 2580 warentia,
868 2500 961 2567 tunc
979 2492 1052 2568 erit
1071 2491 1152 2589 ipse
1170 2490 1210 2566 in
1227 2489 1497 2578 misericordia,
1517 2497 1556 2565 et
1574 2488 1826 2566 remanebunt
1847 2489 1976 2564 averia

384 2610 605 2688 deliberata.
627 2610 706 2687 Sed
726 2609 818 2708 quid
838 2611 869 2686 si
888 2610 996 2686 curia
1015 2610 1237 2686 recordetur
1256 2609 1360 2709 quod
1379 2634 1542 2709 querens
1563 2608 1759 2686 servitium
1780 2606 1974 2708 petitum⁸⁰

383 2730 607 2827 recognovit
621 2738 659 2806 et
675 2728 781 2805 curia
796 2731 881 2827 ipsa
895 2729 1077 2806 iudicium
1094 2730 1265 2818 advocet,
1282 2738 1321 2805 et
1336 2730 1440 2827 quod
1457 2729 1558 2806 iusta
1574 2729 1650 2807 fuit
1667 2728 1796 2827 captio
1812 2736 1975 2827 propter

383 2848 661 2946 cognitionem?
678 2848 856 2937 Querens
873 2849 1074 2925 recordum
1090 2849 1186 2924 illud
1203 2848 1377 2924 dedicere
1394 2849 1537 2948 poterit
1555 2856 1594 2925 et
1610 2848 1869 2946 cognitionem
1885 2872 1974 2923 con·

382 2977 445 3044 tra
467 2967 668 3044 recordum
689 2965 813 3044 curiae.
836 2966 938 3044 Esto
959 2967 1063 3065 quod
1084 2967 1125 3042 in
1146 2967 1253 3043 curia
1274 2967 1418 3044 domini
1440 2967 1593 3044 nullum
1615 2968 1691 3045 fuit
1714 2967 1902 3066 placitum
1925 2968 1974 3042 de

383 3087 549 3176 servitio,
568 3088 634 3164 sed
652 3087 870 3163 immediate
888 3095 1077 3185 perventa
1094 3096 1151 3163 est
1170 3087 1325 3184 querela
1344 3086 1394 3161 ad
1411 3086 1637 3162 comitatum
1656 3086 1703 3163 de
1723 3085 1865 3162 iniusta
1882 3111 1974 3184 cap·

382 3205 498 3294 tione,
519 3214 557 3281 et
577 3231 653 3303 quo
672 3229 763 3281 casu
783 3205 886 3303 quod
905 3203 1082 3281 dominus
1102 3214 1308 3303 cognoscat
1329 3204 1432 3302 quod
1451 3205 1551 3280 iuste
1573 3213 1612 3280 et
1634 3229 1706 3302 pro
1728 3203 1882 3280 servitio
1904 3228 1973 3279 suo

382 3332 428 3401 ut
443 3323 671 3423 praedictum
688 3332 757 3412 est,
774 3333 868 3399 tunc
886 3333 954 3400 aut
970 3348 1133 3421 querens
1150 3323 1305 3398 omnino
1323 3322 1464 3400 dedicit
1483 3322 1680 3400 servitium
1697 3323 1793 3399 illud
1811 3332 1850 3399 et
1869 3324 1973 3421 quod

381 3444 479 3521 illud
491 3469 703 3542 numquam
719 3443 823 3531 fecit,
836 3443 897 3520 vel
911 3443 1106 3541 cognoscit
1121 3442 1251 3541 quod⁸¹
1268 3443 1365 3520 illud
1379 3441 1613 3541 aliquando⁸¹
1630 3443 1733 3531 fecit,
1750 3442 1817 3519 sed
1833 3442 1973 3518 iniuste

382 3562 474 3663 quia
492 3571 639 3640 cartam
656 3563 772 3639 babet
790 3586 875 3661 quae
893 3563 1021 3662 ipsum
1040 3562 1130 3639 inde
1150 3562 1359 3660 adquietat.
1382 3562 1425 3639 Si
1446 3570 1575 3638 autem
1596 3560 1751 3637 omnino
1772 3559 1973 3648 dedixerit,

382 3682 412 3757 f.
429 3681 521 3774 158]
576 3690 670 3756 tunc
692 3679 782 3778 quia
803 3679 1007 3757 comitatus
1029 3679 1244 3757 nonhabet
1268 3689 1500 3778 potestatem
1523 3679 1683 3756 ulterius
1706 3680 1972 3778 cognoscendi,

381 3824 452 3875 nec
465 3799 633 3876 iudicare
648 3799 792 3898 poterit
807 3807 940 3876 utrum
955 3798 1152 3876 servitium
1169 3797 1340 3875 debitum
1357 3799 1406 3876 sit
1421 3798 1482 3874 vel
1498 3823 1587 3886 non,
1604 3807 1829 3875 remaneant
1844 3798 1974 3874 averia

382 3919 603 4008 deliberata,
624 3928 664 3996 et
684 3919 861 3997 dominus
883 3919 952 3995 sibi
974 3919 1173 4018 perquirat
1196 3920 1299 4017 quod
1321 3919 1440 3996 faciat
1462 3919 1508 3994 ei²
1532 3917 1686 3996 servitia
1708 3927 1747 3994 et
1769 3925 1971 3992 consuetu·

381 4037 489 4114 dines
507 4062 592 4136 quae
611 4037 644 4113 ei
663 4038 790 4114 facere
809 4037 917 4124 solet,
937 4038 968 4114 si
986 4044 1159 4114 recenter
1178 4037 1298 4114 fuerit
1317 4037 1357 4113 in
1377 4036 1515 4114 seisina
1533 4046 1697 4136 propter
1716 4037 1894 4114 seisinam
1913 4063 1971 4113 re·

382 4164 542 4232 centem.
566 4155 625 4232 Et
646 4181 723 4253 quo
744 4181 834 4230 casu
856 4155 1098 4254 recuperabit
1121 4155 1249 4232 omnia
1271 4155 1413 4231 damna
1436 4181 1505 4232 sua
1528 4156 1618 4254 quia
1641 4157 1724 4254 agit
1746 4165 1901 4234 tantum
1924 4157 1972 4234 de

381 4274 628 4373 possessione.
649 4274 691 4349 Si
708 4283 838 4350 autem
854 4272 915 4349 de²
931 4273 1143 4371 longinqua
1159 4283 1197 4350 et
1213 4282 1363 4349 remota
1379 4273 1527 4364 seisina,
1543 4285 1637 4351 tunc
1654 4276 1805 4352 dicatur
1821 4275 1918 4377 quae⁸
1937 4278 1972 4354 ei

382 4395 509 4472 facere
527 4395 624 4471 solet
641 4404 680 4471 et
698 4394 822 4482 debet,
841 4393 899 4470 ut⁴
917 4402 1124 4493 utrumque
1143 4394 1201 4472 ius
1219 4403 1302 4470 tam
1320 4395 1566 4494 possessionis
1585 4422 1702 4494 quam
1721 4397 1971 4496 proprietatis

380 4512 421 4588 in
437 4512 619 4588 iudicium
636 4513 850 4588 deducatur
866 4512 1067 4611 perbreve
1083 4511 1132 4589 de
1150 4521 1266 4602 recto,
1284 4513 1349 4588 ubi
1366 4513 1474 4589 nulla
1491 4513 1633 4590 damna
1651 4515 1905 4613 recuperabit.
1927 4514 1970 4590 Si

381 4639 511 4706 autem
523 4639 729 4727 cognoscat
744 4655 905 4728 querens
920 4630 1023 4728 quod
1038 4630 1244 4728 aliquando
1259 4631 1351 4708 fecit
1365 4630 1399 4709 ei
1415 4631 1612 4708 servitium
1628 4633 1695 4710 sed
1709 4633 1860 4722 iniuste,
1876 4644 1970 4712 tunc

380 4748 471 4848 quia
495 4748 689 4846 cognoscit
714 4748 891 4825 seisinam
916 4748 1071 4836 domini,
1097 4748 1238 4825 iustam
1263 4748 1324 4825 vel
1348 4749 1542 4838 iniustam,
1569 4760 1816 4828 retornentur
1842 4753 1971 4829 averia

381 4945 407 4980 ⁴²
418 4945 501 5022 inde,
516 4947 556 5022 V,
571 4947 654 5019 MG;
667 4952 697 5007 ei
712 4945 795 5023 inde,
810 4947 876 5021 LA,
892 4947 932 5021 Y,
947 4947 1014 5021 OC,
1030 4947 1104 5009 MC.
1142 4947 1168 4980 ⁴⁸
1182 4947 1320 5024 inerunt,
1335 4949 1402 5026 OC,
1418 4949 1497 5022 MG,
1513 4949 1552 5011 Y.
1590 4947 1618 4983 ‘⁴
1629 4954 1715 5010 curia
1730 4957 1772 5025 et,
1788 4950 1827 5024 V,
1844 4951 1885 5024 Y,
1902 4949 1969 5010 MG

385 5045 535 5125 (-qui).
575 5046 642 5081 ⁴⁶⁴⁸
653 5046 819 5122 0m.,OA,
836 5047 905 5123 OB,
924 5048 1001 5123 MA,
1018 5050 1094 5124 ΜΒ,
1112 5049 1177 5110 CE.
1217 5049 1244 5083 ⁴⁷
1256 5053 1319 5126 qui,
1338 5051 1414 5127 MA,
1434 5051 1510 5125 MG,
1529 5051 1595 5113 OC.
1635 5047 1794 5126 ‘⁸¹⁴'0m,
1813 5053 1882 5126 OA,
1901 5051 1969 5125 OB,

381 5146 457 5222 MA,
472 5148 548 5221 ΜΒ,
563 5147 718 5217 CE,CM.
753 5146 873 5222 ⁸⁰Om.,
888 5149 957 5222 OB,
972 5150 1049 5225 MA,
1064 5150 1139 5210 ΜΒ.
1177 5149 1244 5184 ⁶⁶⁶⁶⁶
1254 5151 1336 5230 quod
1352 5153 1405 5227 ab,
1419 5152 1489 5227 OB,
1506 5152 1581 5226 MA,
1598 5153 1679 5226 MB;
1696 5154 1778 5232 quod
1793 5153 1873 5215 illud
1887 5151 1969 5232 quod

380 5245 645 5324 aliquando,MC.

463 5345 569 5423 ²Om.‚
584 5348 653 5424 OB,
669 5347 746 5423 MA,
760 5349 836 5409 ΜΒ.
872 5348 1151 5426 ²0m,OC‚MG.
1189 5350 1304 5430 'quod,
1320 5354 1389 5429 OB,
1406 5356 1482 5431 MA,
1498 5356 1573 5417 ΜΒ.
1611 5353 1677 5430 ⁴et,
1693 5357 1732 5431 V,
1749 5357 1826 5419 MG.
