4432 6340
655 510 716 570 DE
738 509 1042 583 ADQUIRENDO
1065 511 1222 573 RERUM
1246 511 1448 573 DOM1NIO
1778 521 1848 589 191

259 660 427 738 secunda
447 686 569 736 uxore
590 661 689 759 petit
711 686 781 760 per
803 662 971 751 assisam,
995 664 1120 740 frater
1141 663 1202 739 vel
1225 689 1332 739 soror
1354 662 1403 738 de
1425 663 1551 760 prima
1574 688 1694 738 uxore
1716 663 1850 740 eodem

258 779 391 856 modo:
410 805 518 855 soror
535 780 582 856 de
600 780 766 857 secunda
782 805 903 858 uxore
919 780 1106 858 obtinebit
1123 790 1162 858 et
1180 779 1385 858 excludet?⁰
1403 791 1486 858 tam
1502 781 1716 858 masculum
1734 808 1850 880 quam

262 899 446 976 seminam
473 926 521 976 ex
547 901 685 998 prima,
712 902 816 999 quod
841 927 975 977 verum
1002 911 1071 978 est.
1103 903 1182 978 Sed
1208 928 1253 978 ea
1280 927 1364 1001 quae
1392 901 1613 979 dictasunt
1641 902 1850 979 secundum

259 1020 446 1119 quosdam
457 1021 585 1098 locum
597 1020 739 1097 habent
753 1022 801 1097 de
814 1021 1026 1120 perquisito
1039 1023 1080 1099 in
1092 1031 1257 1121 utroque
1270 1048 1372 1098 casu.
1387 1021 1453 1098 De
1466 1022 1678 1099 hereditate
1692 1022 1849 1100 autem*

259 1141 512 1220 descendente
535 1140 639 1218 aliud
662 1143 746 1230 erit,
770 1142 861 1241 quia
881 1142 1012 1220 habito
1035 1152 1212 1241 respectu
1236 1144 1286 1220 ad
1309 1169 1549 1221 communem
1573 1154 1850 1222 antecessorem

259 1260 399 1338 talium
426 1263 474 1339 de
501 1288 579 1361 quo
605 1262 796 1339 hereditas
824 1263 1033 1352 descendit,
1063 1263 1122 1339 ius
1151 1263 1401 1364 proprietatis
1432 1291 1644 1363 numquam
1672 1265 1850 1364 respiciet

260 1383 445 1460 feminam
460 1383 554 1460 dum
569 1391 701 1460 tamen
716 1384 907 1462 masculus
924 1384 976 1460 ibi
993 1384 1112 1462 fuerit
1129 1384 1217 1461 vel²²
1234 1386 1461 1484 proveniens
1479 1412 1527 1462 ex
1544 1385 1753 1474 mascul0,²⁸
1772 1386 1850 1463 sive

258 1504 415 1580 heredes
437 1505 629 1602 procreati
650 1505 797 1582 fuerint
817 1531 866 1580 ex
886 1531 966 1580 uno
987 1514 1100 1605 patre
1121 1515 1161 1583 et
1182 1505 1343 1583 eadem²⁴
1365 1516 1501 1596 matre,
1523 1505 1584 1582 vel
1606 1506 1767 1583 diversa.
1792 1508 1850 1585 Et

259 1625 363 1723 quod
378 1625 518 1701 dicitur
534 1625 581 1703 de
596 1625 798 1702 heredibus
814 1626 1153 1725 propinquioribus
1169 1637 1208 1704 et
1225 1627 1453 1726 propinquis
1469 1627 1664 1704 observari
1679 1628 1792 1706 debet
1810 1629 1850 1705 in

138 1793 144 1801 -
258 1743 471 1821 consimili²⁸
490 1769 582 1820 casu
599 1743 640 1818 in
658 1745 834 1821 omnibus
855 1745 937 1821 aliis
956 1744 1169 1833 heredibus,
1190 1746 1345 1823 remotis
1366 1756 1405 1823 et
1424 1746 1701 1823 remotioribus.
1723 1747 1782 1824 Et
1802 1747 1851 1822 de

258 1863 329 1938 hac
345 1863 509 1940 materia
527 1862 688 1939 inveniri
706 1863 850 1961 poterit
868 1888 978 1940 casus
996 1888 1201 1962 expressus
1221 1864 1268 1941 de
1286 1864 1452 1941 termino
1473 1865 1625 1940 Sancta
1645 1864 1849 1941 Trinitatis

259 2006 361 2058 anno
385 1982 486 2080 regis
510 1981 675 2057 Henrici
698 1982 826 2070 tertio,
849 1982 1035 2059 comitatu
1061 1983 1261 2072 Sussexiae,
1287 1983 1405 2059 assisa
1429 1983 1564 2060 mortis
1589 1984 1848 2071 antecessoris,

259 2099 291 2176 si
315 2099 549 2198 Radulphus
574 2100 621 2176 de
646 2100 684 2176 la
708 2100 851 2178 Roche.
879 2099 1009 2177 Item²⁰
1034 2101 1083 2176 de
1107 2099 1307 2176 Willelmo
1331 2102 1381 2176 de
1406 2101 1685 2190 Maundevilla,
1712 2103 1849 2179 comite

258 2218 288 2293 f.
303 2216 398 2311 65b]
454 2217 637 2306 Essexiae,
656 2228 696 2295 et
715 2217 885 2294 Matilda
904 2218 1096 2295 comitissa
1116 2219 1375 2295 Herefordiae.
1399 2221 1504 2311 <Et
1525 2221 1575 2296 ad
1595 2219 1666 2296 hoc
1686 2220 1782 2298 facit
1802 2221 1850 2296 de

259 2336 425 2413 termino
456 2337 591 2413 Sancti
619 2335 805 2413 Michaelis
835 2361 937 2414 anno
966 2337 1068 2435 regis
1099 2337 1265 2413 Henrici
1295 2345 1435 2437 quarto
1464 2337 1670 2436 incipiente
1699 2339 1847 2437 quinto,

258 2455 443 2531 comitatu
465 2455 687 2544 Lincolniae,
712 2456 759 2532 de
783 2456 950 2533 Osberto
974 2456 1053 2531 filio
1077 2457 1236 2534 Ricardi
1260 2466 1298 2533 et
1321 2457 1596 2533 Bartholomeo
1620 2457 1744 2534 fratre
1768 2483 1849 2545 suo,

256 2573 323 2647 ubi
340 2574 464 2650 frater
481 2582 686 2673 postnatus
704 2574 781 2651 fuit
798 2574 840 2650 in
856 2573 993 2651 seisina
1010 2583 1050 2651 et
1066 2575 1285 2666 retinuit>
1307 2575 1425 2663 Quod
1444 2585 1574 2652 autem
1591 2575 1693 2652 idem
1712 2575 1849 2653 debeat

257 2691 451 2768 observari
466 2693 514 2768 de
529 2691 741 2770 hereditate
756 2693 1010 2770 descendente
1026 2694 1130 2793 quod
1147 2694 1195 2769 de
1211 2693 1423 2792 perquisito
1440 2694 1677 2782 observatur,
1695 2694 1850 2771 ridetur

256 2835 345 2886 cum
377 2809 535 2908 quilibet
567 2811 615 2886 de
647 2809 786 2887 seisina
816 2812 977 2910 propria
1009 2809 1154 2888 saciat²²
1189 2811 1360 2911 stipitem
1392 2820 1433 2888 et
1467 2811 1636 2910 primum
1669 2813 1847 2911 gradum,

259 2929 327 3006 sed
352 2954 394 3005 re
420 2955 511 3006 vera
536 2955 616 3004 non
641 2938 700 3006 est
726 2929 792 3005 ita.
820 2928 952 3005 Verba
979 2929 1124 3029 gratia:
1154 2929 1290 3028 aliquis
1317 2929 1433 3006 habet
1460 2930 1556 3007 duos
1584 2930 1684 3007 filios
1712 2956 1762 3007 ex
1791 2931 1846 3007 di·

257 3073 367 3125 versa
389 3057 515 3124 matre
538 3055 577 3124 et
600 3046 697 3124 duas
720 3047 831 3137 filias,
856 3049 982 3125 frater
1005 3057 1211 3126 antenatus
1234 3048 1309 3125 erit
1332 3049 1437 3148 patri
1461 3074 1531 3125 suo
1554 3048 1663 3125 heres
1688 3049 1847 3148 propin·

257 3166 379 3265 quior,
402 3176 441 3243 et
463 3166 564 3242 filius
587 3175 793 3265 postnatus
815 3176 905 3265 post
927 3192 1016 3243 eum
1038 3167 1293 3266 propinquus,
1317 3175 1357 3242 et
1379 3165 1467 3242 filiae
1489 3166 1646 3243 heredes
1670 3165 1849 3243 remoti.'⁸

259 3285 360 3361 Cum
387 3294 517 3362 autem
541 3284 732 3362 hereditas
758 3283 996 3363 descenderit
1022 3285 1102 3362 filio
1129 3293 1314 3361 antenato
1339 3294 1385 3362 ut
1410 3284 1541 3361 heredi
1568 3283 1847 3383 propinquiori,

257 3406 383 3481 frater
400 3413 605 3503 postnatus
622 3403 781 3502 incipiet
800 3428 881 3480 esse
899 3403 1007 3480 heres
1027 3403 1280 3502 propinquior
1300 3403 1416 3479 fratri
1436 3411 1620 3480 antenato
1639 3413 1680 3480 et
1699 3428 1848 3480 sorores

255 3523 412 3601 heredes
427 3521 647 3622 propinqui.
664 3523 826 3599 Mortuo
840 3521 962 3620 igitur
975 3523 1099 3599 fratre
1115 3529 1299 3599 antenato
1314 3521 1394 3599 sine
1409 3520 1548 3598 herede
1563 3522 1611 3599 de
1626 3548 1678 3610 se,
1694 3523 1846 3599 descen·

257 3637 314 3720 dit
333 3642 524 3718 hereditas
545 3640 812 3741 propinquiori
831 3639 974 3730 heredi,
995 3640 1066 3715 hoc
1088 3649 1146 3718 est
1168 3640 1282 3716 fratri
1304 3647 1499 3739 postnato,
1521 3649 1561 3718 et
1582 3665 1661 3717 non
1682 3640 1846 3729 filiabus,

256 3761 346 3837 licet
374 3761 451 3838 sint
476 3760 633 3836 heredes
661 3759 881 3858 propinqui,
909 3782 979 3835 nec
1005 3768 1065 3836 est
1092 3759 1260 3835 multum
1287 3758 1503 3835 curandum
1529 3768 1663 3836 utrum
1692 3759 1769 3836 sint
1799 3760 1847 3835 de

257 3877 418 3954 eodem²⁹
436 3885 549 3978 patre
566 3887 605 3956 et
623 3878 757 3954 eadem
774 3885 910 3966 matre,
929 3877 989 3953 vel
1007 3875 1198 3953 diversa.⁸⁰
1219 3877 1262 3953 Si
1280 3886 1411 3953 autem
1430 3878 1555 3953 frater
1574 3886 1780 3954 antenatus
1799 3878 1847 3954 de

257 3997 384 4096 prima
409 4022 531 4074 uxore
558 3995 620 4073 vel
647 4004 851 4095 postnatus
880 3996 927 4072 de
956 3996 1123 4071 secunda
1150 4019 1271 4070 uxore
1299 3993 1555 4093 perquisitum
1583 3993 1786 4083 fecerint‚⁸²
1815 3995 1847 4072 si

256 4139 405 4192 sorores
421 4113 653 4191 habuerint⁸²
668 4114 718 4192 de
734 4114 868 4190 eadem
884 4123 1020 4202 matre,
1037 4122 1200 4211 propter
1216 4113 1275 4189 ius
1293 4111 1489 4210 sanguinis
1506 4112 1748 4211 duplicatum
1765 4123 1848 4190 tam
1871 4094 1877 4229 ¹,

255 4261 305 4311 ex
325 4243 437 4334 parte
456 4233 580 4334 patris
600 4258 717 4333 quam
737 4258 785 4308 ex
805 4241 918 4331 parte
937 4231 1083 4319 matris,
1104 4231 1178 4308 erit
1197 4231 1305 4308 heres
1326 4230 1582 4330 propinquior
1602 4256 1711 4307 soror
1730 4257 1847 4330 quam
1874 4232 1877 4242 '

258 4354 381 4430 frater
406 4353 454 4429 de
478 4352 553 4429 alia
575 4378 708 4442 uxore,
732 4352 821 4429 licet
847 4350 897 4428 sit
920 4350 1029 4427 heres
1054 4349 1307 4448 propinquus.
1337 4348 1557 4440 <Possunt
1583 4349 1740 4448 quidam
1765 4374 1847 4426 esse

256 4498 370 4572 pares
391 4473 519 4572 quoad
539 4471 597 4548 ius
618 4469 865 4570 possessionis
886 4493 974 4544 cum
996 4469 1169 4566 postnati
1189 4467 1352 4544 liberum
1374 4476 1637 4545 tenementum
1660 4467 1845 4566 adquisie-

256 4591 336 4669 rint
356 4616 405 4667 ex
424 4601 610 4690 tempore,
631 4599 671 4666 et
691 4590 858 4686 impares
879 4596 980 4664 ante.
1004 4588 1107 4663 Item
1127 4586 1261 4662 eodem
1281 4586 1397 4663 modo
1418 4586 1547 4685 quoad
1567 4586 1627 4662 ius
1649 4585 1847 4684 sanguinis

256 4711 361 4808 quod
377 4706 590 4808 potenmt⁸⁸
605 4707 762 4784 heredes
780 4731 861 4783 esse
876 4730 1002 4805 pares,
1019 4728 1107 4781 cum
1125 4704 1272 4781 suerint
1289 4703 1337 4780 de
1353 4730 1431 4780 uno
1449 4713 1562 4802 patre
1579 4702 1668 4780 vel⁸⁴
1685 4703 1846 4781 eadem⁸⁸

256 4925 283 4962 ²⁰
294 4925 441 5003 excludit,
464 4925 504 5001 V,
527 4925 596 5002 OB,
619 4925 696 4999 MA,
719 4925 796 5000 ΜΒ,
820 4925 898 4999 MG,
921 4924 996 4997 CM,
1019 4924 1060 4999 Y,
1084 4923 1157 4984 MC.
1203 4921 1229 4955 ²¹
1240 4941 1324 4997 vero,
1348 4920 1388 4996 V,
1411 4922 1481 4998 OB,
1506 4921 1583 4996 MA,
1607 4920 1681 4981 ΜΒ.
1728 4918 1846 4995 ²²0m,

257 5027 335 5101 MG,
359 5028 405 5101 Y;
431 5029 481 5088 vel
505 5027 633 5104 aliquid,
657 5025 726 5102 OA,
752 5026 819 5099 LA,
844 5027 919 5101 MC,
944 5025 1001 5087 OC
1030 5024 1189 5103 (aliquis).
1237 5021 1453 5099 ”masculinq
1478 5022 1546 5096 LA,
1572 5023 1640 5099 CE,
1668 5023 1745 5099 MG,
1771 5022 1846 5100 CM,

256 5127 328 5189 MC.
369 5125 396 5160 ²⁴
407 5147 479 5204 una,
496 5126 537 5202 V,
554 5127 623 5202 OB,
642 5127 718 5201 MA,
735 5126 811 5188 ΜΒ.
851 5124 971 5186 ²⁶omni
989 5125 1151 5200 consimili,
1170 5126 1208 5186 V.
1249 5123 1319 5186 “et
1338 5124 1429 5200 idem,
1448 5125 1515 5198 LA,
1534 5125 1601 5199 OC,
1622 5125 1696 5201 MC,
1715 5125 1776 5186 ΟΛ
1798 5123 1846 5201 (et

255 5227 358 5307 item).
399 5226 527 5302 ²⁷facit,
546 5227 585 5303 V,
604 5227 672 5302 LA,
693 5228 770 5303 MG,
790 5227 863 5288 MC.
906 5226 1077 5301 ²⁸remotoe,
1097 5227 1141 5300 V;
1161 5228 1217 5299 sic,
1238 5225 1331 5287 MSS.
1375 5225 1484 5303 ²⁰uno,
1505 5225 1574 5301 OA,
1594 5227 1662 5303 LA,
1682 5226 1750 5303 OC,
1770 5227 1845 5288 MC.

256 5325 284 5361 ⁸⁰
294 5327 434 5403 diversis,
455 5328 524 5402 OB,
546 5328 623 5402 Mo,
644 5329 690 5402 Y;
716 5328 776 5406 (-
785 5329 835 5389 vel
856 5328 989 5402 diversa,
1011 5329 1105 5406 CM).
1149 5327 1309 5404 ⁸¹fecerit,
1331 5328 1370 5402 V,
1393 5328 1459 5391 OC.
1503 5327 1695 5404 ³²habuerit,
1717 5328 1757 5406 V,
1778 5329 1844 5390 OC.

256 5425 283 5461 ⁸⁸
294 5431 442 5505 poterint,
456 5427 555 5504 V,Y;
569 5433 686 5507 poterit
704 5427 842 5508 (heres),
856 5429 925 5490 OB.
960 5428 989 5463 ⁸⁴
999 5436 1041 5506 et,
1055 5429 1125 5505 OB,
1140 5429 1206 5491 OC.
1243 5429 1320 5492 ⁸⁸de
1335 5451 1407 5506 nnc,
1421 5431 1461 5507 V,
1476 5431 1554 5506 MG,
1569 5432 1610 5508 Y,
1625 5432 1692 5508 OC,
1709 5431 1782 5492 CM.
