4394 6342
368 405 417 473 66
898 397 1120 458 BBACTON:
1142 396 1203 457 DE
1227 398 1419 460 LEGIBUS

367 549 496 625 facere
515 556 644 649 potest
663 557 702 624 et
721 572 800 624 non
818 555 959 647 potest,
980 549 1189 625 secundum
1211 548 1378 624 diversos
1399 558 1530 625 tamen
1551 557 1758 648 respectus.
1780 550 1957 651 Respon-

367 669 456 744 deo:
476 668 528 743 In
543 676 681 744 neutro
698 690 790 744 casu
806 667 909 745 valet
926 667 1083 744 donatio
1101 668 1284 766 quamdiu
1302 669 1386 767 quis
1405 669 1526 744 luerit
1542 669 1584 744 in
1600 668 1769 768 prisona,
1788 668 1850 746 vel
1868 670 1959 768 quia

366 787 438 862 hoc
452 787 547 864 lacit
560 812 631 886 per
642 786 889 875 coactionem,
903 787 964 863 vel
977 787 1068 884 quia
1079 796 1313 888 potestatem
1327 787 1385 864 sui
1400 813 1478 864 non
1491 787 1618 864 habet.
1634 789 1693 864 Et
1708 787 1773 886 qui
1788 795 1957 887 potesta·

366 913 447 983 tem
467 905 525 982 sui
544 905 755 983 nonhabet
774 930 844 982 nec
862 930 996 983 eorum
1015 929 1098 1004 quae
1118 932 1188 982 sua
1207 932 1288 984 esse
1308 904 1518 983 deberent¹¹
1538 915 1771 1007 potestatem
1791 907 1956 985 habebit.

368 1026 427 1102 Et
443 1025 675 1123 generaliter
691 1025 757 1123 qui
774 1025 822 1100 ab
840 1024 922 1102 aliis
940 1025 1160 1125 possidetur
1175 1025 1258 1124 ipse
1275 1025 1369 1102 nihil
1387 1025 1582 1125 possidere
1600 1026 1785 1127 poterit,¹⁸
1804 1037 1842 1104 et
1861 1027 1959 1103 sicut

367 1144 431 1222 ille
452 1145 517 1243 qui
536 1144 578 1221 in
597 1143 780 1222 servitute
801 1143 921 1222 fuerit
941 1143 1036 1221 nibil
1055 1144 1250 1244 possidere
1271 1146 1427 1244 poterit,
1449 1145 1539 1244 quia
1561 1146 1791 1245 possidetur,
1813 1147 1869 1223 ita
1889 1171 1959 1223 nec

367 1264 431 1340 ille
445 1265 510 1362 qui
523 1264 742 1364 possidetur
756 1263 804 1340 ab
818 1263 991 1339 hostibus
1005 1265 1066 1340 rel
1080 1264 1260 1341 detentus
1275 1264 1363 1340 fuit.
1379 1264 1460 1341 Sed
1473 1263 1590 1340 cum²⁴
1604 1265 1692 1342 talis
1708 1266 1764 1342 ita
1779 1265 1828 1342 ab
1842 1265 1958 1342 hosti·

367 1382 440 1458 bus
462 1384 641 1459 detentus
664 1382 882 1459 naturalem
904 1383 1092 1482 receperit
1114 1383 1342 1472 libertatem,
1366 1384 1438 1459 hoo
1461 1392 1519 1460 est
1535 1409 1631 1459 cum
1654 1409 1731 1460 suae
1755 1386 1959 1484 potestatis

367 1501 531 1579 effectus
548 1501 679 1591 luerit,
697 1528 757 1578 res
773 1503 830 1579 ita
845 1509 974 1600 gestas
990 1509 1120 1602 potest
1136 1503 1197 1581 rel
1213 1503 1405 1580 ratificare
1422 1504 1483 1579 vel
1499 1503 1708 1592 infirmare,
1725 1514 1765 1581 et
1782 1504 1839 1581 ita
1855 1504 1959 1602 quod

368 1621 399 1698 si
421 1622 670 1721 postmodum
692 1647 752 1698 res
773 1630 903 1720 gestas
925 1621 1211 1722 approbaverit,
1235 1621 1296 1698 vel
1319 1623 1451 1700 statim
1474 1623 1620 1699 donum
1643 1649 1721 1698 non
1744 1624 1959 1700 revocando

367 1741 429 1817 vel
447 1739 671 1839 homagium
690 1739 778 1818 vel²⁶
800 1740 999 1818 servitium
1017 1741 1248 1840 recipiendo,
1269 1741 1383 1818 valet.

466 1859 563 1938 Alia
578 1859 712 1938 divisio
729 1849 995 1949 doudtiouum,
1012 1861 1118 1959 quod
1134 1860 1210 1937 olio
1226 1858 1391 1959 simpleu
1408 1871 1447 1938 et
1465 1886 1578 1960 pura,
1596 1861 1673 1938 ulia
1690 1861 1959 1939 condicionalis

467 1978 529 2056 vel
544 1978 615 2056 sub
632 1979 758 2057 modo.

367 2097 667 2174 Donarrouunr
687 2097 763 2174 alia
782 2097 929 2187 divisio,
948 2096 1117 2174 scilicet²⁰
1139 2099 1242 2196 quod
1262 2097 1338 2175 alia
1357 2097 1521 2199 simplex
1541 2108 1581 2175 et
1601 2125 1713 2200 pura,
1735 2099 1811 2177 alia
1830 2101 1958 2177 condi·

368 2215 536 2306 cionalis,
554 2217 629 2294 alia
644 2218 715 2294 sub
730 2219 857 2307 modo,
873 2218 941 2293 uni
957 2218 1066 2294 lacta
1079 2219 1140 2293 vel
1156 2217 1331 2317 pluribus
1347 2217 1408 2294 vel
1424 2217 1601 2318 pluribus
1618 2220 1836 2296 successive.
1856 2221 1960 2297 Item

368 2344 408 2412 et
429 2335 505 2411 alia
524 2361 607 2434 quae
626 2337 895 2414 condicionalis
916 2347 975 2413 est
994 2335 1171 2436 pluribus
1192 2337 1348 2414 adiectis
1369 2336 1664 2414 condicionibus.
1689 2339 1792 2415 Item
1815 2338 1891 2416 alia
1912 2341 1960 2416 de

368 2483 412 2533 re
430 2457 471 2533 in
488 2456 738 2554 maritagium
755 2456 859 2545 data,
878 2457 954 2532 alia
973 2457 1020 2533 de
1039 2481 1082 2532 re
1100 2457 1193 2533 data
1210 2455 1301 2532 viris
1322 2456 1519 2554 religiosis,
1540 2457 1615 2533 alia
1635 2457 1682 2533 de
1701 2483 1743 2534 re
1763 2459 1855 2535 data
1875 2458 1958 2535 bas·

368 2575 502 2667 tardis,
518 2577 594 2652 alia
607 2577 656 2653 de
669 2603 711 2653 re
726 2577 819 2652 data
834 2578 883 2652 ad
899 2575 1003 2652 leodi
1018 2577 1182 2664 firmam,
1199 2575 1274 2652 alia
1290 2577 1337 2652 de
1354 2602 1395 2653 re
1410 2577 1504 2652 data
1519 2577 1569 2653 ad
1584 2575 1705 2654 vitam
1719 2602 1960 2677 quocumque

367 2697 495 2784 modo,
511 2695 586 2773 alia
601 2721 684 2794 quae
699 2697 801 2773 idem
814 2705 873 2772 est
888 2695 992 2793 quod
1007 2695 1197 2771 concessio
1213 2705 1252 2772 et
1267 2719 1347 2771 non
1361 2695 1530 2784 donatio,
1547 2695 1645 2773 sicut
1662 2698 1710 2773 de
1725 2723 1767 2772 re
1783 2720 1960 2774 concessa

369 2816 420 2892 ad
445 2816 654 2892 terminum
681 2840 882 2892 annorum.
914 2815 1090 2915 Simplex
1117 2822 1248 2891 autem
1275 2824 1315 2891 et
1342 2841 1444 2913 pura
1471 2815 1545 2891 dici
1573 2815 1728 2914 poterit,
1758 2816 1824 2892 ubi
1852 2817 1960 2893 nulla

369 2933 517 3010 adiecta
535 2946 593 3013 est
611 2935 778 3011 conditio
796 2960 920 3033 neque
937 2935 1087 3022 modus,
1106 2933 1329 3032 simpliciter
1347 2934 1449 3010 enim
1468 2933 1608 3011 dicitur
1627 2934 1711 3010 dari
1730 2937 1834 3033 quod
1853 2935 1960 3012 nullo

369 3057 502 3133 addito
516 3053 672 3132 datur.¹'
688 3055 749 3130 Ut
761 3055 792 3131 si
807 3054 968 3142 dicatur,
982 3053 1050 3130 Do
1065 3051 1161 3130 tate·
1176 3060 1327 3130 tautum
1340 3062 1485 3131 terrum
1498 3055 1541 3131 iu
1555 3053 1730 3132 tulivillu
1742 3079 1816 3153 pro
1831 3054 1960 3131 homa»

367 3177 434 3276 pio
453 3184 491 3253 et
510 3175 664 3252 servitio
681 3197 764 3262 uro,
783 3171 998 3250 habendam
1017 3182 1056 3250 et
1076 3173 1282 3249 terrendam
1302 3172 1425 3248 eidem
1444 3172 1515 3249 toli
1534 3182 1574 3250 et
1593 3171 1795 3250 heredibus
1813 3175 1892 3250 ruis
1912 3175 1960 3251 de

370 3321 431 3375 rae
448 3305 487 3373 et
505 3293 706 3372 heredibus
723 3293 829 3381 meis,
847 3291 1042 3369 reddendo
1059 3293 1151 3371 iude
1165 3291 1264 3391 per¹⁹
1281 3290 1454 3369 auuma²⁰
1469 3293 1552 3391 ipse
1568 3302 1607 3370 et
1622 3291 1780 3370 huedm
1794 3293 1855 3370 sui
1870 3292 1963 3370 mihi

366 3423 404 3492 et
423 3411 624 3490 heredibus
641 3411 735 3488 racis
751 3418 905 3486 tantum
924 3411 975 3487 od
993 3408 1089 3486 tales
1105 3410 1299 3498 terminos,
1317 3435 1390 3508 pro
1407 3412 1512 3488 oraui
1529 3409 1683 3488 servitio
1701 3421 1741 3488 et
1760 3420 1959 3487 coruuetu

369 3531 459 3609 diue
481 3539 520 3608 ct
541 3527 703 3606 seculari
724 3528 1005 3617 demandans
1027 3528 1130 3626 quod
1152 3537 1258 3607 certa
1280 3528 1329 3605 sit
1352 3554 1412 3605 res
1436 3553 1520 3627 quae
1543 3529 1671 3618 datur,
1693 3537 1734 3605 et
1756 3537 1862 3606 certa
1884 3553 1960 3606 ser·

369 3649 464 3727 ritis
487 3660 527 3727 et
551 3647 845 3725 consuetudines
871 3672 955 3746 quae
981 3647 1135 3724 domino
1161 3647 1361 3736 debentur,
1386 3647 1476 3723 licet
1500 3647 1647 3724 incerta
1672 3647 1750 3725 sint
1776 3649 1852 3725 alia
1876 3673 1961 3747 quae

368 3770 485 3849 tacite
502 3768 765 3846 remittuntur.
784 3767 843 3843 Bt
863 3791 935 3866 epo
953 3777 992 3844 et
1011 3765 1168 3843 heredes
1186 3768 1261 3844 mei
1278 3766 1623 3855 warantizabimus,
1643 3767 1961 3866 adquietahiraiu,

370 3897 409 3966 et
428 3886 682 3982 defendemus
699 3885 929 3987 praehmm
948 3885 1065 3964 talem
1086 3895 1124 3965 et
1145 3886 1302 3963 heredm
1321 3910 1411 3963 suos
1430 3908 1563 3963 versus
1583 3909 1716 3963 omues
1734 3896 1871 3985 pentes
1890 3910 1962 3986 por

369 4007 598 4108 predictum
618 4007 827 4086 servitium.
849 4007 908 4084 Et
928 4008 981 4084 sic
1002 4005 1171 4105 adquirit
1193 4006 1415 4083 donatarius
1436 4031 1566 4082 rerum
1588 4006 1757 4083 dominia
1777 4030 1963 4082 excausa

370 4127 599 4217 donationis,
613 4138 652 4205 et
665 4126 800 4204 heres²²
814 4126 895 4204 eius
909 4133 1000 4226 post
1012 4151 1102 4203 eum
1115 4152 1164 4202 ex
1178 4148 1294 4202 causa
1307 4125 1564 4214 successionis,
1580 4125 1670 4223 quia
1684 4124 1777 4202 nihil
1793 4125 1962 4224 adquirit

370 4272 419 4323 ex
440 4247 645 4324 donatione
667 4248 773 4323 faeta
794 4244 1034 4334 antecessori,
1057 4244 1147 4343 quia
1167 4269 1256 4320 cum
1277 4242 1479 4320 donatario
1500 4267 1579 4318 non
1600 4253 1658 4321 est
1680 4244 1878 4320 feoffatus.
1902 4244 1962 4321 Et

370 4391 442 4465 per
457 4365 529 4441 hoc
546 4364 649 4463 quod
667 4365 770 4454 dicit,
788 4365 858 4442 tali
875 4375 915 4442 et
932 4363 1133 4442 heredibus
1151 4364 1241 4452 suis,
1259 4363 1370 4460 largo
1388 4372 1545 4462 sumpto
1563 4361 1748 4439 vocabulo
1765 4363 1961 4452 heredum,

369 4485 616 4562 continentur
634 4484 790 4561 heredes
808 4509 940 4560 omnes
960 4490 1043 4558 tam
1061 4481 1270 4582 propinqui
1289 4508 1407 4580 quam
1425 4481 1574 4571 remoti,
1594 4489 1634 4557 et
1653 4491 1736 4559 tam
1754 4491 1961 4581 praesentes

370 4628 488 4703 quam
512 4600 648 4679 luturi.
675 4601 754 4680 Sed
777 4612 909 4680 tamen
932 4627 1032 4678 unus
1057 4626 1190 4678 eorum
1214 4602 1274 4677 vel
1298 4601 1431 4699 plures
1455 4600 1522 4700 qui
1548 4610 1638 4678 sunt
1663 4601 1772 4701 quasi
1796 4626 1897 4678 unus
1922 4611 1961 4679 et

370 4722 400 4798 f.
416 4721 510 4816 lib]
565 4721 859 4821 propinquiores
887 4719 1153 4797 remotioribus
1179 4719 1454 4819 praeleruntur,
1483 4729 1528 4796 ut
1556 4744 1676 4819 supra
1702 4718 1876 4797 dietum²²
1903 4729 1962 4797 est

370 4924 532 5002 casm,
553 4925 622 5001 on,
642 4925 719 4999 nn,
739 4925 814 5000 cu,
834 4923 872 4985 v.
914 4923 1067 5002 aporos,
1088 4922 1166 4998 no,
1187 4923 1261 4984 cu.
1304 4919 1456 4995 “umen
1479 4919 1573 4983 usa.
1594 4940 1658 4982 var.
1702 4919 1783 4995 ru,
1805 4921 1874 4997 on,
1896 4923 1963 4997 m,

225 5054 226 5058 ¹
370 5026 438 5101 OC,
457 5026 532 5101 CM,
551 5026 628 5099 MG,
648 5026 721 5087 MC.
761 5023 976 5100 wocardum,
996 5025 1073 5099 MG,
1093 5025 1166 5084 cM.
1208 5022 1234 5057 ²²
1246 5021 1370 5099 dicitur,
1390 5025 1436 5098 Y3
1456 5024 1515 5099 dr.‚
1535 5023 1604 5099 oA,
1625 5024 1692 5098 LA,
1710 5024 1778 5099 OC,
1798 5023 1866 5097 CE,
1887 5025 1963 5100 MA,

372 5126 446 5200 MC,
468 5127 537 5200 OB,
560 5126 639 5200 HA3
662 5127 765 5203 datur,
788 5126 865 5200 MG,
889 5128 969 5200 CM3
996 5125 1098 5203 (nullo
1121 5124 1257 5201 additur,
1282 5125 1377 5204 ΜΒ).
1422 5124 1449 5160 ¹⁸
1461 5125 1529 5200 tibi,
1553 5126 1622 5201 OB,
1646 5127 1722 5201 MB,
1746 5126 1785 5186 Y.
1829 5122 1896 5159 ²⁹⁴⁰
1908 5145 1963 5186 au·

370 5229 498 5302 unatim,
527 5226 567 5301 V,
595 5227 664 5302 OB,
694 5228 771 5303 MB,
800 5228 874 5289 CM.
926 5225 1103 5301 ²²beredea,
1132 5227 1171 5301 V,
1203 5228 1279 5301 ΜΒ,
1310 5228 1383 5289 CM.
1435 5226 1653 5305 ²'praedictum
1684 5234 1742 5302 est,
1773 5227 1846 5300 CB3
1877 5227 1963 5288 infra

370 5325 501 5404 dicetur,
517 5328 556 5389 V.
