4394 6342
799 1339 895 1436 DE
934 1339 1259 1437 PERSONIS

334 1593 454 1686 Quod
468 1617 581 1671 oenoe
595 1595 656 1671 ios
671 1595 841 1694 pertinet
857 1593 918 1671 vel
934 1595 985 1671 ad
999 1618 1198 1694 personas,
1214 1593 1276 1671 vel
1291 1594 1343 1670 od
1358 1619 1432 1682 rea,
1449 1592 1510 1671 vel
1525 1595 1577 1672 od
1594 1593 1773 1672 actiones.

340 1727 533 1804 ICTUM
550 1735 610 1804 est
627 1751 747 1825 supra
765 1727 814 1803 de
831 1725 914 1803 iure
932 1724 1113 1814 manau,
1132 1726 1308 1824 gentium
1326 1735 1365 1803 et
1384 1726 1495 1814 civili,
1516 1727 1584 1804 sed
1602 1726 1693 1826 quia
1711 1752 1824 1803 omne

344 1850 404 1926 ius
421 1849 470 1927 de
488 1874 566 1946 quo
583 1856 752 1926 tractare
770 1848 1023 1947 proponimus
1043 1847 1212 1947 pertinet
1231 1847 1292 1924 vel
1312 1849 1362 1923 ad
1382 1872 1577 1946 personas,
1597 1848 1660 1925 vel
1680 1849 1823 1936 adres,

232 1969 293 2048 rel
309 1971 360 2047 ad
376 1967 543 2046 actiones
560 1967 771 2045 seeundum
787 1967 891 2064 leges
908 1975 948 2044 et
965 1965 1259 2044 consuetudines
1276 1966 1528 2066 Anglicanas‚
1548 1964 1615 2045 et⁸⁸
1632 1992 1721 2044 cum
1738 1966 1822 2066 dig·

232 2091 358 2166 niores
384 2087 490 2165 sint⁸⁹
515 2112 699 2187 personae,
726 2112 891 2187 quarum
917 2111 1032 2163 causa
1059 2094 1207 2164 statuta
1235 2095 1326 2164 sunt
1352 2085 1482 2162 omnia
1509 2085 1633 2174 iura,⁴⁰
1660 2086 1747 2162 ideo
1774 2087 1822 2164 de

232 2207 405 2308 personis
429 2207 555 2307 primo
577 2205 774 2283 videamus
796 2213 838 2282 et
859 2204 1019 2282 eorum⁴1
1044 2214 1162 2294 statu,
1187 2206 1253 2303 qui
1276 2206 1405 2283 varius
1429 2215 1487 2284 est
1511 2215 1551 2283 et
1575 2206 1758 2295 diversus,
1783 2215 1822 2284 et

231 2328 480 2428 postmodum
496 2326 545 2403 de
562 2327 644 2404 iure
661 2350 914 2425 personarum
932 2326 1036 2424 quod
1054 2324 1219 2401 vertitur
1236 2324 1337 2401 circa
1355 2350 1431 2401 eas.

330 2448 396 2524 De
409 2446 538 2547 primo
550 2444 735 2524 nonme
746 2468 1012 2545 personarum.

230 2565 315 2642 Esr
343 2573 474 2642 autem
503 2566 631 2664 prima
660 2563 795 2641 divisio
826 2587 1080 2663 personarum
1110 2563 1189 2638 haee
1218 2572 1258 2640 et
1289 2562 1521 2653 brevissima,
1553 2563 1657 2662 quod
1689 2589 1820 2641 onmes

229 2685 400 2762 homines
422 2693 491 2761 aut
509 2683 617 2761 liberi
638 2693 729 2760 sunt
749 2692 819 2760 aut
837 2681 948 2772 servi,
969 2681 1038 2758 id⁴²
1056 2681 1156 2770 est,⁴⁸
1176 2682 1300 2759 omnis
1320 2682 1433 2759 homo
1455 2692 1523 2759 aut
1544 2693 1602 2760 est
1622 2682 1730 2772 liber,
1751 2692 1820 2761 aut

229 2815 287 2882 est
301 2829 445 2892 servus,
459 2802 533 2879 ut‘⁴
546 2802 602 2879 ita
615 2804 830 2880 resolvatur
845 2801 1006 2901 pluralis
1021 2801 1172 2879 orati0⁴⁶
1188 2801 1229 2878 in
1245 2801 1491 2900 singularem.
1511 2801 1589 2879 Sed
1605 2802 1657 2878 sic
1673 2802 1819 2902 opponi

229 2924 373 3023 poterit
390 2923 438 3001 de
456 2922 684 3022 ascripticio,
703 2931 749 2999 ut
766 2921 930 3010 videtur,
950 2920 1041 3020 quia
1057 2947 1146 2999 vere
1164 2921 1260 2997 liber
1278 2928 1348 3010 est,
1368 2921 1457 2999 licet
1477 2922 1645 3020 quodam
1664 2922 1818 2999 servitio

229 3043 278 3121 sit
292 3042 483 3120 astrictus.
496 3041 555 3120 Et
568 3042 617 3119 de
630 3065 675 3116 eo
688 3041 813 3118 brevis
826 3040 972 3140 poterit
985 3065 1065 3118 esse
1080 3038 1231 3130 solutio,
1246 3039 1337 3138 quia
1350 3041 1385 3117 ei
1398 3041 1464 3138 qui
1479 3039 1575 3117 liber
1589 3049 1647 3118 est
1661 3039 1817 3116 villena-

227 3161 336 3259 gium
355 3161 417 3239 vel
437 3160 635 3238 servitium
654 3159 749 3237 nihil
769 3158 937 3238 detrahit
957 3158 1236 3258 libertati[s]‚⁴⁸
1257 3159 1389 3237 habita
1408 3168 1542 3236 tamen
1564 3159 1818 3249 distinctione,

227 3289 360 3358 utrum
374 3280 471 3358 tales
486 3280 564 3358 sint
578 3280 709 3357 villani
724 3288 765 3357 et
779 3278 1001 3357 tenuerint*
1018 3279 1059 3355 in
1073 3278 1218 3355 villano
1233 3279 1386 3377 soeagio
1401 3277 1450 3356 de
1467 3279 1656 3356 dominico
1673 3279 1818 3356 domini

227 3400 341 3499 regis,
360 3401 407 3476 de
425 3399 562 3498 quibus
580 3397 743 3476 inferius
760 3398 992 3476 tractabitur
1010 3399 1172 3497 plenius.
1194 3399 1299 3475 Item
1317 3423 1387 3474 nec
1406 3399 1535 3476 obstat
1555 3400 1659 3497 quod
1678 3398 1818 3475 dicitur

228 3518 276 3596 de
301 3517 575 3607 oanniberist·
601 3517 691 3616 quia
715 3516 889 3616 quamvis
916 3541 1048 3594 servus
1074 3517 1260 3595 fueritin
1286 3518 1522 3617 possessione
1547 3517 1748 3606 libertatis,
1774 3544 1816 3594 re

226 3663 319 3715 vera
334 3663 466 3715 servus
482 3647 552 3726 est,
569 3637 742 3736 quamvis
758 3663 799 3714 se
814 3646 854 3715 et
871 3662 942 3713 sua
958 3637 1165 3735 aliquando
1180 3635 1389 3714 defendere
1405 3637 1527 3736 possit
1544 3647 1679 3714 contra
1697 3637 1816 3713 domi·

227 3781 321 3833 num
336 3781 460 3845 suum,
474 3764 672 3857 petentem
687 3755 815 3854 ipsum
829 3755 902 3833 ut⁴⁰
916 3755 1092 3832 nativum
1106 3781 1230 3844 suum,
1246 3780 1317 3854 per
1333 3756 1597 3854 exceptionem
1612 3755 1815 3855 privilegii.

228 3876 331 3952 Cum
345 3884 476 3953 autem
490 3875 612 3952 omnis
627 3873 741 3951 homo
755 3874 805 3952 sit
820 3873 916 3951 liber
930 3874 991 3951 vel
1007 3900 1150 3963 servus,
1167 3874 1324 3974 expedit
1340 3874 1470 3952 videre
1487 3875 1579 3974 quid
1595 3875 1644 3952 sit
1659 3874 1816 3951 libertas

227 4002 267 4070 et
280 3993 374 4092 quid
388 3995 550 4071 servitus
565 3991 632 4070 et‘⁰
648 3993 813 4092 qualiter
827 3993 1028 4091 contingat
1043 3992 1246 4071 servitus.⁸²

329 4113 436 4206 Quid
449 4113 500 4190 ait
514 4111 683 4191 libertos.

226 4230 312 4310 Ean
332 4241 464 4309 autem
484 4231 640 4308 libertas
662 4229 850 4308 natruolis
872 4230 1040 4309 facultas
1063 4232 1155 4320 eius,
1179 4231 1283 4329 quod
1304 4230 1441 4330 cuique
1464 4231 1592 4309 facere
1614 4231 1719 4321 libet,
1743 4233 1816 4309 nisi

227 4350 330 4448 quod
347 4349 458 4426 iure⁵¹
477 4359 546 4427 aut
563 4350 601 4426 vi
620 4349 856 4449 prohibetur.
878 4349 957 4426 Sed
977 4350 1187 4427 secundum
1204 4349 1275 4425 hoc
1294 4349 1447 4426 videtur
1467 4350 1571 4448 quod
1591 4352 1689 4428 servi
1711 4350 1815 4428 sint⁸⁸

225 4468 346 4559 liberi,
363 4495 454 4546 nam
469 4479 509 4547 et
524 4470 599 4569 ipsi
613 4469 774 4546 liberam
789 4470 932 4546 habent
949 4469 1176 4546 facultatem
1194 4469 1267 4546 nisi
1284 4470 1322 4545 vi
1339 4478 1408 4547 aut
1426 4470 1508 4547 iure
1526 4470 1814 4570 prohibeantur.

228 4586 307 4665 Sed
328 4587 512 4665 definitur
532 4588 689 4665 libertas
712 4588 786 4665 eo⁶‘
807 4589 890 4665 iure
913 4587 1016 4686 quo⁶⁶
1039 4589 1197 4688 prodita
1217 4596 1287 4677 est,
1310 4614 1360 4664 ex
1384 4615 1462 4688 qua
1482 4589 1592 4666 liberi
1615 4600 1814 4667 vocantur.

225 4705 337 4785 Licet
366 4708 467 4785 enim
498 4706 624 4785 servi⁶⁸
653 4706 894 4784 efficiantm⁸'
923 4706 1043 4796 liberi,
1073 4718 1205 4785 tamen
1234 4707 1390 4808 quood⁸⁸
1420 4709 1480 4784 ius
1510 4709 1686 4806 gentium
1716 4709 1815 4787 servi

226 4906 253 4942 ⁸⁸
264 4908 346 4984 ora,
361 4909 438 4982 ΜΒ,
455 4910 529 4985 ΒΜ,
544 4909 580 4970 Β.
615 4906 790 4983 ⁸'sunt,1³‚
807 4909 878 4969 na
916 4906 943 4940 ⁴⁰
955 4908 1035 4984 οΒ,,
1051 4908 1120 4984 οΒ,
1137 4907 1213 4983 ΜΑ,
1229 4908 1306 4983 ΜΒ,
1322 4908 1362 4969 Y.
1400 4907 1427 4942 ⁴²
1438 4929 1552 4985 aarum,
1569 4908 1638 4985 οΒ,
1655 4910 1730 4984 ΜΒ,
1748 4909 1815 4984 oc,

224 5008 266 5084 r,
280 5009 353 5070 ΜΒ.
389 5006 508 5084 ⁴²⁴⁸a,
524 5009 602 5082 ΜΒ,
617 5009 690 5071 ΒΜ.
726 5007 807 5082 ua,
822 5009 901 5085 ΜΒ,
915 5009 989 5069 ΒΜ.
1026 5007 1198 5084 “omnino
1213 5010 1253 5084 v,
1269 5009 1335 5070 on.
1373 5007 1559 5084 ωΜΜΜΜ,
1575 5011 1644 5086 οΒ,
1661 5012 1730 5086 οΒ,
1747 5012 1814 5086 oc,

225 5109 292 5184 LA,
309 5109 385 5185 MA,
402 5111 478 5185 ΜΒ,
494 5110 569 5185 ΜΒ,
586 5109 663 5183 ΜΒ,
680 5110 747 5184 cn,
766 5110 840 5185 ΒΜ,
857 5111 893 5182 Β,
910 5110 951 5184 Y,
969 5111 1048 5182 ΗΑ,
1065 5110 1230 5184 names,
1248 5110 1286 5170 V.
1326 5109 1352 5145 ⁴⁷
1364 5119 1539 5188 anaema,
1556 5113 1596 5186 Y,
1615 5115 1650 5175 Β.
1691 5111 1718 5146 ⁴·
1730 5121 1814 5176 statu

224 5207 325 5284 noes,
339 5209 415 5284 ΜΒ,
429 5209 506 5284 ΜΒ,
520 5210 593 5270 ΒΜ.
628 5207 656 5242 ⁴⁰
666 5212 710 5286 Μ,
723 5210 801 5283 ΜΒ,
814 5211 850 5271 1³.
885 5207 1126 5286 ⁸⁰·⁵10m.‚0A,
1140 5212 1209 5286 οΒ,
1224 5212 1299 5286 ΜΛ,
1313 5213 1390 5288 ΜΒ,
1405 5213 1471 5288 cn,
1486 5215 1525 5276 r.
1561 5212 1637 5276 nae
1651 5218 1730 5292 sure,
1744 5216 1813 5292 οΒ,

225 5309 301 5384 ΜΛ,
316 5309 392 5384 ΜΒ,
407 5308 474 5384 cu,
488 5310 556 5385 oo,
570 5311 607 5384 Β,
622 5309 695 5370 ΜΒ.
731 5307 852 5386 ”sune
866 5307 934 5386 oo,
949 5312 1025 5387 MA,
1042 5312 1120 5386 ΜΒ,
1136 5314 1212 5388 ΜΒ,
1228 5314 1302 5389 ΒΜ,
1317 5315 1354 5389 Β,
1370 5314 1410 5388 Y,
1426 5315 1498 5376 rra
1536 5313 1612 5379 ’ΜΒ
1626 5317 1718 5395 quoa,
1735 5320 1813 5396 ΜΒ,

225 5408 298 5471 ΒΜ.
334 5408 453 5485 uon„
468 5411 546 5490 ΜΒ,
561 5411 633 5472 ΒΜ.
669 5408 1127 5488 ‘eummaummeensaa
1143 5414 1221 5490 ΜΒ,
1236 5415 1309 5477 ΒΜ.
1346 5413 1435 5491 ΒΜ,
1450 5415 1519 5492 οΑ,
1534 5419 1601 5495 cn,
1617 5420 1656 5482 r.
