4432 6340
379 489 450 563 172
909 477 1131 539 BRACTON:
1154 478 1215 538 DE
1238 479 1430 540 LEGIBUS

377 641 546 732 portum,
567 629 812 706 habuerrmt²⁴
833 629 907 728 ipsi
926 628 1136 727 burgenses
1158 631 1205 707 de
1226 629 1364 728 quibus
1386 628 1560 728 queritur
1581 627 1713 704 villam
1735 653 1855 716 suam,
1878 627 1967 703 bur-

376 750 512 849 gum,²⁵
537 749 743 838 civitatem,
768 749 829 824 vel
853 755 1012 847 portum
1038 749 1089 824 ad
1114 747 1219 824 feodi
1243 749 1396 824 firmam
1421 747 1469 822 de
1496 746 1797 824 antecessoribus
1824 745 1968 822 domini

377 869 491 966 regis,
509 868 580 946 sibi
596 867 663 944 et²⁸
680 865 881 944 heredibus
898 867 987 955 suis,
1005 891 1092 942 cum
1110 865 1287 943 omnibus
1304 865 1545 942 libertatibus
1563 874 1603 942 et
1620 866 1748 942 liberis
1766 873 1968 941 consuetu·

378 987 529 1064 dinibus
548 988 598 1064 ad
615 985 746 1062 villam
763 985 900 1062 suam²'
919 984 1212 1084 pertinentibus,
1232 985 1279 1062 de
1298 984 1504 1061 donatione
1522 984 1611 1061 talis
1630 985 1743 1082 regis,
1761 984 1969 1060 tenendam

379 1108 426 1182 de
445 1133 491 1182 eo
510 1113 550 1181 et
569 1104 770 1182 heredibus
791 1104 868 1180 suis
888 1104 1084 1180 reddendo
1104 1101 1221 1178 inde²⁸
1240 1110 1396 1179 tantum
1418 1129 1489 1202 per
1509 1101 1694 1190 annum,²⁹
1716 1111 1755 1178 et
1777 1103 1842 1201 qui
1863 1101 1968 1177 illam

378 1226 434 1302 ita
460 1225 577 1302 libere
603 1225 788 1301 concessit
814 1249 885 1323 per
910 1233 1058 1300 cartam
1086 1247 1206 1310 suam,
1235 1222 1333 1299 sicut
1359 1221 1442 1320 ipse
1469 1221 1576 1297 illam
1602 1247 1787 1320 umquam
1813 1221 1968 1297 liberius

378 1343 512 1420 habuit
530 1343 571 1418 in
588 1367 746 1420 manum
765 1368 875 1420 suam
894 1343 956 1418 die
975 1368 1052 1440 quo
1070 1342 1350 1417 concessionem
1369 1340 1475 1416 illam
1495 1340 1548 1416 eis
1568 1340 1672 1416 feeit.
1694 1341 1752 1415 Et
1771 1339 1860 1414 inde
1880 1364 1968 1437 pro·

378 1464 510 1540 ferant
532 1472 658 1540 cartas
682 1461 914 1561 antiquiores
937 1463 969 1539 si
991 1487 1087 1560 quas
1110 1461 1325 1550 habuerint,
1350 1471 1390 1538 et
1412 1487 1550 1559 regum
1573 1460 1857 1538 succedentium
1879 1485 1967 1536 con·

378 1583 625 1659 firmationes.
649 1583 706 1658 Et
727 1581 830 1658 unde
852 1582 976 1657 dicere
998 1589 1184 1680 poterunt
1205 1581 1309 1678 quod
1330 1579 1477 1656 desicut
1499 1605 1633 1656 eorum
1654 1587 1762 1656 carta
1786 1587 1969 1654 antenata

378 1711 437 1778 est
454 1711 492 1778 et
508 1701 665 1777 libertas
682 1700 862 1788 anterior,
879 1725 958 1776 non
976 1700 1104 1797 potuit
1123 1698 1258 1796 aliquis
1277 1724 1346 1775 rex
1363 1699 1482 1776 talem
1500 1698 1718 1775 libertatem
1737 1697 1820 1774 aliis
1838 1722 1968 1773 eonce-

380 1820 470 1896 dere
486 1820 527 1895 iu
543 1844 677 1896 eorum
695 1817 956 1918 praeiudicium
974 1827 1013 1894 et
1032 1817 1228 1894 iniuriamz
1249 1827 1287 1894 et
1306 1818 1394 1893 inde
1413 1826 1545 1916 petere
1564 1817 1755 1893 iudicium.
1777 1817 1846 1892 Ad
1866 1817 1970 1915 quod

229 1953 232 1958 '
378 1938 524 2037 poterit
537 1964 561 2013 a
575 1935 821 2037 querentibus
835 1937 1012 2036 replicari
1027 1937 1131 2035 quod
1146 1935 1177 2014 si
1190 1935 1246 2012 illi
1261 1935 1309 2013 de
1323 1937 1460 2034 quibus
1476 1935 1652 2033 queritur
1666 1944 1813 2012 cartam
1829 1935 1968 2011 habue·

379 2059 457 2135 rint
472 2066 707 2144 antenatam,
723 2081 934 2154 numquam
948 2065 1080 2132 tamen
1094 2055 1153 2131 usi
1168 2053 1357 2131 fuerunt³⁰
1372 2053 1446 2153 ipsi
1461 2053 1548 2130 vel⁸²
1565 2065 1821 2130 antecessores
1837 2078 1970 2130 eorum

376 2178 447 2255 tali
461 2177 639 2253 libertate
654 2184 861 2272 antequam
875 2174 929 2250 eis
945 2174 1010 2272 qui
1027 2183 1253 2272 queruntur,
1270 2183 1308 2250 et
1326 2172 1627 2249 antecessoribus
1643 2198 1777 2248 eorum
1793 2196 1970 2248 concessa

378 2295 505 2373 esset⁸²
522 2294 610 2370 tulis
627 2294 783 2370 libertas
802 2293 906 2391 quod
924 2317 1061 2390 capere
1080 2301 1238 2390 possent
1255 2292 1491 2368 theolonium
1510 2292 1550 2366 in
1568 2291 1661 2367 villa
1679 2315 1760 2379 sua,
1780 2298 1819 2366 et
1839 2289 1969 2389 quod³⁸

379 2415 497 2514 quieti
517 2423 643 2490 essent
662 2439 733 2511 per
750 2420 874 2489 totam
894 2421 1038 2488 terram
1057 2410 1159 2508 regis
1179 2409 1227 2487 de
1247 2410 1439 2486 theolonio
1459 2420 1498 2486 et
1517 2409 1855 2487 consuetudinibus
1876 2410 1969 2485 dan-

380 2533 450 2622 dis,
468 2533 558 2632 quia
575 2531 704 2608 nullus
722 2529 922 2629 burgensis
941 2530 989 2606 de
1006 2529 1098 2606 villa
1116 2556 1186 2606 sua
1203 2554 1387 2628 umquam
1405 2529 1512 2627 prius
1532 2529 1637 2606 venit
1656 2529 1706 2604 ad
1724 2528 1855 2604 villam
1874 2552 1969 2626 prae·

380 2652 581 2740 dictorum,
607 2650 655 2727 de
680 2649 817 2749 quibus
842 2650 1028 2748 queritur,
1055 2649 1120 2746 qui
1146 2647 1291 2747 aliquid
1315 2657 1458 2724 emeret
1483 2648 1544 2723 vel
1569 2648 1752 2724 venderet
1778 2647 1838 2722 vel
1865 2647 1971 2722 aliud

379 2771 525 2846 faceret
545 2795 616 2869 per
634 2770 738 2867 quod
757 2777 954 2845 teneretur
974 2768 1067 2844 dare
1085 2767 1321 2843 theolonium
1341 2765 1429 2842 vel⁸⁴
1449 2765 1755 2842 consuetudines.
1777 2765 1847 2841 Ad
1867 2765 1971 2863 quod

380 2889 523 2989 poterit
547 2888 596 2965 ab
619 2887 692 2965 illis
717 2888 924 2986 dequibus
948 2885 1123 2984 queritur
1146 2886 1335 2984 replicari,
1360 2885 1465 2983 quod
1489 2885 1520 2961 si
1545 2884 1674 2961 nullus
1700 2883 1970 2982 predictorum

378 3007 628 3105 burgensium
648 3008 695 3083 de
714 3005 851 3105 quibus
870 3005 1044 3104 queritur
1063 3004 1210 3081 veniret
1228 3003 1296 3080 in⁸³
1317 3003 1448 3080 villam
1468 3028 1578 3079 suam
1597 3012 1641 3079 ut
1662 3002 1806 3100 aliquid
1827 3012 1970 3079 emeret

379 3126 439 3202 vel
460 3128 655 3213 venderet,
676 3136 808 3201 tamen
829 3125 1048 3201 libertatem
1070 3149 1178 3199 suam
1202 3149 1280 3199 non
1304 3123 1514 3199 amiserunt
1537 3147 1608 3220 per
1631 3147 1709 3197 non
1731 3147 1856 3210 usum,
1880 3122 1971 3220 quia

379 3244 592 3343 quamcito
612 3253 800 3320 venerunt
821 3253 859 3320 et
880 3249 1067 3330 emerunt,
1089 3241 1168 3318 sive
1188 3249 1276 3339 post
1297 3240 1375 3317 sive
1397 3249 1487 3316 ante
1507 3240 1724 3316 libertatem
1745 3241 1798 3317 eis
1819 3264 1969 3316 conces·

380 3386 474 3452 sam,
498 3372 685 3462 oepemnt
706 3361 900 3439 theolonia
923 3369 962 3436 et
985 3358 1290 3449 consuetudines,
1314 3359 1405 3458 quia
1429 3359 1537 3458 prius
1560 3359 1619 3435 uti
1642 3384 1721 3435 non
1746 3367 1969 3458 potuerunt.

380 3484 484 3560 Item
500 3482 604 3579 quod
620 3489 710 3556 ante
726 3480 944 3556 libertatem
961 3479 1013 3555 eis
1031 3502 1248 3554 concessam
1264 3478 1323 3554 usi
1341 3477 1488 3554 fuerint
1506 3477 1655 3553 ratione
1672 3476 1896 3576 prioritatis,
1914 3477 1970 3552 ita

379 3602 484 3699 quod
497 3605 685 3698 ceperunt
698 3595 961 3675 theolonium⁸⁰
976 3606 1016 3674 et
1031 3597 1323 3672 consuetudines
1339 3597 1387 3672 de
1401 3597 1471 3672 tali
1487 3596 1553 3694 qui
1568 3595 1661 3673 emit
1676 3596 1795 3672 talem
1811 3620 1892 3672 rem
1908 3595 1969 3670 vel

378 3718 563 3808 vendidit,
585 3728 624 3796 et
644 3727 800 3795 tantum
821 3715 926 3794 dedit
949 3741 1021 3815 pro
1042 3715 1317 3791 consuetudine
1340 3741 1421 3803 sua,
1444 3724 1483 3792 et
1505 3714 1602 3791 alius
1625 3713 1713 3791 talis
1734 3715 1853 3790 talem
1876 3738 1968 3802 rem,

379 3847 419 3915 et
434 3846 589 3914 tantum
605 3836 722 3924 dedit,
737 3846 777 3914 et
793 3837 846 3912 sic
862 3837 910 3912 de
926 3834 1118 3933 pluribus:
1136 3843 1174 3911 et
1191 3842 1328 3933 petant
1346 3834 1450 3932 quod
1467 3858 1537 3931 per
1554 3832 1722 3932 patriam
1740 3833 1967 3931 inquiratur.

378 3956 520 4033 Dicere
538 3956 655 4033 etiam
672 3963 858 4055 poterunt
876 3954 981 4053 quod
1000 3953 1173 4052 quamvis
1193 3953 1248 4029 ita
1267 3952 1326 4028 usi
1345 3976 1424 4027 non
1443 3961 1569 4028 essent
1588 3960 1633 4026 ut
1653 3950 1880 4050 pradictum
1899 3959 1968 4037 est,

378 4084 510 4152 tamen
523 4099 612 4151 cum
626 4082 734 4150 carta
749 4098 882 4150 eorum
898 4081 1082 4149 antenata
1097 4071 1146 4149 sit
1162 4078 1202 4148 et
1217 4071 1373 4147 libertas
1389 4069 1559 4146 anterior
1574 4094 1653 4145 non
1669 4079 1760 4146 sunt
1777 4069 1969 4157 deusitati,

378 4193 469 4292 quia
490 4218 702 4292 numquam
724 4201 839 4268 antea
861 4190 988 4268 evenit
1009 4215 1119 4267 casus
1142 4189 1246 4288 quod
1268 4189 1326 4264 uti
1349 4197 1517 4287 possent,
1542 4188 1621 4264 sive
1642 4188 1713 4263 hoc
1736 4187 1856 4264 fuerit
1880 4194 1969 4262 ante

378 4312 596 4388 libertatem
620 4311 812 4410 posterius
838 4333 1056 4386 concessam
1081 4308 1159 4384 sive
1186 4317 1285 4405 post.
1315 4308 1418 4383 Item
1444 4305 1569 4382 dicere
1595 4315 1780 4404 potenmt
1808 4306 1912 4405 quod
1938 4306 1969 4384 si

378 4430 409 4506 f.
424 4431 493 4522 58]
549 4429 652 4506 forte
669 4427 865 4505 libertates
883 4451 971 4504 suas
989 4425 1202 4503 amisissent
1220 4451 1291 4524 per
1306 4450 1385 4500 non
1400 4449 1526 4513 usum,
1542 4433 1674 4501 tamen
1691 4423 1860 4500 restituti
1879 4431 1970 4500 sunt

378 4573 449 4647 per
464 4547 662 4623 dominum
676 4572 807 4645 regem
823 4572 893 4645 per
908 4544 1024 4621 verba
1039 4545 1080 4620 in
1095 4552 1203 4620 carta
1219 4569 1288 4620 sua
1305 4545 1353 4620 de
1368 4541 1658 4619 confirmatione
1675 4550 1867 4630 contenta,
1884 4565 1969 4641 quae

377 4664 474 4742 talia
498 4674 601 4754 sunt,
627 4664 731 4762 quod
756 4664 788 4740 si
813 4665 916 4741 forte
940 4662 1181 4740 libertatibus
1208 4663 1315 4760 prius
1340 4660 1394 4738 eis
1420 4660 1604 4737 concessis
1630 4659 1690 4736 usi
1715 4685 1795 4736 non
1821 4659 1969 4737 fuerint
2099 4711 2102 4718 -

378 4783 546 4872 omnino,
560 4784 620 4861 vel
634 4809 722 4861 cum
736 4783 794 4860 usi
810 4783 956 4860 fuerint
971 4783 1056 4858 illas
1072 4781 1268 4858 amiserint
1285 4805 1355 4878 per
1371 4804 1449 4856 non
1463 4805 1588 4868 usum,
1606 4779 1709 4877 quod
1725 4778 1968 4855 nihilominus

376 4999 404 5034 ²⁴
414 5000 589 5078 habuerint,
608 5001 678 5076 OB,
698 5001 766 5076 OC,
785 5000 861 5060 ΜΒ.
903 4997 928 5032 ²⁶
940 4997 1072 5080 burgum
1091 4999 1151 5074 vel,
1171 4997 1240 5071 OB,
1261 4996 1338 5070 MA,
1358 4996 1425 5072 ΟΕ,
1446 4997 1526 5069 cM,
1548 4995 1680 5074 burgum
1700 5015 1788 5056 suum
1808 4993 1867 5069 vel,
1890 4995 1965 5055 ΜΒ.

377 5097 507 5162 ²⁶etism
525 5110 567 5177 et,
586 5103 655 5174 OB,
675 5102 752 5174 MB,
771 5102 837 5163 MA
860 5100 902 5179 (e.
922 5099 1002 5178 vel).
1043 5098 1177 5174 ²⁷illam,
1198 5099 1266 5173 OB,
1286 5098 1363 5173 MA,
1382 5099 1458 5173 MB,
1478 5099 1545 5173 ΟΕ,
1565 5099 1638 5159 CM.
1681 5095 1747 5130 ²²²²²
1757 5095 1830 5158 iude
1850 5117 1966 5158 annua·

375 5203 432 5260 tim
446 5208 577 5276 tantum,
591 5202 660 5275 OB,
676 5202 752 5276 MA,
767 5203 843 5276 MB,
858 5203 931 5263 CM.
968 5199 995 5234 ⁸⁰
1008 5200 1136 5274 fuerint,
1150 5200 1220 5275 OB,
1234 5200 1302 5274 OC,
1318 5200 1394 5275 MA,
1410 5201 1486 5275 MB,
1500 5201 1577 5275 cM,
1593 5200 1669 5261 MG.
1708 5197 1734 5233 ⁸²
1746 5206 1788 5275 et,
1803 5199 1873 5274 OB,
1891 5199 1966 5273 MA,

375 5299 451 5361 ΜΒ.
484 5298 511 5334 ⁸²
523 5300 630 5377 luerit,
643 5302 712 5376 OB,
725 5302 801 5377 MA,
814 5302 890 5377 MB,
902 5303 1074 5375 CM;erat,
1086 5302 1152 5363 OC.
1188 5299 1215 5334 ⁸⁸
1226 5301 1306 5376 Om,
1320 5302 1359 5376 V,
1374 5301 1448 5363 MA.
1484 5300 1511 5334 ⁸⁴
1522 5304 1571 5363 vel
1585 5299 1675 5375 alias,
1688 5301 1727 5377 V,
1741 5301 1808 5375 ΟΕ,
1821 5299 1966 5374 CM3vel

375 5399 506 5477 aliquas,
521 5401 590 5476 OB,
606 5402 682 5476 MA,
698 5402 774 5477 MB,
789 5404 862 5464 MC.
900 5401 927 5436 ⁸⁸
938 5402 989 5478 ad,
1005 5403 1075 5476 OB,
1091 5403 1167 5479 MA,
1183 5403 1258 5463 ΜΒ.
1297 5401 1324 5436 ⁸⁸
1335 5401 1502 5478 theolonia,
1518 5404 1588 5480 OB,
1604 5404 1671 5480 OC,
1689 5404 1764 5466 ΜΒ.
