4392 6352
867 489 928 553 ua
950 490 1225 554 acrromnus
1771 503 1845 571 239

257 637 433 713 renovari
447 645 488 712 et
501 635 667 713 deduci¹²
680 639 720 714 in
735 638 850 716 aliam
864 640 1138 738 obligationem
1152 642 1284 741 plures
1300 651 1339 719 et
1355 667 1485 733 unam,
1501 653 1546 722 ut
1562 644 1594 720 si
1610 643 1709 744 pro²²
1725 642 1845 745 pluri·

255 753 327 831 bus
347 754 495 845 debitis,
515 757 650 846 causis,
670 765 710 834 et
729 757 1026 856 obligationibus
1045 761 1299 860 promittatur
1317 770 1424 838 certa
1443 788 1595 839 summa
1614 764 1844 863 pecunia>

257 873 362 950 Item
376 898 448 972 per
461 875 717 978 novationem,
732 886 778 955 ut
795 879 826 954 si
841 879 1041 955 transfusa
1056 879 1106 956 sit
1121 879 1306 976 obligatio
1322 881 1370 956 de
1385 906 1466 958 una
1480 906 1647 980 persona
1662 881 1703 957 in
1719 882 1845 972 ubam,

256 1017 341 1090 quae
357 992 398 1068 in
416 1019 456 1070 se
474 995 683 1093 susceperit
700 993 985 1092 obligationem.
1008 997 1288 1090 <Interventu
1308 998 1410 1074 enim
1428 1023 1536 1074 novae
1555 1024 1727 1097 personae
1746 1025 1847 1077 nova

256 1110 427 1188 nascitur
449 1110 645 1210 obligatio,
670 1121 709 1189 et
732 1114 858 1213 prima
880 1114 1043 1204 tollitur,
1068 1115 1166 1192 sicut
1190 1116 1238 1192 de
1262 1117 1483 1206 constituta,
1508 1125 1554 1194 ut
1578 1118 1610 1193 si
1633 1119 1718 1216 quis
1742 1118 1783 1194 in
1806 1145 1846 1196 se

256 1230 466 1328 susceperit
487 1231 644 1308 alterius
665 1230 949 1330 obligationem.
972 1234 1076 1309 Item
1097 1234 1128 1310 si
1149 1234 1199 1310 ab
1219 1261 1298 1311 una
1318 1260 1485 1334 persona
1504 1237 1704 1313 transfusa
1726 1237 1846 1314 fuerit

255 1347 297 1424 in
315 1349 431 1426 aliam
448 1373 532 1449 quae
551 1350 713 1448 obligari
731 1375 810 1426 non
829 1352 962 1451 possit,
983 1352 1225 1441 ammittitur,
1245 1363 1291 1429 ut
1310 1354 1342 1429 si
1361 1353 1401 1430 in
1420 1379 1625 1451 personam
1644 1355 1801 1432 minoris
1823 1381 1847 1431 a

255 1491 422 1565 persons
449 1467 614 1544 maioris.
646 1467 778 1544 Item²³
809 1470 850 1544 in
878 1469 1111 1546 novatione1⁴
1141 1471 1372 1546 intervenire
1402 1471 1547 1570 poterit
1576 1473 1777 1549 fideiussor
1807 1481 1846 1549 et

256 1610 383 1684 poena.
409 1587 513 1662 Item
536 1587 607 1662 sub
629 1588 860 1676 condicione,
885 1596 931 1664 ut
955 1589 986 1664 si
1011 1590 1198 1666 secundus
1223 1590 1319 1666 bene
1343 1590 1509 1679 solverit,
1535 1591 1705 1691 alioquin
1729 1593 1846 1668 durat

255 1705 441 1804 prima>
468 1706 572 1782 Item
593 1731 663 1805 per
685 1707 960 1795 confusionem,
983 1716 1029 1783 ut
1051 1708 1081 1783 si
1103 1733 1231 1784 massa
1252 1709 1415 1784 confusa
1438 1709 1558 1785 fuerit
1580 1735 1668 1785 cum
1692 1710 1767 1786 alia
1790 1702 1846 1786 ita

255 1823 360 1922 quod
375 1849 454 1902 non
470 1833 671 1923 appareat.
689 1825 793 1901 Item
809 1851 881 1924 per
897 1826 1096 1902 interitum
1113 1827 1168 1902 rei
1186 1835 1225 1902 et
1243 1826 1391 1926 speciei.
1412 1825 1490 1902 In²⁶
1509 1827 1697 1904 solutione
1715 1837 1846 1906 tamen

254 1940 470 2017 notandum
489 1943 593 2041 quod
612 1942 797 2042 praedieta
815 1968 907 2019 vera
927 1954 1018 2020 sunt
1039 1945 1069 2019 si
1089 1944 1288 2044 corporale
1308 1955 1391 2022 erat
1413 1946 1516 2044 quod
1538 1946 1746 2022 deductum
1768 1947 1846 2022 luit

255 2062 295 2138 in
319 2061 603 2160 obligationem.
632 2062 673 2138 Si
699 2070 829 2138 autem
852 2063 1104 2162 incorporale,
1130 2063 1228 2138 sicut
1253 2062 1415 2140 servitus
1439 2063 1500 2139 vel
1526 2064 1631 2140 aliud
1656 2065 1714 2140 ius
1741 2065 1845 2164 quod

255 2189 313 2256 est
333 2181 585 2279 incorporale,
606 2206 686 2256 non
706 2179 850 2280 poterit
870 2180 955 2256 fieri
976 2181 1066 2257 inde
1088 2180 1238 2270 solutio,
1261 2205 1350 2257 cum
1370 2207 1431 2258 res
1453 2183 1703 2281 incorporalis
1725 2183 1844 2260 tradi·

253 2297 398 2375 tionem
413 2324 492 2374 non
507 2298 692 2398 patiatur.
710 2299 877 2375 Videtur
891 2309 1023 2375 tamen
1039 2301 1146 2398 quasi
1163 2299 1410 2376 traditionem
1427 2301 1511 2376 fieri
1527 2327 1598 2400 per
1614 2301 1845 2377 cotidianam

254 2419 482 2517 patientiam
502 2428 540 2495 et
560 2444 631 2517 per
649 2443 775 2494 usum.
796 2418 855 2492 Et
874 2418 914 2493 in
934 2443 1084 2494 summa
1103 2418 1317 2494 notandum
1339 2419 1442 2517 quod
1464 2420 1606 2495 eisdem
1625 2419 1748 2495 modis
1770 2420 1844 2495 dis·

254 2535 416 2612 solvitur
432 2536 628 2635 obligatio,
646 2562 729 2635 quae
746 2536 916 2612 nascitur
934 2562 983 2612 ex
1000 2545 1202 2613 contractu
1219 2536 1280 2612 vel
1297 2536 1418 2636 quasi,
1438 2537 1574 2635 quibus
1593 2537 1843 2613 contrabitur.

255 2656 328 2744 Re,
341 2663 387 2730 ut
400 2654 431 2730 si
444 2680 505 2730 res
517 2655 666 2754 petenti
679 2655 917 2731 restituatur.
932 2654 1083 2743 Verbis,
1096 2664 1142 2731 ut
1156 2655 1187 2731 si
1202 2655 1272 2731 fiat
1285 2654 1326 2730 in
1339 2656 1575 2731 contrarium
1590 2665 1629 2732 et
1643 2655 1844 2732 contrariis

253 2775 390 2850 verbis.
416 2775 582 2873 Scripto,
604 2783 650 2850 ut
671 2773 702 2850 si
723 2798 811 2849 cum
832 2773 1048 2872 scripserim
1070 2799 1132 2848 me
1154 2773 1302 2862 debere,
1326 2773 1466 2850 scribat
1488 2774 1655 2850 creditor
1678 2800 1717 2850 se
1742 2799 1844 2850 acce·

254 2891 396 2991 pisse.¹⁶
421 2893 633 2981 Consensu,
658 2902 703 2968 ut
728 2892 760 2966 si
783 2891 1036 2967 communiter
1060 2915 1287 2968 consensum
1312 2890 1432 2968 fuerit
1457 2917 1505 2967 ex
1529 2899 1694 2990 utraque
1720 2900 1843 2990 parte,

254 3010 456 3087 recedatur
474 3036 498 3086 a
514 3018 716 3086 contractu
734 3035 804 3109 per
822 3035 1062 3086 communem
1080 3010 1293 3086 dissensum
1311 3010 1511 3109 utriusque
1531 3018 1570 3086 et
1589 3034 1668 3086 non
1687 3010 1844 3086 alterius

254 3137 420 3206 tantum.
440 3128 678 3218 Traditione,
696 3138 741 3205 ut
761 3129 791 3204 si
810 3153 871 3205 res
887 3128 1033 3205 tradita
1051 3127 1312 3204 retrudatur.²⁷
1333 3129 1535 3217 Iunctura,
1553 3138 1598 3204 ut
1618 3129 1648 3204 si
1668 3129 1737 3205 fiat
1756 3153 1844 3204 con·

254 3246 429 3323 trarium.

355 3366 382 3440 1
382 3374 460 3440 tem
476 3367 656 3443 suuntur
672 3365 924 3463 obb‘pata‘ooea
940 3389 989 3442 ec
1005 3364 1143 3442 delicto
1161 3364 1221 3442 vel
1239 3364 1359 3464 quast.

255 3483 485 3560 Ouuurur
501 3481 646 3560 etiam²⁸
664 3483 916 3581 obligationes
934 3509 983 3558 ex
1000 3483 1139 3559 delicto
1157 3484 1218 3559 vel
1236 3483 1356 3582 quasi,
1375 3509 1424 3558 ex
1440 3483 1627 3559 maleficio
1644 3483 1706 3559 vel
1724 3481 1843 3582 quasi.
1887 3536 1889 3540 .

254 3602 411 3680 Delicta
425 3628 516 3679 vero
531 3611 570 3678 et
585 3602 774 3678 maleficia
790 3628 838 3677 ex
854 3601 964 3679 dictis
981 3611 1020 3678 et
1035 3601 1149 3678 factis
1166 3602 1479 3701 praecedentibus,
1498 3625 1582 3700 quae
1598 3601 1753 3700 quidem
1770 3601 1844 3677 dis·

256 3719 384 3818 tingui
393 3719 534 3796 debent
543 3745 620 3819 quo
630 3719 758 3796 animo
767 3719 866 3795 fiant
874 3726 915 3794 et
925 3744 1003 3818 qua
1011 3719 1428 3794 voluntate.'Voluntas
1438 3718 1540 3794 enim
1549 3727 1589 3794 et
1599 3718 1845 3818 propositum

254 3838 499 3937 distinguunt
512 3839 710 3927 maleficia,
725 3837 935 3915 secundum
949 3838 1053 3936 quod
1068 3837 1229 3914 inferius
1245 3837 1403 3914 dicetur.
1421 3838 1489 3912 Ex
1504 3837 1698 3914 maleficiis
1715 3847 1846 3913 autem

254 3958 470 4057 procedunt
484 3957 644 4032 crimina
656 3956 803 4032 maiora
816 3956 876 4032 vel
891 3954 1089 4044 minima,¹⁹
1104 3954 1202 4032 sicut
1217 3956 1361 4031 crimen
1374 3955 1471 4030 laesae
1487 3955 1708 4044 maiestatis,
1725 3954 1843 4031 homi·

254 4074 363 4165 cidia,
379 4077 489 4151 furta
501 4073 589 4151 vel²⁰
604 4073 760 4173 rapinae,
776 4084 815 4150 et
830 4074 906 4149 alia
919 4073 1034 4173 plura
1048 4074 1095 4150 de
1110 4073 1248 4172 quibus
1262 4073 1424 4150 inferius
1439 4074 1597 4150 dicetur.
1616 4074 1718 4150 Item
1735 4074 1844 4171 quasi

252 4219 302 4270 ex
319 4193 506 4270 maleficio
525 4193 847 4291 transgressiones
866 4192 944 4268 sive
963 4191 1293 4290 praesumptiones,
1312 4201 1357 4268 ut
1378 4192 1408 4267 si
1427 4191 1544 4267 iudex
1563 4191 1725 4268 scienter
1743 4191 1846 4268 male

253 4310 490 4399 iudicaverit,
504 4320 544 4387 et
557 4310 785 4387 huiusmodi.
802 4311 907 4387 Item
921 4336 970 4386 ex
983 4309 1169 4385 maleficio
1183 4312 1244 4386 vel
1259 4309 1397 4386 delicto
1412 4310 1627 4408 procedunt
1643 4308 1789 4385 iniuriae
1804 4319 1844 4386 et

253 4431 587 4529 transgressiones.
612 4428 762 4505 Iniuria
785 4436 914 4504 autem
937 4428 1010 4503 diei
1033 4428 1176 4526 poterit
1198 4453 1311 4503 omne
1333 4427 1429 4503 illud
1453 4428 1556 4526 quod
1579 4453 1657 4503 non
1681 4428 1763 4504 iure
1785 4428 1842 4504 fit.

254 4549 529 4647 Transgressio
544 4556 674 4624 autem
688 4572 776 4622 cum
791 4548 928 4624 modus
943 4556 983 4622 et
997 4571 1178 4622 mensura
1192 4571 1272 4622 non
1288 4554 1474 4622 servatur.
1492 4546 1551 4622 Et
1565 4547 1606 4621 in
1622 4547 1680 4622 his
1695 4546 1843 4623 casibus

254 4668 284 4744 f.
300 4666 419 4760 lolb]
474 4666 793 4742 considerandum
806 4665 880 4741 erit
895 4690 971 4763 quo
985 4665 1124 4754 animo,
1139 4690 1261 4763 quave
1275 4665 1475 4741 voluntate
1489 4665 1583 4764 quid
1596 4665 1667 4741 fiat
1682 4664 1723 4739 in
1738 4665 1844 4741 facto

253 4786 316 4861 vel
337 4784 405 4861 in²²
430 4783 571 4873 dicto,²²
595 4793 641 4860 ut
664 4783 824 4884 perinde
847 4782 934 4859 sciri
957 4783 1078 4882 possit
1103 4806 1187 4882 quae
1211 4792 1395 4882 sequatur
1419 4783 1518 4859 actio
1543 4792 1583 4860 et
1606 4807 1691 4882 quae
1715 4807 1842 4881 poena.

254 5002 279 5036 ²¹
292 5001 407 5075 reduci,
422 5002 489 5077 LA,
504 5002 578 5063 MC.
614 5001 816 5077 1²Om.,OC,
832 5001 908 5062 MG.
946 4998 1012 5034 ²²²²²
1023 5003 1098 5061 item
1112 5003 1287 5076 novatione,
1303 5000 1379 5075 MA,
1396 5000 1471 5074 ΜΒ,
1488 4999 1560 5072 cE;
1578 5003 1652 5058 item
1667 5002 1701 5058 in
1717 5002 1843 5058 innova-

253 5107 348 5179 tione,
370 5101 437 5162 OB.
481 5101 508 5136 ²⁵
520 5106 593 5162 item
615 5106 658 5178 in,
680 5102 748 5178 OB,
770 5102 847 5175 MA,
870 5102 946 5177 ΜΒ,
969 5101 1036 5174 CE,
1058 5102 1138 5173 MC;
1161 5105 1246 5176 item,
1267 5101 1305 5162 V.
1350 5098 1376 5134 ²⁰
1388 5104 1551 5177 recepisse,
1575 5100 1643 5172 OB,
1667 5098 1743 5172 MA,
1766 5100 1842 5160 ΜΒ.

254 5201 445 5278 ²⁷tradatur,
463 5201 533 5276 OB,
551 5201 629 5277 MA,
648 5202 723 5263 MB.
763 5200 882 5279 ¹⁸Om.,
902 5203 971 5279 OB,
991 5202 1067 5278 MA,
1087 5201 1163 5276 ΜΒ,
1182 5199 1249 5275 OE,
1269 5201 1349 5274 CM;
1368 5206 1481 5275 autem,
1501 5200 1574 5262 Mc.
1616 5198 1643 5234 ²⁹
1654 5203 1784 5274 minora,
1804 5201 1844 5274 V,

255 5303 331 5377 MA,
346 5302 413 5379 OC,
429 5303 507 5378 MG,
522 5302 595 5363 CM.
632 5301 659 5336 ²⁰
670 5309 712 5377 et,
727 5303 767 5380 V,
783 5301 852 5378 OA,
867 5303 934 5379 LA,
950 5302 1017 5378 OE,
1033 5303 1100 5377 OC,
1117 5303 1196 5375 MC;
1213 5323 1283 5376 om.,
1300 5302 1377 5363 MG.
1396 5290 1400 5298 ¹
1416 5299 1482 5335 ²¹⁴²
1493 5301 1617 5377 iudicio,
1633 5302 1673 5378 V,
1690 5303 1770 5374 CM;
1788 5300 1844 5361 fiat

254 5401 367 5463 iudicio
379 5401 429 5463 vel
444 5402 539 5476 iacto,
554 5402 628 5464 MA.
