<?xml version="1.0" encoding="UTF-8"?>
<!DOCTYPE html PUBLIC "-//W3C//DTD XHTML 1.0 Transitional//EN"
    "http://www.w3.org/TR/xhtml1/DTD/xhtml1-transitional.dtd">
<html xmlns="http://www.w3.org/1999/xhtml" xml:lang="en" lang="en">
 <head>
  <title>
</title>
<meta http-equiv="Content-Type" content="text/html;charset=utf-8" />
  <meta name='ocr-system' content='tesseract 3.04.00' />
  <meta name='ocr-capabilities' content='ocr_page ocr_carea ocr_par ocr_line ocrx_word'/>
</head>
<body>
  <div class='ocr_page' id='page_1' title='image "./bractondelegibu01histgoog_0405.png"; bbox 0 0 4374 6366; ppageno 0'>
   <div class='ocr_carea' id='block_1_1' title="bbox 810 490 1857 570">
    <p class='ocr_par' dir='ltr' id='par_1_1' title="bbox 810 490 1857 570">
     <span class='ocr_line' id='line_1_1' title="bbox 810 490 1857 570; baseline 0.014 -18"><span class='ocrx_word' id='word_1_1' title='bbox 810 491 871 552; x_wconf 84' lang='lat' dir='ltr'><strong>DE</strong></span> <span class='ocrx_word' id='word_1_2' title='bbox 894 491 1098 553; x_wconf 86' lang='lat' dir='ltr'><strong>PLACITIS</strong></span> <span class='ocrx_word' id='word_1_3' title='bbox 1121 490 1310 553; x_wconf 84' lang='lat' dir='ltr'><strong>CORONAE</strong></span> <span class='ocrx_word' id='word_1_4' title='bbox 1783 495 1857 570; x_wconf 80' lang='grc'><strong>887</strong></span> 
     </span>
    </p>
   </div>
   <div class='ocr_carea' id='block_1_2' title="bbox 267 639 1861 4759">
    <p class='ocr_par' dir='ltr' id='par_1_2' title="bbox 267 639 1858 2158">
     <span class='ocr_line' id='line_1_2' title="bbox 268 639 1857 741; baseline -0.001 -24"><span class='ocrx_word' id='word_1_5' title='bbox 268 643 383 719; x_wconf 89' lang='lat' dir='ltr'><strong>tione.</strong></span> <span class='ocrx_word' id='word_1_6' title='bbox 424 643 527 718; x_wconf 93' lang='lat' dir='ltr'><strong>Item</strong></span> <span class='ocrx_word' id='word_1_7' title='bbox 539 643 570 718; x_wconf 92' lang='lat' dir='ltr'><strong>si</strong></span> <span class='ocrx_word' id='word_1_8' title='bbox 583 643 668 741; x_wconf 93' lang='lat' dir='ltr'><strong>quis</strong></span> <span class='ocrx_word' id='word_1_9' title='bbox 681 643 839 720; x_wconf 88' lang='lat' dir='ltr'><strong>iacuerit</strong></span> <span class='ocrx_word' id='word_1_10' title='bbox 852 643 893 717; x_wconf 92' lang='lat' dir='ltr'><strong>in</strong></span> <span class='ocrx_word' id='word_1_11' title='bbox 906 643 1019 718; x_wconf 94' lang='lat' dir='ltr'><strong>domo</strong></span> <span class='ocrx_word' id='word_1_12' title='bbox 1033 642 1161 740; x_wconf 89' lang='lat' dir='ltr'><strong>aliqua</strong></span> <span class='ocrx_word' id='word_1_13' title='bbox 1174 643 1221 718; x_wconf 92' lang='lat' dir='ltr'><strong>de</strong></span> <span class='ocrx_word' id='word_1_14' title='bbox 1234 649 1347 717; x_wconf 91' lang='lat' dir='ltr'><strong>nocte</strong></span> <span class='ocrx_word' id='word_1_15' title='bbox 1359 641 1462 718; x_wconf 94' lang='lat' dir='ltr'><strong>solus</strong></span> <span class='ocrx_word' id='word_1_16' title='bbox 1476 666 1564 717; x_wconf 92' lang='lat' dir='ltr'><strong>cum</strong></span> <span class='ocrx_word' id='word_1_17' title='bbox 1577 639 1680 716; x_wconf 81' lang='lat' dir='ltr'><strong>alio⁸³</strong></span> <span class='ocrx_word' id='word_1_18' title='bbox 1694 641 1759 739; x_wconf 93' lang='lat' dir='ltr'><strong>qui</strong></span> <span class='ocrx_word' id='word_1_19' title='bbox 1774 640 1857 716; x_wconf 85' lang='lat' dir='ltr'><strong>lue·</strong></span> 
     </span>
     <span class='ocr_line' id='line_1_3' title="bbox 268 759 1858 859; baseline -0.001 -24"><span class='ocrx_word' id='word_1_20' title='bbox 268 759 319 836; x_wconf 92' lang='lat' dir='ltr'><strong>rit</strong></span> <span class='ocrx_word' id='word_1_21' title='bbox 333 760 573 848; x_wconf 84' lang='lat' dir='ltr'><strong>interfectus,</strong></span> <span class='ocrx_word' id='word_1_22' title='bbox 589 760 649 835; x_wconf 91' lang='lat' dir='ltr'><strong>vel</strong></span> <span class='ocrx_word' id='word_1_23' title='bbox 665 760 695 836; x_wconf 95' lang='lat' dir='ltr'><strong>si</strong></span> <span class='ocrx_word' id='word_1_24' title='bbox 709 761 787 835; x_wconf 94' lang='lat' dir='ltr'><strong>duo</strong></span> <span class='ocrx_word' id='word_1_25' title='bbox 803 760 854 835; x_wconf 93' lang='lat' dir='ltr'><strong>ibi</strong></span> <span class='ocrx_word' id='word_1_26' title='bbox 869 761 1016 836; x_wconf 85' lang='lat' dir='ltr'><strong>fuerint</strong></span> <span class='ocrx_word' id='word_1_27' title='bbox 1031 761 1092 837; x_wconf 87' lang='lat' dir='ltr'><strong>vel</strong></span> <span class='ocrx_word' id='word_1_28' title='bbox 1106 760 1237 859; x_wconf 89' lang='lat' dir='ltr'><strong>plures</strong></span> <span class='ocrx_word' id='word_1_29' title='bbox 1254 770 1292 838; x_wconf 95' lang='lat' dir='ltr'><strong>et</strong></span> <span class='ocrx_word' id='word_1_30' title='bbox 1307 759 1525 836; x_wconf 92' lang='lat' dir='ltr'><strong>huthesium</strong></span> <span class='ocrx_word' id='word_1_31' title='bbox 1541 785 1619 834; x_wconf 92' lang='lat' dir='ltr'><strong>non</strong></span> <span class='ocrx_word' id='word_1_32' title='bbox 1635 759 1858 846; x_wconf 80' lang='lat' dir='ltr'>levaverint,</span> 
     </span>
     <span class='ocr_line' id='line_1_4' title="bbox 268 876 1858 977; baseline -0.001 -23"><span class='ocrx_word' id='word_1_33' title='bbox 268 903 338 955; x_wconf 91' lang='lat' dir='ltr'><strong>nec</strong></span> <span class='ocrx_word' id='word_1_34' title='bbox 356 878 515 977; x_wconf 77' lang='lat' dir='ltr'><strong>plagam</strong></span> <span class='ocrx_word' id='word_1_35' title='bbox 533 903 556 953; x_wconf 92' lang='lat' dir='ltr'><strong>a</strong></span> <span class='ocrx_word' id='word_1_36' title='bbox 573 878 787 956; x_wconf 78' lang='lat' dir='ltr'>latronibus</span> <span class='ocrx_word' id='word_1_37' title='bbox 804 879 866 954; x_wconf 87' lang='lat' dir='ltr'><strong>vel</strong></span> <span class='ocrx_word' id='word_1_38' title='bbox 884 878 966 955; x_wconf 89' lang='lat' dir='ltr'><strong>aliis</strong></span> <span class='ocrx_word' id='word_1_39' title='bbox 985 880 1051 977; x_wconf 94' lang='lat' dir='ltr'><strong>qui</strong></span> <span class='ocrx_word' id='word_1_40' title='bbox 1070 876 1360 956; x_wconf 82' lang='lat' dir='ltr'><strong>interfecerint·⁹</strong></span> <span class='ocrx_word' id='word_1_41' title='bbox 1380 879 1421 954; x_wconf 93' lang='lat' dir='ltr'><strong>in</strong></span> <span class='ocrx_word' id='word_1_42' title='bbox 1439 878 1663 954; x_wconf 84' lang='lat' dir='ltr'><strong>defensione</strong></span> <span class='ocrx_word' id='word_1_43' title='bbox 1681 877 1858 954; x_wconf 80' lang='lat' dir='ltr'><strong>facienda</strong></span> 
     </span>
     <span class='ocr_line' id='line_1_5' title="bbox 267 995 1858 1095; baseline 0.001 -25"><span class='ocrx_word' id='word_1_44' title='bbox 267 1020 347 1072; x_wconf 89' lang='lat' dir='ltr'><strong>non</strong></span> <span class='ocrx_word' id='word_1_45' title='bbox 361 996 587 1094; x_wconf 81' lang='lat' dir='ltr'><strong>receperint,</strong></span> <span class='ocrx_word' id='word_1_46' title='bbox 603 995 692 1072; x_wconf 83' lang='lat' dir='ltr'><strong>vel⁴⁰</strong></span> <span class='ocrx_word' id='word_1_47' title='bbox 708 1021 777 1073; x_wconf 92' lang='lat' dir='ltr'><strong>nec</strong></span> <span class='ocrx_word' id='word_1_48' title='bbox 795 996 878 1095; x_wconf 90' lang='lat' dir='ltr'><strong>quis</strong></span> <span class='ocrx_word' id='word_1_49' title='bbox 894 996 1086 1073; x_wconf 92' lang='lat' dir='ltr'><strong>hominem</strong></span> <span class='ocrx_word' id='word_1_50' title='bbox 1103 996 1338 1074; x_wconf 78' lang='lat' dir='ltr'><strong>interfecerit</strong></span> <span class='ocrx_word' id='word_1_51' title='bbox 1354 995 1592 1073; x_wconf 86' lang='lat' dir='ltr'><strong>ostenderint</strong></span> <span class='ocrx_word' id='word_1_52' title='bbox 1609 997 1657 1073; x_wconf 90' lang='lat' dir='ltr'><strong>de</strong></span> <span class='ocrx_word' id='word_1_53' title='bbox 1674 1023 1714 1073; x_wconf 91' lang='lat' dir='ltr'><strong>se</strong></span> <span class='ocrx_word' id='word_1_54' title='bbox 1732 997 1793 1072; x_wconf 87' lang='lat' dir='ltr'><strong>vel</strong></span> <span class='ocrx_word' id='word_1_55' title='bbox 1810 997 1858 1073; x_wconf 91' lang='lat' dir='ltr'><strong>de</strong></span> 
     </span>
     <span class='ocr_line' id='line_1_6' title="bbox 268 1111 1858 1214; baseline -0.001 -22"><span class='ocrx_word' id='word_1_56' title='bbox 268 1116 363 1205; x_wconf 88' lang='lat' dir='ltr'><strong>aliis,</strong></span> <span class='ocrx_word' id='word_1_57' title='bbox 383 1125 548 1193; x_wconf 87' lang='lat' dir='ltr'><strong>mortem</strong></span> <span class='ocrx_word' id='word_1_58' title='bbox 566 1115 739 1192; x_wconf 84' lang='lat' dir='ltr'><strong>dedicere</strong></span> <span class='ocrx_word' id='word_1_59' title='bbox 759 1140 838 1191; x_wconf 90' lang='lat' dir='ltr'><strong>non</strong></span> <span class='ocrx_word' id='word_1_60' title='bbox 857 1123 1054 1214; x_wconf 89' lang='lat' dir='ltr'><strong>poterunt,</strong></span> <span class='ocrx_word' id='word_1_61' title='bbox 1075 1125 1119 1193; x_wconf 92' lang='lat' dir='ltr'><strong>ut</strong></span> <span class='ocrx_word' id='word_1_62' title='bbox 1140 1115 1372 1192; x_wconf 89' lang='lat' dir='ltr'><strong>determino</strong></span> <span class='ocrx_word' id='word_1_63' title='bbox 1394 1115 1527 1192; x_wconf 88' lang='lat' dir='ltr'><strong>Sancti</strong></span> <span class='ocrx_word' id='word_1_64' title='bbox 1549 1111 1734 1191; x_wconf 71' lang='lat' dir='ltr'><strong>Michaelis</strong></span> <span class='ocrx_word' id='word_1_65' title='bbox 1756 1140 1858 1191; x_wconf 92' lang='lat' dir='ltr'><strong>anno</strong></span> 
     </span>
     <span class='ocr_line' id='line_1_7' title="bbox 267 1232 1856 1332; baseline 0.001 -24"><span class='ocrx_word' id='word_1_66' title='bbox 267 1233 397 1330; x_wconf 84' lang='lat' dir='ltr'><strong>regis⁴²</strong></span> <span class='ocrx_word' id='word_1_67' title='bbox 415 1232 580 1310; x_wconf 89' lang='lat' dir='ltr'><strong>Henrici</strong></span> <span class='ocrx_word' id='word_1_68' title='bbox 597 1258 698 1309; x_wconf 89' lang='lat' dir='ltr'><strong>nono</strong></span> <span class='ocrx_word' id='word_1_69' title='bbox 716 1232 921 1331; x_wconf 89' lang='lat' dir='ltr'><strong>incipiente</strong></span> <span class='ocrx_word' id='word_1_70' title='bbox 939 1233 1084 1310; x_wconf 91' lang='lat' dir='ltr'><strong>decimo</strong></span> <span class='ocrx_word' id='word_1_71' title='bbox 1101 1233 1286 1308; x_wconf 88' lang='lat' dir='ltr'><strong>comitatu</strong></span> <span class='ocrx_word' id='word_1_72' title='bbox 1305 1233 1464 1321; x_wconf 85' lang='lat' dir='ltr'><strong>Cantiae,</strong></span> <span class='ocrx_word' id='word_1_73' title='bbox 1483 1232 1531 1309; x_wconf 91' lang='lat' dir='ltr'><strong>de</strong></span> <span class='ocrx_word' id='word_1_74' title='bbox 1549 1233 1642 1309; x_wconf 85' lang='lat' dir='ltr'><strong>Ada</strong></span> <span class='ocrx_word' id='word_1_75' title='bbox 1661 1235 1709 1310; x_wconf 92' lang='lat' dir='ltr'><strong>de</strong></span> <span class='ocrx_word' id='word_1_76' title='bbox 1727 1235 1856 1332; x_wconf 83' lang='lat' dir='ltr'><strong>Burg-</strong></span> 
     </span>
     <span class='ocr_line' id='line_1_8' title="bbox 268 1351 1858 1451; baseline 0.002 -25"><span class='ocrx_word' id='word_1_77' title='bbox 268 1351 397 1426; x_wconf 84' lang='lat' dir='ltr'><strong>ham.⁴²</strong></span> <span class='ocrx_word' id='word_1_78' title='bbox 412 1351 565 1428; x_wconf 90' lang='lat' dir='ltr'><strong>Eodem</strong></span> <span class='ocrx_word' id='word_1_79' title='bbox 578 1351 694 1427; x_wconf 94' lang='lat' dir='ltr'><strong>modo</strong></span> <span class='ocrx_word' id='word_1_80' title='bbox 708 1351 790 1426; x_wconf 83' lang='lat' dir='ltr'><strong>fere</strong></span> <span class='ocrx_word' id='word_1_81' title='bbox 804 1352 877 1427; x_wconf 92' lang='lat' dir='ltr'><strong>dici</strong></span> <span class='ocrx_word' id='word_1_82' title='bbox 891 1352 1036 1450; x_wconf 90' lang='lat' dir='ltr'><strong>poterit</strong></span> <span class='ocrx_word' id='word_1_83' title='bbox 1050 1361 1094 1428; x_wconf 88' lang='lat' dir='ltr'><strong>ut</strong></span> <span class='ocrx_word' id='word_1_84' title='bbox 1109 1351 1273 1440; x_wconf 89' lang='lat' dir='ltr'><strong>videtur,</strong></span> <span class='ocrx_word' id='word_1_85' title='bbox 1288 1351 1360 1428; x_wconf 84' lang='lat' dir='ltr'><strong>ut⁴⁸</strong></span> <span class='ocrx_word' id='word_1_86' title='bbox 1376 1353 1407 1428; x_wconf 92' lang='lat' dir='ltr'><strong>si</strong></span> <span class='ocrx_word' id='word_1_87' title='bbox 1422 1353 1505 1451; x_wconf 92' lang='lat' dir='ltr'><strong>quis</strong></span> <span class='ocrx_word' id='word_1_88' title='bbox 1520 1353 1561 1427; x_wconf 91' lang='lat' dir='ltr'><strong>in</strong></span> <span class='ocrx_word' id='word_1_89' title='bbox 1577 1353 1734 1429; x_wconf 92' lang='lat' dir='ltr'><strong>domum</strong></span> <span class='ocrx_word' id='word_1_90' title='bbox 1749 1378 1858 1429; x_wconf 90' lang='lat' dir='ltr'><strong>suam</strong></span> 
     </span>
     <span class='ocr_line' id='line_1_9' title="bbox 269 1469 1858 1569; baseline 0.001 -24"><span class='ocrx_word' id='word_1_91' title='bbox 269 1479 404 1545; x_wconf 88' lang='lat' dir='ltr'><strong>notum</strong></span> <span class='ocrx_word' id='word_1_92' title='bbox 427 1469 488 1544; x_wconf 87' lang='lat' dir='ltr'><strong>vel</strong></span> <span class='ocrx_word' id='word_1_93' title='bbox 510 1469 688 1566; x_wconf 82' lang='lat' dir='ltr'><strong>ignotum</strong></span> <span class='ocrx_word' id='word_1_94' title='bbox 710 1469 1140 1568; x_wconf 90' lang='lat' dir='ltr'><strong>receperithospitandi</strong></span> <span class='ocrx_word' id='word_1_95' title='bbox 1164 1495 1280 1546; x_wconf 88' lang='lat' dir='ltr'><strong>causa</strong></span> <span class='ocrx_word' id='word_1_96' title='bbox 1302 1471 1363 1546; x_wconf 89' lang='lat' dir='ltr'><strong>vel</strong></span> <span class='ocrx_word' id='word_1_97' title='bbox 1387 1469 1473 1559; x_wconf 88' lang='lat' dir='ltr'><strong>alia,</strong></span> <span class='ocrx_word' id='word_1_98' title='bbox 1498 1469 1565 1546; x_wconf 86' lang='lat' dir='ltr'><strong>et“</strong></span> <span class='ocrx_word' id='word_1_99' title='bbox 1589 1471 1654 1569; x_wconf 93' lang='lat' dir='ltr'><strong>qui</strong></span> <span class='ocrx_word' id='word_1_100' title='bbox 1679 1496 1795 1547; x_wconf 89' lang='lat' dir='ltr'><strong>sanus</strong></span> <span class='ocrx_word' id='word_1_101' title='bbox 1820 1479 1858 1547; x_wconf 90' lang='lat' dir='ltr'><strong>et</strong></span> 
     </span>
     <span class='ocr_line' id='line_1_10' title="bbox 268 1585 1857 1687; baseline 0.003 -25"><span class='ocrx_word' id='word_1_102' title='bbox 268 1585 378 1662; x_wconf 90' lang='lat' dir='ltr'><strong>vivus</strong></span> <span class='ocrx_word' id='word_1_103' title='bbox 390 1586 493 1663; x_wconf 86' lang='lat' dir='ltr'><strong>visus</strong></span> <span class='ocrx_word' id='word_1_104' title='bbox 508 1586 612 1662; x_wconf 76' lang='lat' dir='ltr'><strong>fuit⁴⁶</strong></span> <span class='ocrx_word' id='word_1_105' title='bbox 626 1588 784 1675; x_wconf 89' lang='lat' dir='ltr'><strong>intrare,</strong></span> <span class='ocrx_word' id='word_1_106' title='bbox 799 1597 837 1664; x_wconf 90' lang='lat' dir='ltr'><strong>et</strong></span> <span class='ocrx_word' id='word_1_107' title='bbox 852 1613 1064 1686; x_wconf 79' lang='lat' dir='ltr'><strong>numquam</strong></span> <span class='ocrx_word' id='word_1_108' title='bbox 1077 1597 1213 1687; x_wconf 87' lang='lat' dir='ltr'><strong>postea</strong></span> <span class='ocrx_word' id='word_1_109' title='bbox 1226 1587 1298 1664; x_wconf 92' lang='lat' dir='ltr'><strong>nisi</strong></span> <span class='ocrx_word' id='word_1_110' title='bbox 1313 1596 1500 1677; x_wconf 86' lang='lat' dir='ltr'><strong>mortuus,</strong></span> <span class='ocrx_word' id='word_1_111' title='bbox 1518 1588 1694 1666; x_wconf 91' lang='lat' dir='ltr'><strong>dominus</strong></span> <span class='ocrx_word' id='word_1_112' title='bbox 1709 1591 1857 1677; x_wconf 90' lang='lat' dir='ltr'><strong>domus,</strong></span> 
     </span>
     <span class='ocr_line' id='line_1_11' title="bbox 269 1705 1858 1808; baseline 0.001 -25"><span class='ocrx_word' id='word_1_113' title='bbox 269 1707 300 1784; x_wconf 89' lang='lat' dir='ltr'><strong>si</strong></span> <span class='ocrx_word' id='word_1_114' title='bbox 317 1715 411 1782; x_wconf 89' lang='lat' dir='ltr'><strong>tunc</strong></span> <span class='ocrx_word' id='word_1_115' title='bbox 430 1706 533 1783; x_wconf 93' lang='lat' dir='ltr'><strong>domi</strong></span> <span class='ocrx_word' id='word_1_116' title='bbox 552 1707 683 1795; x_wconf 86' lang='lat' dir='ltr'><strong>fuerit,</strong></span> <span class='ocrx_word' id='word_1_117' title='bbox 702 1705 763 1781; x_wconf 92' lang='lat' dir='ltr'><strong>vel</strong></span> <span class='ocrx_word' id='word_1_118' title='bbox 782 1705 846 1781; x_wconf 91' lang='lat' dir='ltr'><strong>alii</strong></span> <span class='ocrx_word' id='word_1_119' title='bbox 865 1706 911 1782; x_wconf 92' lang='lat' dir='ltr'><strong>de</strong></span> <span class='ocrx_word' id='word_1_120' title='bbox 931 1706 1080 1781; x_wconf 84' lang='lat' dir='ltr'><strong>familia</strong></span> <span class='ocrx_word' id='word_1_121' title='bbox 1098 1707 1163 1804; x_wconf 93' lang='lat' dir='ltr'><strong>qui</strong></span> <span class='ocrx_word' id='word_1_122' title='bbox 1182 1716 1275 1782; x_wconf 92' lang='lat' dir='ltr'><strong>tunc</strong></span> <span class='ocrx_word' id='word_1_123' title='bbox 1296 1716 1501 1805; x_wconf 88' lang='lat' dir='ltr'><strong>praesentes</strong></span> <span class='ocrx_word' id='word_1_124' title='bbox 1522 1707 1680 1796; x_wconf 84' lang='lat' dir='ltr'><strong>fuerint,</strong></span> <span class='ocrx_word' id='word_1_125' title='bbox 1703 1733 1858 1808; x_wconf 83' lang='lat' dir='ltr'><strong>poenam</strong></span> 
     </span>
     <span class='ocr_line' id='line_1_12' title="bbox 268 1823 1857 1924; baseline 0.002 -25"><span class='ocrx_word' id='word_1_126' title='bbox 268 1823 473 1924; x_wconf 79' lang='lat' dir='ltr'><strong>capitalem</strong></span> <span class='ocrx_word' id='word_1_127' title='bbox 492 1849 571 1899; x_wconf 91' lang='lat' dir='ltr'><strong>non</strong></span> <span class='ocrx_word' id='word_1_128' title='bbox 590 1824 765 1911; x_wconf 88' lang='lat' dir='ltr'><strong>evadent,</strong></span> <span class='ocrx_word' id='word_1_129' title='bbox 785 1824 857 1900; x_wconf 92' lang='lat' dir='ltr'><strong>nisi</strong></span> <span class='ocrx_word' id='word_1_130' title='bbox 878 1824 980 1899; x_wconf 81' lang='lat' dir='ltr'><strong>forte</strong></span> <span class='ocrx_word' id='word_1_131' title='bbox 1000 1850 1070 1923; x_wconf 90' lang='lat' dir='ltr'><strong>per</strong></span> <span class='ocrx_word' id='word_1_132' title='bbox 1090 1824 1258 1923; x_wconf 89' lang='lat' dir='ltr'><strong>patriam</strong></span> <span class='ocrx_word' id='word_1_133' title='bbox 1278 1825 1425 1902; x_wconf 87' lang='lat' dir='ltr'><strong>fuerint</strong></span> <span class='ocrx_word' id='word_1_134' title='bbox 1444 1825 1594 1902; x_wconf 89' lang='lat' dir='ltr'><strong>liberati</strong></span> <span class='ocrx_word' id='word_1_135' title='bbox 1614 1829 1645 1903; x_wconf 90' lang='lat' dir='ltr'><strong>si</strong></span> <span class='ocrx_word' id='word_1_136' title='bbox 1665 1827 1857 1904; x_wconf 88' lang='lat' dir='ltr'><strong>iustitiarii</strong></span> 
     </span>
     <span class='ocr_line' id='line_1_13' title="bbox 268 1941 1399 2042; baseline 0.001 -24"><span class='ocrx_word' id='word_1_137' title='bbox 268 1942 537 2040; x_wconf 84' lang='lat' dir='ltr'><strong>perspexerint</strong></span> <span class='ocrx_word' id='word_1_138' title='bbox 558 1941 761 2018; x_wconf 89' lang='lat' dir='ltr'><strong>veritatem</strong></span> <span class='ocrx_word' id='word_1_139' title='bbox 780 1966 851 2040; x_wconf 90' lang='lat' dir='ltr'><strong>per</strong></span> <span class='ocrx_word' id='word_1_140' title='bbox 871 1941 1039 2040; x_wconf 84' lang='lat' dir='ltr'><strong>patriam</strong></span> <span class='ocrx_word' id='word_1_141' title='bbox 1061 1941 1226 2020; x_wconf 77' lang='lat' dir='ltr'><strong>debere⁴⁶</strong></span> <span class='ocrx_word' id='word_1_142' title='bbox 1247 1943 1399 2042; x_wconf 92' lang='lat' dir='ltr'><strong>inquiri.</strong></span> 
     </span>
     <span class='ocr_line' id='line_1_14' title="bbox 368 2058 1374 2158; baseline 0.003 -23"><span class='ocrx_word' id='word_1_143' title='bbox 368 2060 413 2135; x_wconf 94' lang='lat' dir='ltr'><strong><em>N</em></strong></span> <span class='ocrx_word' id='word_1_144' title='bbox 413 2084 434 2137; x_wconf 82' lang='lat' dir='ltr'><strong>e</strong></span> <span class='ocrx_word' id='word_1_145' title='bbox 450 2058 535 2158; x_wconf 72' lang='lat' dir='ltr'><strong>quia</strong></span> <span class='ocrx_word' id='word_1_146' title='bbox 551 2068 778 2136; x_wconf 75' lang='lat' dir='ltr'><strong>eatraaeam</strong></span> <span class='ocrx_word' id='word_1_147' title='bbox 795 2059 1013 2158; x_wconf 75' lang='lat' dir='ltr'><strong>hospitetur</strong></span> <span class='ocrx_word' id='word_1_148' title='bbox 1028 2059 1100 2138; x_wconf 80' lang='lat' dir='ltr'><strong>uisi</strong></span> <span class='ocrx_word' id='word_1_149' title='bbox 1117 2060 1164 2138; x_wconf 87' lang='lat' dir='ltr'><strong>de</strong></span> <span class='ocrx_word' id='word_1_150' title='bbox 1182 2060 1285 2138; x_wconf 87' lang='lat' dir='ltr'><strong>claro</strong></span> <span class='ocrx_word' id='word_1_151' title='bbox 1302 2061 1374 2138; x_wconf 83' lang='lat' dir='ltr'><strong>die.</strong></span> 
     </span>
    </p>

    <p class='ocr_par' dir='ltr' id='par_1_3' title="bbox 268 2176 1861 4759">
     <span class='ocr_line' id='line_1_15' title="bbox 269 2176 1860 2281; baseline 0.004 -29"><span class='ocrx_word' id='word_1_152' title='bbox 269 2177 335 2252; x_wconf 85' lang='lat' dir='ltr'><strong>Er</strong></span> <span class='ocrx_word' id='word_1_153' title='bbox 349 2203 422 2276; x_wconf 92' lang='lat' dir='ltr'><strong>pro</strong></span> <span class='ocrx_word' id='word_1_154' title='bbox 434 2176 505 2253; x_wconf 89' lang='lat' dir='ltr'><strong>hac</strong></span> <span class='ocrx_word' id='word_1_155' title='bbox 520 2177 734 2276; x_wconf 90' lang='lat' dir='ltr'><strong>suspicione</strong></span> <span class='ocrx_word' id='word_1_156' title='bbox 749 2178 1001 2254; x_wconf 89' lang='lat' dir='ltr'><strong>constitutum</strong></span> <span class='ocrx_word' id='word_1_157' title='bbox 1015 2188 1073 2256; x_wconf 87' lang='lat' dir='ltr'><strong>est</strong></span> <span class='ocrx_word' id='word_1_158' title='bbox 1088 2205 1136 2255; x_wconf 91' lang='lat' dir='ltr'><strong>ne</strong></span> <span class='ocrx_word' id='word_1_159' title='bbox 1151 2179 1236 2277; x_wconf 91' lang='lat' dir='ltr'><strong>quis</strong></span> <span class='ocrx_word' id='word_1_160' title='bbox 1250 2189 1477 2256; x_wconf 86' lang='lat' dir='ltr'><strong>extraneum</strong></span> <span class='ocrx_word' id='word_1_161' title='bbox 1492 2181 1709 2281; x_wconf 86' lang='lat' dir='ltr'><strong>hospitetur</strong></span> <span class='ocrx_word' id='word_1_162' title='bbox 1725 2182 1795 2258; x_wconf 92' lang='lat' dir='ltr'><strong>nisi</strong></span> <span class='ocrx_word' id='word_1_163' title='bbox 1812 2183 1860 2259; x_wconf 92' lang='lat' dir='ltr'><strong>de</strong></span> 
     </span>
     <span class='ocr_line' id='line_1_16' title="bbox 269 2295 1859 2399; baseline 0.003 -30"><span class='ocrx_word' id='word_1_164' title='bbox 269 2295 375 2371; x_wconf 87' lang='lat' dir='ltr'><strong>clara</strong></span> <span class='ocrx_word' id='word_1_165' title='bbox 390 2295 462 2385; x_wconf 92' lang='lat' dir='ltr'><strong>die,</strong></span> <span class='ocrx_word' id='word_1_166' title='bbox 478 2320 548 2371; x_wconf 88' lang='lat' dir='ltr'><strong>nee</strong></span> <span class='ocrx_word' id='word_1_167' title='bbox 565 2296 766 2395; x_wconf 88' lang='lat' dir='ltr'><strong>permittat</strong></span> <span class='ocrx_word' id='word_1_168' title='bbox 784 2323 872 2372; x_wconf 91' lang='lat' dir='ltr'><strong>eum</strong></span> <span class='ocrx_word' id='word_1_169' title='bbox 890 2296 1064 2374; x_wconf 84' lang='lat' dir='ltr'><strong>recedere</strong></span> <span class='ocrx_word' id='word_1_170' title='bbox 1082 2298 1154 2373; x_wconf 90' lang='lat' dir='ltr'><strong>nisi</strong></span> <span class='ocrx_word' id='word_1_171' title='bbox 1173 2298 1220 2374; x_wconf 91' lang='lat' dir='ltr'><strong>de</strong></span> <span class='ocrx_word' id='word_1_172' title='bbox 1237 2298 1342 2374; x_wconf 87' lang='lat' dir='ltr'><strong>clara</strong></span> <span class='ocrx_word' id='word_1_173' title='bbox 1358 2297 1430 2386; x_wconf 93' lang='lat' dir='ltr'><strong>die,</strong></span> <span class='ocrx_word' id='word_1_174' title='bbox 1449 2309 1488 2377; x_wconf 94' lang='lat' dir='ltr'><strong>et</strong></span> <span class='ocrx_word' id='word_1_175' title='bbox 1505 2298 1583 2374; x_wconf 88' lang='lat' dir='ltr'><strong>haec</strong></span> <span class='ocrx_word' id='word_1_176' title='bbox 1601 2298 1743 2376; x_wconf 74' lang='lat' dir='ltr'><strong>etiam⁴&#39;</strong></span> <span class='ocrx_word' id='word_1_177' title='bbox 1763 2325 1859 2399; x_wconf 88' lang='lat' dir='ltr'><strong>prae-</strong></span> 
     </span>
     <span class='ocr_line' id='line_1_17' title="bbox 269 2412 1860 2513; baseline 0.003 -22"><span class='ocrx_word' id='word_1_178' title='bbox 269 2415 438 2513; x_wconf 90' lang='lat' dir='ltr'><strong>sumptio</strong></span> <span class='ocrx_word' id='word_1_179' title='bbox 462 2412 656 2491; x_wconf 80' lang='lat' dir='ltr'><strong>maxime⁴⁸</strong></span> <span class='ocrx_word' id='word_1_180' title='bbox 681 2440 761 2491; x_wconf 90' lang='lat' dir='ltr'><strong>esse</strong></span> <span class='ocrx_word' id='word_1_181' title='bbox 786 2416 941 2513; x_wconf 91' lang='lat' dir='ltr'><strong>poterit,</strong></span> <span class='ocrx_word' id='word_1_182' title='bbox 965 2425 1010 2491; x_wconf 95' lang='lat' dir='ltr'><strong>ut</strong></span> <span class='ocrx_word' id='word_1_183' title='bbox 1035 2415 1066 2492; x_wconf 93' lang='lat' dir='ltr'><strong>si</strong></span> <span class='ocrx_word' id='word_1_184' title='bbox 1089 2416 1266 2492; x_wconf 92' lang='lat' dir='ltr'><strong>dominus</strong></span> <span class='ocrx_word' id='word_1_185' title='bbox 1291 2426 1330 2493; x_wconf 93' lang='lat' dir='ltr'><strong>et</strong></span> <span class='ocrx_word' id='word_1_186' title='bbox 1354 2416 1467 2492; x_wconf 94' lang='lat' dir='ltr'><strong>homo</strong></span> <span class='ocrx_word' id='word_1_187' title='bbox 1492 2443 1583 2494; x_wconf 92' lang='lat' dir='ltr'><strong>suus</strong></span> <span class='ocrx_word' id='word_1_188' title='bbox 1609 2418 1795 2495; x_wconf 87' lang='lat' dir='ltr'><strong>iacuerint</strong></span> <span class='ocrx_word' id='word_1_189' title='bbox 1819 2419 1860 2495; x_wconf 92' lang='lat' dir='ltr'><strong>in</strong></span> 
     </span>
     <span class='ocr_line' id='line_1_18' title="bbox 270 2533 1858 2633; baseline 0 -23"><span class='ocrx_word' id='word_1_190' title='bbox 270 2535 384 2610; x_wconf 94' lang='lat' dir='ltr'><strong>domo</strong></span> <span class='ocrx_word' id='word_1_191' title='bbox 398 2559 479 2609; x_wconf 91' lang='lat' dir='ltr'><strong>una</strong></span> <span class='ocrx_word' id='word_1_192' title='bbox 493 2543 532 2611; x_wconf 91' lang='lat' dir='ltr'><strong>et</strong></span> <span class='ocrx_word' id='word_1_193' title='bbox 549 2533 724 2609; x_wconf 92' lang='lat' dir='ltr'><strong>dominus</strong></span> <span class='ocrx_word' id='word_1_194' title='bbox 742 2534 920 2609; x_wconf 86' lang='lat' dir='ltr'><strong>inventus</strong></span> <span class='ocrx_word' id='word_1_195' title='bbox 938 2533 1058 2609; x_wconf 83' lang='lat' dir='ltr'><strong>fuerit</strong></span> <span class='ocrx_word' id='word_1_196' title='bbox 1073 2534 1229 2622; x_wconf 90' lang='lat' dir='ltr'><strong>occisus,</strong></span> <span class='ocrx_word' id='word_1_197' title='bbox 1245 2534 1358 2609; x_wconf 92' lang='lat' dir='ltr'><strong>homo</strong></span> <span class='ocrx_word' id='word_1_198' title='bbox 1375 2533 1569 2612; x_wconf 89' lang='lat' dir='ltr'><strong>tenebitur</strong></span> <span class='ocrx_word' id='word_1_199' title='bbox 1586 2537 1651 2633; x_wconf 93' lang='lat' dir='ltr'><strong>qui</strong></span> <span class='ocrx_word' id='word_1_200' title='bbox 1670 2535 1767 2612; x_wconf 82' lang='lat' dir='ltr'><strong>nec⁴⁹</strong></span> <span class='ocrx_word' id='word_1_201' title='bbox 1783 2536 1858 2611; x_wconf 87' lang='lat' dir='ltr'><strong>cla-</strong></span> 
     </span>
     <span class='ocr_line' id='line_1_19' title="bbox 268 2649 1858 2751; baseline 0.001 -24"><span class='ocrx_word' id='word_1_202' title='bbox 268 2649 441 2727; x_wconf 75' lang='lat' dir='ltr'><strong>morem⁸⁰</strong></span> <span class='ocrx_word' id='word_1_203' title='bbox 464 2651 605 2727; x_wconf 83' lang='lat' dir='ltr'><strong>levavit</strong></span> <span class='ocrx_word' id='word_1_204' title='bbox 628 2677 698 2727; x_wconf 91' lang='lat' dir='ltr'><strong>nec</strong></span> <span class='ocrx_word' id='word_1_205' title='bbox 722 2650 880 2750; x_wconf 85' lang='lat' dir='ltr'><strong>plagam</strong></span> <span class='ocrx_word' id='word_1_206' title='bbox 903 2651 1047 2750; x_wconf 88' lang='lat' dir='ltr'><strong>recepit</strong></span> <span class='ocrx_word' id='word_1_207' title='bbox 1072 2677 1141 2728; x_wconf 92' lang='lat' dir='ltr'><strong>nec</strong></span> <span class='ocrx_word' id='word_1_208' title='bbox 1165 2651 1206 2728; x_wconf 93' lang='lat' dir='ltr'><strong>in</strong></span> <span class='ocrx_word' id='word_1_209' title='bbox 1228 2652 1357 2750; x_wconf 85' lang='lat' dir='ltr'><strong>aliquo</strong></span> <span class='ocrx_word' id='word_1_210' title='bbox 1382 2677 1421 2729; x_wconf 91' lang='lat' dir='ltr'><strong>se</strong></span> <span class='ocrx_word' id='word_1_211' title='bbox 1444 2655 1627 2751; x_wconf 87' lang='lat' dir='ltr'><strong>opposuit</strong></span> <span class='ocrx_word' id='word_1_212' title='bbox 1651 2654 1702 2730; x_wconf 92' lang='lat' dir='ltr'><strong>ad</strong></span> <span class='ocrx_word' id='word_1_213' title='bbox 1726 2654 1858 2730; x_wconf 88' lang='lat' dir='ltr'><strong>defen·</strong></span> 
     </span>
     <span class='ocr_line' id='line_1_20' title="bbox 269 2767 1858 2871; baseline 0 -26"><span class='ocrx_word' id='word_1_214' title='bbox 269 2769 424 2845; x_wconf 89' lang='lat' dir='ltr'><strong>sionem.</strong></span> <span class='ocrx_word' id='word_1_215' title='bbox 441 2769 499 2845; x_wconf 90' lang='lat' dir='ltr'><strong>Et</strong></span> <span class='ocrx_word' id='word_1_216' title='bbox 515 2769 615 2844; x_wconf 90' lang='lat' dir='ltr'><strong>idem</strong></span> <span class='ocrx_word' id='word_1_217' title='bbox 630 2767 704 2844; x_wconf 93' lang='lat' dir='ltr'><strong>dici</strong></span> <span class='ocrx_word' id='word_1_218' title='bbox 719 2769 863 2867; x_wconf 90' lang='lat' dir='ltr'><strong>poterit</strong></span> <span class='ocrx_word' id='word_1_219' title='bbox 879 2770 926 2846; x_wconf 94' lang='lat' dir='ltr'><strong>de</strong></span> <span class='ocrx_word' id='word_1_220' title='bbox 942 2777 1127 2846; x_wconf 86' lang='lat' dir='ltr'><strong>extraneo</strong></span> <span class='ocrx_word' id='word_1_221' title='bbox 1144 2768 1274 2868; x_wconf 77' lang='lat' dir='ltr'><strong>quod⁸²</strong></span> <span class='ocrx_word' id='word_1_222' title='bbox 1290 2770 1357 2844; x_wconf 89' lang='lat' dir='ltr'><strong>vix</strong></span> <span class='ocrx_word' id='word_1_223' title='bbox 1372 2771 1533 2847; x_wconf 89' lang='lat' dir='ltr'><strong>evadere</strong></span> <span class='ocrx_word' id='word_1_224' title='bbox 1548 2770 1693 2870; x_wconf 89' lang='lat' dir='ltr'><strong>poterit</strong></span> <span class='ocrx_word' id='word_1_225' title='bbox 1711 2771 1858 2871; x_wconf 89' lang='lat' dir='ltr'><strong>pericu·</strong></span> 
     </span>
     <span class='ocr_line' id='line_1_21' title="bbox 268 2887 1860 2988; baseline 0.002 -25"><span class='ocrx_word' id='word_1_226' title='bbox 268 2887 350 2963; x_wconf 93' lang='lat' dir='ltr'><strong>lum</strong></span> <span class='ocrx_word' id='word_1_227' title='bbox 364 2912 434 2986; x_wconf 91' lang='lat' dir='ltr'><strong>per</strong></span> <span class='ocrx_word' id='word_1_228' title='bbox 448 2887 732 2985; x_wconf 91' lang='lat' dir='ltr'><strong>inquisitionem</strong></span> <span class='ocrx_word' id='word_1_229' title='bbox 746 2887 892 2986; x_wconf 78' lang='lat' dir='ltr'><strong>patria,</strong></span> <span class='ocrx_word' id='word_1_230' title='bbox 908 2896 1071 2986; x_wconf 91' lang='lat' dir='ltr'><strong>propter</strong></span> <span class='ocrx_word' id='word_1_231' title='bbox 1084 2897 1167 2965; x_wconf 90' lang='lat' dir='ltr'><strong>tam</strong></span> <span class='ocrx_word' id='word_1_232' title='bbox 1182 2914 1341 2986; x_wconf 80' lang='lat' dir='ltr'><strong>gravem</strong></span> <span class='ocrx_word' id='word_1_233' title='bbox 1358 2888 1698 2988; x_wconf 75' lang='lat' dir='ltr'><strong>praesumptionem</strong></span> <span class='ocrx_word' id='word_1_234' title='bbox 1714 2890 1761 2966; x_wconf 93' lang='lat' dir='ltr'><strong>de</strong></span> <span class='ocrx_word' id='word_1_235' title='bbox 1777 2898 1860 2966; x_wconf 89' lang='lat' dir='ltr'><strong>tam</strong></span> 
     </span>
     <span class='ocr_line' id='line_1_22' title="bbox 269 3003 1859 3105; baseline 0.001 -25"><span class='ocrx_word' id='word_1_236' title='bbox 269 3005 418 3080; x_wconf 92' lang='lat' dir='ltr'><strong>occulto</strong></span> <span class='ocrx_word' id='word_1_237' title='bbox 440 3005 556 3081; x_wconf 82' lang='lat' dir='ltr'><strong>facto.</strong></span> <span class='ocrx_word' id='word_1_238' title='bbox 580 3003 686 3081; x_wconf 77' lang='lat' dir='ltr'><strong>Sed⁵²</strong></span> <span class='ocrx_word' id='word_1_239' title='bbox 706 3031 794 3080; x_wconf 95' lang='lat' dir='ltr'><strong>cum</strong></span> <span class='ocrx_word' id='word_1_240' title='bbox 814 3005 942 3104; x_wconf 84' lang='lat' dir='ltr'><strong>patria</strong></span> <span class='ocrx_word' id='word_1_241' title='bbox 963 3005 1165 3083; x_wconf 89' lang='lat' dir='ltr'><strong>veritatem</strong></span> <span class='ocrx_word' id='word_1_242' title='bbox 1187 3007 1273 3082; x_wconf 92' lang='lat' dir='ltr'><strong>sciri</strong></span> <span class='ocrx_word' id='word_1_243' title='bbox 1294 3032 1373 3082; x_wconf 90' lang='lat' dir='ltr'><strong>non</strong></span> <span class='ocrx_word' id='word_1_244' title='bbox 1394 3007 1515 3105; x_wconf 88' lang='lat' dir='ltr'><strong>possit</strong></span> <span class='ocrx_word' id='word_1_245' title='bbox 1538 3008 1585 3083; x_wconf 95' lang='lat' dir='ltr'><strong>de</strong></span> <span class='ocrx_word' id='word_1_246' title='bbox 1607 3016 1690 3083; x_wconf 90' lang='lat' dir='ltr'><strong>tam</strong></span> <span class='ocrx_word' id='word_1_247' title='bbox 1710 3007 1859 3083; x_wconf 88' lang='lat' dir='ltr'><strong>occulto</strong></span> 
     </span>
     <span class='ocr_line' id='line_1_23' title="bbox 269 3122 1860 3223; baseline 0.003 -25"><span class='ocrx_word' id='word_1_248' title='bbox 269 3122 415 3210; x_wconf 81' lang='lat' dir='ltr'><strong>fact0,⁵⁸</strong></span> <span class='ocrx_word' id='word_1_249' title='bbox 431 3123 596 3222; x_wconf 90' lang='lat' dir='ltr'><strong>qualiter</strong></span> <span class='ocrx_word' id='word_1_250' title='bbox 609 3122 834 3199; x_wconf 90' lang='lat' dir='ltr'><strong>liberabitur</strong></span> <span class='ocrx_word' id='word_1_251' title='bbox 848 3123 911 3200; x_wconf 92' lang='lat' dir='ltr'><strong>ille</strong></span> <span class='ocrx_word' id='word_1_252' title='bbox 926 3124 990 3222; x_wconf 93' lang='lat' dir='ltr'><strong>qui</strong></span> <span class='ocrx_word' id='word_1_253' title='bbox 1007 3149 1123 3223; x_wconf 87' lang='lat' dir='ltr'><strong>super</strong></span> <span class='ocrx_word' id='word_1_254' title='bbox 1138 3124 1305 3222; x_wconf 91' lang='lat' dir='ltr'><strong>patriam</strong></span> <span class='ocrx_word' id='word_1_255' title='bbox 1321 3151 1360 3200; x_wconf 89' lang='lat' dir='ltr'><strong>se</strong></span> <span class='ocrx_word' id='word_1_256' title='bbox 1375 3126 1568 3223; x_wconf 70' lang='lat' dir='ltr'><strong>posuerit?</strong></span> <span class='ocrx_word' id='word_1_257' title='bbox 1584 3125 1645 3202; x_wconf 90' lang='lat' dir='ltr'><strong>Re</strong></span> <span class='ocrx_word' id='word_1_258' title='bbox 1660 3150 1753 3201; x_wconf 86' lang='lat' dir='ltr'><strong>vera</strong></span> <span class='ocrx_word' id='word_1_259' title='bbox 1768 3125 1860 3202; x_wconf 89' lang='lat' dir='ltr'><strong>satis</strong></span> 
     </span>
     <span class='ocr_line' id='line_1_24' title="bbox 269 3241 1860 3342; baseline 0.002 -26"><span class='ocrx_word' id='word_1_260' title='bbox 269 3241 406 3319; x_wconf 89' lang='lat' dir='ltr'><strong>liberat</strong></span> <span class='ocrx_word' id='word_1_261' title='bbox 429 3269 478 3318; x_wconf 89' lang='lat' dir='ltr'><strong>ex</strong></span> <span class='ocrx_word' id='word_1_262' title='bbox 500 3267 576 3341; x_wconf 94' lang='lat' dir='ltr'><strong>quo</strong></span> <span class='ocrx_word' id='word_1_263' title='bbox 599 3266 779 3340; x_wconf 87' lang='lat' dir='ltr'><strong>expresse</strong></span> <span class='ocrx_word' id='word_1_264' title='bbox 801 3267 879 3317; x_wconf 92' lang='lat' dir='ltr'><strong>non</strong></span> <span class='ocrx_word' id='word_1_265' title='bbox 903 3242 1144 3331; x_wconf 90' lang='lat' dir='ltr'><strong>condemnat,</strong></span> <span class='ocrx_word' id='word_1_266' title='bbox 1168 3242 1266 3319; x_wconf 89' lang='lat' dir='ltr'><strong>sicut</strong></span> <span class='ocrx_word' id='word_1_267' title='bbox 1289 3243 1363 3317; x_wconf 93' lang='lat' dir='ltr'><strong>dici</strong></span> <span class='ocrx_word' id='word_1_268' title='bbox 1387 3243 1530 3341; x_wconf 88' lang='lat' dir='ltr'><strong>poterit</strong></span> <span class='ocrx_word' id='word_1_269' title='bbox 1554 3243 1601 3319; x_wconf 92' lang='lat' dir='ltr'><strong>de</strong></span> <span class='ocrx_word' id='word_1_270' title='bbox 1624 3251 1732 3319; x_wconf 89' lang='lat' dir='ltr'><strong>carta</strong></span> <span class='ocrx_word' id='word_1_271' title='bbox 1757 3243 1860 3342; x_wconf 91' lang='lat' dir='ltr'><strong>quod</strong></span> 
     </span>
     <span class='ocr_line' id='line_1_25' title="bbox 269 3360 1860 3460; baseline -0.001 -24"><span class='ocrx_word' id='word_1_272' title='bbox 269 3360 361 3436; x_wconf 91' lang='lat' dir='ltr'><strong>satis</strong></span> <span class='ocrx_word' id='word_1_273' title='bbox 381 3361 578 3458; x_wconf 83' lang='lat' dir='ltr'><strong>adquietat</strong></span> <span class='ocrx_word' id='word_1_274' title='bbox 596 3387 645 3437; x_wconf 90' lang='lat' dir='ltr'><strong>ex</strong></span> <span class='ocrx_word' id='word_1_275' title='bbox 663 3387 739 3459; x_wconf 93' lang='lat' dir='ltr'><strong>quo</strong></span> <span class='ocrx_word' id='word_1_276' title='bbox 757 3361 973 3459; x_wconf 85' lang='lat' dir='ltr'><strong>specialiter</strong></span> <span class='ocrx_word' id='word_1_277' title='bbox 990 3386 1068 3436; x_wconf 92' lang='lat' dir='ltr'><strong>non</strong></span> <span class='ocrx_word' id='word_1_278' title='bbox 1085 3369 1233 3437; x_wconf 87' lang='lat' dir='ltr'><strong>onerat.</strong></span> <span class='ocrx_word' id='word_1_279' title='bbox 1253 3362 1356 3436; x_wconf 89' lang='lat' dir='ltr'><strong>Item</strong></span> <span class='ocrx_word' id='word_1_280' title='bbox 1375 3361 1518 3460; x_wconf 89' lang='lat' dir='ltr'><strong>poterit</strong></span> <span class='ocrx_word' id='word_1_281' title='bbox 1538 3361 1686 3437; x_wconf 82' lang='lat' dir='ltr'><strong>factum</strong></span> <span class='ocrx_word' id='word_1_282' title='bbox 1706 3387 1786 3437; x_wconf 91' lang='lat' dir='ltr'><strong>esse</strong></span> <span class='ocrx_word' id='word_1_283' title='bbox 1805 3362 1860 3437; x_wconf 84' lang='lat' dir='ltr'><strong>ita</strong></span> 
     </span>
     <span class='ocr_line' id='line_1_26' title="bbox 269 3477 1860 3577; baseline -0.001 -21"><span class='ocrx_word' id='word_1_284' title='bbox 269 3479 461 3557; x_wconf 90' lang='lat' dir='ltr'><strong>occultum</strong></span> <span class='ocrx_word' id='word_1_285' title='bbox 479 3481 583 3577; x_wconf 91' lang='lat' dir='ltr'><strong>quod</strong></span> <span class='ocrx_word' id='word_1_286' title='bbox 600 3488 702 3555; x_wconf 85' lang='lat' dir='ltr'><strong>secta</strong></span> <span class='ocrx_word' id='word_1_287' title='bbox 721 3479 769 3555; x_wconf 92' lang='lat' dir='ltr'><strong>sit</strong></span> <span class='ocrx_word' id='word_1_288' title='bbox 787 3479 894 3555; x_wconf 90' lang='lat' dir='ltr'><strong>nulla</strong></span> <span class='ocrx_word' id='word_1_289' title='bbox 912 3479 972 3555; x_wconf 89' lang='lat' dir='ltr'><strong>vel</strong></span> <span class='ocrx_word' id='word_1_290' title='bbox 989 3479 1115 3556; x_wconf 88' lang='lat' dir='ltr'><strong>minus</strong></span> <span class='ocrx_word' id='word_1_291' title='bbox 1133 3479 1208 3555; x_wconf 92' lang='lat' dir='ltr'><strong>rite</strong></span> <span class='ocrx_word' id='word_1_292' title='bbox 1225 3478 1342 3568; x_wconf 82' lang='lat' dir='ltr'><strong>facta,</strong></span> <span class='ocrx_word' id='word_1_293' title='bbox 1361 3477 1520 3556; x_wconf 77' lang='lat' dir='ltr'><strong>tamen⁶⁴</strong></span> <span class='ocrx_word' id='word_1_294' title='bbox 1539 3477 1763 3556; x_wconf 87' lang='lat' dir='ltr'><strong>calumniari</strong></span> <span class='ocrx_word' id='word_1_295' title='bbox 1781 3503 1860 3555; x_wconf 92' lang='lat' dir='ltr'><strong>non</strong></span> 
     </span>
     <span class='ocr_line' id='line_1_27' title="bbox 269 3596 1861 3696; baseline 0.001 -24"><span class='ocrx_word' id='word_1_296' title='bbox 269 3596 441 3696; x_wconf 77' lang='lat' dir='ltr'><strong>poterit⁶⁶</strong></span> <span class='ocrx_word' id='word_1_297' title='bbox 461 3597 550 3696; x_wconf 90' lang='lat' dir='ltr'><strong>quia</strong></span> <span class='ocrx_word' id='word_1_298' title='bbox 570 3597 721 3672; x_wconf 90' lang='lat' dir='ltr'><strong>initium</strong></span> <span class='ocrx_word' id='word_1_299' title='bbox 741 3596 836 3673; x_wconf 82' lang='lat' dir='ltr'><strong>facti</strong></span> <span class='ocrx_word' id='word_1_300' title='bbox 856 3596 942 3677; x_wconf 90' lang='lat' dir='ltr'><strong>sciri</strong></span> <span class='ocrx_word' id='word_1_301' title='bbox 963 3622 1041 3672; x_wconf 91' lang='lat' dir='ltr'><strong>non</strong></span> <span class='ocrx_word' id='word_1_302' title='bbox 1061 3596 1217 3695; x_wconf 90' lang='lat' dir='ltr'><strong>poterit,</strong></span> <span class='ocrx_word' id='word_1_303' title='bbox 1238 3598 1335 3674; x_wconf 91' lang='lat' dir='ltr'><strong>sicut</strong></span> <span class='ocrx_word' id='word_1_304' title='bbox 1357 3598 1404 3673; x_wconf 89' lang='lat' dir='ltr'><strong>de</strong></span> <span class='ocrx_word' id='word_1_305' title='bbox 1424 3622 1571 3673; x_wconf 89' lang='lat' dir='ltr'><strong>veneno</strong></span> <span class='ocrx_word' id='word_1_306' title='bbox 1592 3597 1701 3673; x_wconf 88' lang='lat' dir='ltr'><strong>dato:</strong></span> <span class='ocrx_word' id='word_1_307' title='bbox 1723 3606 1761 3674; x_wconf 93' lang='lat' dir='ltr'><strong>et</strong></span> <span class='ocrx_word' id='word_1_308' title='bbox 1784 3623 1861 3696; x_wconf 91' lang='lat' dir='ltr'><strong>quo</strong></span> 
     </span>
     <span class='ocr_line' id='line_1_28' title="bbox 268 3714 1861 3814; baseline -0.001 -23"><span class='ocrx_word' id='word_1_309' title='bbox 268 3740 361 3791; x_wconf 89' lang='lat' dir='ltr'><strong>casu</strong></span> <span class='ocrx_word' id='word_1_310' title='bbox 372 3741 451 3791; x_wconf 91' lang='lat' dir='ltr'><strong>non</strong></span> <span class='ocrx_word' id='word_1_311' title='bbox 461 3714 615 3791; x_wconf 88' lang='lat' dir='ltr'><strong>habebit</strong></span> <span class='ocrx_word' id='word_1_312' title='bbox 629 3714 847 3813; x_wconf 88' lang='lat' dir='ltr'><strong>appellatus</strong></span> <span class='ocrx_word' id='word_1_313' title='bbox 861 3715 1083 3791; x_wconf 90' lang='lat' dir='ltr'><strong>electionem</strong></span> <span class='ocrx_word' id='word_1_314' title='bbox 1097 3723 1229 3790; x_wconf 91' lang='lat' dir='ltr'><strong>utrum</strong></span> <span class='ocrx_word' id='word_1_315' title='bbox 1244 3741 1284 3790; x_wconf 91' lang='lat' dir='ltr'><strong>se</strong></span> <span class='ocrx_word' id='word_1_316' title='bbox 1298 3740 1441 3813; x_wconf 90' lang='lat' dir='ltr'><strong>ponere</strong></span> <span class='ocrx_word' id='word_1_317' title='bbox 1456 3714 1547 3790; x_wconf 89' lang='lat' dir='ltr'><strong>velit</strong></span> <span class='ocrx_word' id='word_1_318' title='bbox 1561 3740 1677 3814; x_wconf 91' lang='lat' dir='ltr'><strong>super</strong></span> <span class='ocrx_word' id='word_1_319' title='bbox 1691 3715 1861 3813; x_wconf 89' lang='lat' dir='ltr'><strong>patriam</strong></span> 
     </span>
     <span class='ocr_line' id='line_1_29' title="bbox 269 3831 1859 3932; baseline -0.001 -23"><span class='ocrx_word' id='word_1_320' title='bbox 269 3833 330 3909; x_wconf 90' lang='lat' dir='ltr'><strong>vel</strong></span> <span class='ocrx_word' id='word_1_321' title='bbox 354 3833 560 3909; x_wconf 83' lang='lat' dir='ltr'><strong>defendere</strong></span> <span class='ocrx_word' id='word_1_322' title='bbox 584 3858 623 3909; x_wconf 91' lang='lat' dir='ltr'><strong>se</strong></span> <span class='ocrx_word' id='word_1_323' title='bbox 646 3858 716 3931; x_wconf 89' lang='lat' dir='ltr'><strong>per</strong></span> <span class='ocrx_word' id='word_1_324' title='bbox 738 3831 919 3932; x_wconf 83' lang='lat' dir='ltr'><strong>corpus,“</strong></span> <span class='ocrx_word' id='word_1_325' title='bbox 943 3835 1011 3908; x_wconf 91' lang='lat' dir='ltr'><strong>sed</strong></span> <span class='ocrx_word' id='word_1_326' title='bbox 1033 3841 1188 3930; x_wconf 88' lang='lat' dir='ltr'><strong>oportet</strong></span> <span class='ocrx_word' id='word_1_327' title='bbox 1212 3833 1315 3930; x_wconf 95' lang='lat' dir='ltr'><strong>quod</strong></span> <span class='ocrx_word' id='word_1_328' title='bbox 1339 3833 1525 3908; x_wconf 83' lang='lat' dir='ltr'><strong>defendat</strong></span> <span class='ocrx_word' id='word_1_329' title='bbox 1548 3859 1588 3908; x_wconf 92' lang='lat' dir='ltr'><strong>se</strong></span> <span class='ocrx_word' id='word_1_330' title='bbox 1613 3858 1683 3931; x_wconf 94' lang='lat' dir='ltr'><strong>per</strong></span> <span class='ocrx_word' id='word_1_331' title='bbox 1707 3857 1859 3931; x_wconf 88' lang='lat' dir='ltr'><strong>corpus,</strong></span> 
     </span>
     <span class='ocr_line' id='line_1_30' title="bbox 270 3949 1858 4050; baseline -0.001 -23"><span class='ocrx_word' id='word_1_332' title='bbox 270 3951 361 4050; x_wconf 91' lang='lat' dir='ltr'><strong>quia</strong></span> <span class='ocrx_word' id='word_1_333' title='bbox 375 3951 503 4050; x_wconf 90' lang='lat' dir='ltr'><strong>patria</strong></span> <span class='ocrx_word' id='word_1_334' title='bbox 517 3949 611 4027; x_wconf 86' lang='lat' dir='ltr'><strong>nihil</strong></span> <span class='ocrx_word' id='word_1_335' title='bbox 626 3949 720 4027; x_wconf 89' lang='lat' dir='ltr'><strong>scire</strong></span> <span class='ocrx_word' id='word_1_336' title='bbox 736 3950 880 4050; x_wconf 88' lang='lat' dir='ltr'><strong>poterit</strong></span> <span class='ocrx_word' id='word_1_337' title='bbox 896 3950 943 4026; x_wconf 95' lang='lat' dir='ltr'><strong>de</strong></span> <span class='ocrx_word' id='word_1_338' title='bbox 960 3951 1066 4026; x_wconf 88' lang='lat' dir='ltr'><strong>facto</strong></span> <span class='ocrx_word' id='word_1_339' title='bbox 1081 3950 1152 4026; x_wconf 90' lang='lat' dir='ltr'><strong>nisi</strong></span> <span class='ocrx_word' id='word_1_340' title='bbox 1168 3976 1240 4048; x_wconf 89' lang='lat' dir='ltr'><strong>per</strong></span> <span class='ocrx_word' id='word_1_341' title='bbox 1255 3950 1594 4049; x_wconf 72' lang='lat' dir='ltr'><strong>praesumptionem</strong></span> <span class='ocrx_word' id='word_1_342' title='bbox 1610 3960 1649 4026; x_wconf 90' lang='lat' dir='ltr'><strong>et</strong></span> <span class='ocrx_word' id='word_1_343' title='bbox 1666 3975 1736 4049; x_wconf 94' lang='lat' dir='ltr'><strong>per</strong></span> <span class='ocrx_word' id='word_1_344' title='bbox 1752 3950 1858 4026; x_wconf 84' lang='lat' dir='ltr'><strong>audi·</strong></span> 
     </span>
     <span class='ocr_line' id='line_1_31' title="bbox 269 4067 1858 4168; baseline -0.002 -23"><span class='ocrx_word' id='word_1_345' title='bbox 269 4068 393 4157; x_wconf 77' lang='lat' dir='ltr'><strong>tum,⁶⁷</strong></span> <span class='ocrx_word' id='word_1_346' title='bbox 410 4069 513 4168; x_wconf 92' lang='lat' dir='ltr'><strong>quod</strong></span> <span class='ocrx_word' id='word_1_347' title='bbox 529 4068 682 4167; x_wconf 91' lang='lat' dir='ltr'><strong>quidem</strong></span> <span class='ocrx_word' id='word_1_348' title='bbox 697 4093 776 4144; x_wconf 94' lang='lat' dir='ltr'><strong>non</strong></span> <span class='ocrx_word' id='word_1_349' title='bbox 790 4069 928 4145; x_wconf 89' lang='lat' dir='ltr'><strong>sufficit</strong></span> <span class='ocrx_word' id='word_1_350' title='bbox 944 4069 994 4145; x_wconf 94' lang='lat' dir='ltr'><strong>ad</strong></span> <span class='ocrx_word' id='word_1_351' title='bbox 1008 4069 1276 4167; x_wconf 87' lang='lat' dir='ltr'><strong>probationem</strong></span> <span class='ocrx_word' id='word_1_352' title='bbox 1290 4094 1362 4167; x_wconf 94' lang='lat' dir='ltr'><strong>pro</strong></span> <span class='ocrx_word' id='word_1_353' title='bbox 1378 4067 1600 4166; x_wconf 87' lang='lat' dir='ltr'><strong>appellante</strong></span> <span class='ocrx_word' id='word_1_354' title='bbox 1616 4093 1685 4143; x_wconf 91' lang='lat' dir='ltr'><strong>nec</strong></span> <span class='ocrx_word' id='word_1_355' title='bbox 1702 4093 1774 4166; x_wconf 93' lang='lat' dir='ltr'><strong>pro</strong></span> <span class='ocrx_word' id='word_1_356' title='bbox 1791 4093 1858 4166; x_wconf 85' lang='lat' dir='ltr'><strong>ap-</strong></span> 
     </span>
     <span class='ocr_line' id='line_1_32' title="bbox 270 4184 1860 4286; baseline -0.001 -24"><span class='ocrx_word' id='word_1_357' title='bbox 270 4187 415 4286; x_wconf 89' lang='lat' dir='ltr'><strong>pellato</strong></span> <span class='ocrx_word' id='word_1_358' title='bbox 433 4188 483 4263; x_wconf 91' lang='lat' dir='ltr'><strong>ad</strong></span> <span class='ocrx_word' id='word_1_359' title='bbox 500 4187 775 4274; x_wconf 84' lang='lat' dir='ltr'><strong>liberationem,</strong></span> <span class='ocrx_word' id='word_1_360' title='bbox 794 4187 867 4263; x_wconf 92' lang='lat' dir='ltr'><strong>nisi</strong></span> <span class='ocrx_word' id='word_1_361' title='bbox 886 4187 935 4264; x_wconf 93' lang='lat' dir='ltr'><strong>sit</strong></span> <span class='ocrx_word' id='word_1_362' title='bbox 954 4187 1018 4285; x_wconf 90' lang='lat' dir='ltr'><strong>qui</strong></span> <span class='ocrx_word' id='word_1_363' title='bbox 1038 4187 1139 4262; x_wconf 92' lang='lat' dir='ltr'><strong>dicat</strong></span> <span class='ocrx_word' id='word_1_364' title='bbox 1158 4195 1202 4263; x_wconf 95' lang='lat' dir='ltr'><strong>ut</strong></span> <span class='ocrx_word' id='word_1_365' title='bbox 1222 4211 1341 4284; x_wconf 89' lang='lat' dir='ltr'><strong>supra</strong></span> <span class='ocrx_word' id='word_1_366' title='bbox 1360 4186 1463 4284; x_wconf 94' lang='lat' dir='ltr'><strong>quod</strong></span> <span class='ocrx_word' id='word_1_367' title='bbox 1483 4185 1575 4262; x_wconf 92' lang='lat' dir='ltr'><strong>satis</strong></span> <span class='ocrx_word' id='word_1_368' title='bbox 1593 4184 1790 4273; x_wconf 85' lang='lat' dir='ltr'><strong>liberatur,</strong></span> <span class='ocrx_word' id='word_1_369' title='bbox 1810 4211 1860 4261; x_wconf 87' lang='lat' dir='ltr'><strong>ex</strong></span> 
     </span>
     <span class='ocr_line' id='line_1_33' title="bbox 270 4303 1860 4404; baseline -0.002 -23"><span class='ocrx_word' id='word_1_370' title='bbox 270 4332 347 4404; x_wconf 92' lang='lat' dir='ltr'><strong>quo</strong></span> <span class='ocrx_word' id='word_1_371' title='bbox 368 4331 446 4381; x_wconf 92' lang='lat' dir='ltr'><strong>non</strong></span> <span class='ocrx_word' id='word_1_372' title='bbox 468 4306 756 4381; x_wconf 88' lang='lat' dir='ltr'><strong>condemnatur.</strong></span> <span class='ocrx_word' id='word_1_373' title='bbox 780 4305 1018 4381; x_wconf 88' lang='lat' dir='ltr'><strong>Admittitur</strong></span> <span class='ocrx_word' id='word_1_374' title='bbox 1040 4315 1171 4380; x_wconf 86' lang='lat' dir='ltr'><strong>tamen</strong></span> <span class='ocrx_word' id='word_1_375' title='bbox 1194 4330 1243 4380; x_wconf 90' lang='lat' dir='ltr'><strong>ex</strong></span> <span class='ocrx_word' id='word_1_376' title='bbox 1265 4303 1489 4380; x_wconf 88' lang='lat' dir='ltr'><strong>necessitate</strong></span> <span class='ocrx_word' id='word_1_377' title='bbox 1512 4304 1615 4402; x_wconf 92' lang='lat' dir='ltr'><strong>quod</strong></span> <span class='ocrx_word' id='word_1_378' title='bbox 1640 4303 1860 4402; x_wconf 88' lang='lat' dir='ltr'><strong>appellatus</strong></span> 
     </span>
     <span class='ocr_line' id='line_1_34' title="bbox 268 4421 1860 4522; baseline -0.001 -24"><span class='ocrx_word' id='word_1_379' title='bbox 268 4422 422 4500; x_wconf 89' lang='lat' dir='ltr'><strong>habebit</strong></span> <span class='ocrx_word' id='word_1_380' title='bbox 443 4424 665 4499; x_wconf 89' lang='lat' dir='ltr'><strong>electionem</strong></span> <span class='ocrx_word' id='word_1_381' title='bbox 687 4431 849 4522; x_wconf 90' lang='lat' dir='ltr'><strong>propter</strong></span> <span class='ocrx_word' id='word_1_382' title='bbox 870 4422 1138 4499; x_wconf 87' lang='lat' dir='ltr'><strong>inconveniens</strong></span> <span class='ocrx_word' id='word_1_383' title='bbox 1160 4423 1262 4521; x_wconf 92' lang='lat' dir='ltr'><strong>quod</strong></span> <span class='ocrx_word' id='word_1_384' title='bbox 1285 4430 1518 4520; x_wconf 90' lang='lat' dir='ltr'><strong>sequeretur,</strong></span> <span class='ocrx_word' id='word_1_385' title='bbox 1543 4421 1633 4519; x_wconf 89' lang='lat' dir='ltr'><strong>quia</strong></span> <span class='ocrx_word' id='word_1_386' title='bbox 1655 4422 1686 4497; x_wconf 92' lang='lat' dir='ltr'><strong>si</strong></span> <span class='ocrx_word' id='word_1_387' title='bbox 1709 4446 1860 4520; x_wconf 91' lang='lat' dir='ltr'><strong>semper</strong></span> 
     </span>
     <span class='ocr_line' id='line_1_35' title="bbox 269 4538 1860 4640; baseline -0.001 -24"><span class='ocrx_word' id='word_1_388' title='bbox 269 4549 468 4618; x_wconf 86' lang='lat' dir='ltr'><strong>teneretur</strong></span> <span class='ocrx_word' id='word_1_389' title='bbox 489 4567 529 4618; x_wconf 90' lang='lat' dir='ltr'><strong>se</strong></span> <span class='ocrx_word' id='word_1_390' title='bbox 552 4541 760 4618; x_wconf 80' lang='lat' dir='ltr'><strong>defendere</strong></span> <span class='ocrx_word' id='word_1_391' title='bbox 783 4566 1027 4640; x_wconf 90' lang='lat' dir='ltr'><strong>percorpus,</strong></span> <span class='ocrx_word' id='word_1_392' title='bbox 1050 4541 1105 4617; x_wconf 89' lang='lat' dir='ltr'><strong>ita</strong></span> <span class='ocrx_word' id='word_1_393' title='bbox 1129 4540 1250 4639; x_wconf 90' lang='lat' dir='ltr'><strong>possit</strong></span> <span class='ocrx_word' id='word_1_394' title='bbox 1273 4539 1431 4639; x_wconf 89' lang='lat' dir='ltr'><strong>quilibet</strong></span> <span class='ocrx_word' id='word_1_395' title='bbox 1455 4539 1587 4616; x_wconf 82' lang='lat' dir='ltr'><strong>intuli</strong></span> <span class='ocrx_word' id='word_1_396' title='bbox 1612 4539 1717 4615; x_wconf 85' lang='lat' dir='ltr'><strong>lacto</strong></span> <span class='ocrx_word' id='word_1_397' title='bbox 1742 4538 1860 4615; x_wconf 86' lang='lat' dir='ltr'><strong>alium</strong></span> 
     </span>
     <span class='ocr_line' id='line_1_36' title="bbox 270 4657 1723 4759; baseline -0.001 -25"><span class='ocrx_word' id='word_1_398' title='bbox 270 4658 467 4758; x_wconf 92' lang='lat' dir='ltr'><strong>appellare</strong></span> <span class='ocrx_word' id='word_1_399' title='bbox 484 4685 556 4758; x_wconf 88' lang='lat' dir='ltr'><strong>per</strong></span> <span class='ocrx_word' id='word_1_400' title='bbox 570 4659 811 4759; x_wconf 90' lang='lat' dir='ltr'><strong>campionem</strong></span> <span class='ocrx_word' id='word_1_401' title='bbox 826 4659 1109 4747; x_wconf 87' lang='lat' dir='ltr'><strong>conductivum,</strong></span> <span class='ocrx_word' id='word_1_402' title='bbox 1128 4657 1258 4758; x_wconf 75' lang='lat' dir='ltr'><strong>quod⁸⁸</strong></span> <span class='ocrx_word' id='word_1_403' title='bbox 1274 4684 1354 4734; x_wconf 92' lang='lat' dir='ltr'><strong>non</strong></span> <span class='ocrx_word' id='word_1_404' title='bbox 1371 4667 1428 4735; x_wconf 91' lang='lat' dir='ltr'><strong>est</strong></span> <span class='ocrx_word' id='word_1_405' title='bbox 1447 4657 1723 4734; x_wconf 90' lang='lat' dir='ltr'><strong>sustinendum.</strong></span> 
     </span>
    </p>
   </div>
   <div class='ocr_carea' id='block_1_3' title="bbox 269 4827 1859 5508">
    <p class='ocr_par' dir='ltr' id='par_1_4' title="bbox 269 4827 1859 5508">
     <span class='ocr_line' id='line_1_37' title="bbox 269 4827 1859 4908; baseline -0.003 -18"><span class='ocrx_word' id='word_1_406' title='bbox 269 4827 296 4865; x_wconf 83' lang='lat'><strong>⁸⁸</strong></span> <span class='ocrx_word' id='word_1_407' title='bbox 308 4831 421 4908; x_wconf 86' lang='lat' dir='ltr'><strong>aliquo,</strong></span> <span class='ocrx_word' id='word_1_408' title='bbox 441 4831 481 4906; x_wconf 94' lang='lat' dir='ltr'><strong>V,</strong></span> <span class='ocrx_word' id='word_1_409' title='bbox 501 4831 574 4892; x_wconf 88' lang='lat' dir='ltr'><strong>CM.</strong></span> <span class='ocrx_word' id='word_1_410' title='bbox 610 4829 643 4877; x_wconf 82' lang='lat'><strong>-⁸⁰</strong></span> <span class='ocrx_word' id='word_1_411' title='bbox 654 4829 889 4906; x_wconf 77' lang='lat' dir='ltr'><strong>interfecerunt,</strong></span> <span class='ocrx_word' id='word_1_412' title='bbox 910 4830 976 4904; x_wconf 84' lang='lat' dir='ltr'><strong>CB,</strong></span> <span class='ocrx_word' id='word_1_413' title='bbox 996 4828 1064 4906; x_wconf 90' lang='lat' dir='ltr'><strong>OC,</strong></span> <span class='ocrx_word' id='word_1_414' title='bbox 1084 4832 1124 4902; x_wconf 91' lang='lat' dir='ltr'><strong>Y,</strong></span> <span class='ocrx_word' id='word_1_415' title='bbox 1145 4831 1218 4890; x_wconf 90' lang='lat' dir='ltr'><strong>MC.</strong></span> <span class='ocrx_word' id='word_1_416' title='bbox 1260 4827 1379 4902; x_wconf 76' lang='lat' dir='ltr'><strong>⁴⁰Om.,</strong></span> <span class='ocrx_word' id='word_1_417' title='bbox 1400 4829 1478 4902; x_wconf 90' lang='lat' dir='ltr'><strong>MG,</strong></span> <span class='ocrx_word' id='word_1_418' title='bbox 1499 4828 1573 4889; x_wconf 86' lang='lat' dir='ltr'><strong>CM.</strong></span> <span class='ocrx_word' id='word_1_419' title='bbox 1616 4827 1743 4906; x_wconf 73' lang='lat' dir='ltr'><strong>“regni</strong></span> <span class='ocrx_word' id='word_1_420' title='bbox 1765 4831 1859 4905; x_wconf 79' lang='lat' dir='ltr'><strong>regis,</strong></span> 
     </span>
     <span class='ocr_line' id='line_1_38' title="bbox 270 4926 1858 5010; baseline 0 -20"><span class='ocrx_word' id='word_1_421' title='bbox 270 4930 309 5003; x_wconf 91' lang='lat' dir='ltr'><strong>V,</strong></span> <span class='ocrx_word' id='word_1_422' title='bbox 323 4932 401 5004; x_wconf 93' lang='lat' dir='ltr'><strong>MG,</strong></span> <span class='ocrx_word' id='word_1_423' title='bbox 416 4932 490 5003; x_wconf 90' lang='lat' dir='ltr'><strong>CM,</strong></span> <span class='ocrx_word' id='word_1_424' title='bbox 503 4931 571 5004; x_wconf 88' lang='lat' dir='ltr'><strong>OC,</strong></span> <span class='ocrx_word' id='word_1_425' title='bbox 585 4932 625 5006; x_wconf 89' lang='lat' dir='ltr'><strong>Y,</strong></span> <span class='ocrx_word' id='word_1_426' title='bbox 641 4931 715 5006; x_wconf 93' lang='lat' dir='ltr'><strong>MC,</strong></span> <span class='ocrx_word' id='word_1_427' title='bbox 730 4932 794 4992; x_wconf 87' lang='lat' dir='ltr'><strong>LA.</strong></span> <span class='ocrx_word' id='word_1_428' title='bbox 831 4928 857 4965; x_wconf 81' lang='lat'><strong>⁴²</strong></span> <span class='ocrx_word' id='word_1_429' title='bbox 870 4929 1040 5010; x_wconf 80' lang='lat' dir='ltr'><strong>Burgham,</strong></span> <span class='ocrx_word' id='word_1_430' title='bbox 1055 4930 1122 5004; x_wconf 90' lang='lat' dir='ltr'><strong>OC,</strong></span> <span class='ocrx_word' id='word_1_431' title='bbox 1138 4932 1214 5006; x_wconf 90' lang='lat' dir='ltr'><strong>MG,</strong></span> <span class='ocrx_word' id='word_1_432' title='bbox 1230 4932 1305 5005; x_wconf 90' lang='lat' dir='ltr'><strong>CM,</strong></span> <span class='ocrx_word' id='word_1_433' title='bbox 1320 4931 1364 5002; x_wconf 87' lang='lat' dir='ltr'><strong>Y;</strong></span> <span class='ocrx_word' id='word_1_434' title='bbox 1381 4929 1511 5007; x_wconf 70' lang='lat' dir='ltr'><strong>Burgh,</strong></span> <span class='ocrx_word' id='word_1_435' title='bbox 1527 4929 1622 4990; x_wconf 86' lang='lat' dir='ltr'><strong>MSS.</strong></span> <span class='ocrx_word' id='word_1_436' title='bbox 1636 4949 1702 4990; x_wconf 81' lang='lat' dir='ltr'><strong>var.</strong></span> <span class='ocrx_word' id='word_1_437' title='bbox 1740 4926 1767 4960; x_wconf 83' lang='lat'><strong>⁴⁸</strong></span> <span class='ocrx_word' id='word_1_438' title='bbox 1778 4929 1858 5003; x_wconf 81' lang='lat' dir='ltr'><strong>Om,</strong></span> 
     </span>
     <span class='ocr_line' id='line_1_39' title="bbox 270 5027 1859 5107; baseline 0 -17"><span class='ocrx_word' id='word_1_439' title='bbox 270 5030 309 5107; x_wconf 92' lang='lat' dir='ltr'><strong>V,</strong></span> <span class='ocrx_word' id='word_1_440' title='bbox 326 5032 393 5094; x_wconf 89' lang='lat' dir='ltr'><strong>OC.</strong></span> <span class='ocrx_word' id='word_1_441' title='bbox 432 5029 514 5107; x_wconf 74' lang='lat' dir='ltr'><strong>“ut,</strong></span> <span class='ocrx_word' id='word_1_442' title='bbox 532 5032 610 5106; x_wconf 87' lang='lat' dir='ltr'><strong>MG,</strong></span> <span class='ocrx_word' id='word_1_443' title='bbox 628 5032 701 5092; x_wconf 92' lang='lat' dir='ltr'><strong>CM.</strong></span> <span class='ocrx_word' id='word_1_444' title='bbox 740 5029 886 5107; x_wconf 74' lang='lat' dir='ltr'><strong>“luerit,</strong></span> <span class='ocrx_word' id='word_1_445' title='bbox 903 5031 970 5105; x_wconf 86' lang='lat' dir='ltr'><strong>LA,</strong></span> <span class='ocrx_word' id='word_1_446' title='bbox 988 5031 1028 5107; x_wconf 89' lang='lat' dir='ltr'><strong>Y,</strong></span> <span class='ocrx_word' id='word_1_447' title='bbox 1045 5031 1120 5107; x_wconf 96' lang='lat' dir='ltr'><strong>CM,</strong></span> <span class='ocrx_word' id='word_1_448' title='bbox 1138 5031 1210 5091; x_wconf 90' lang='lat' dir='ltr'><strong>MC.</strong></span> <span class='ocrx_word' id='word_1_449' title='bbox 1250 5027 1277 5063; x_wconf 77' lang='lat'><strong>‘⁸</strong></span> <span class='ocrx_word' id='word_1_450' title='bbox 1289 5028 1425 5105; x_wconf 89' lang='lat' dir='ltr'><strong>deberet,</strong></span> <span class='ocrx_word' id='word_1_451' title='bbox 1444 5030 1511 5107; x_wconf 95' lang='lat' dir='ltr'><strong>OC,</strong></span> <span class='ocrx_word' id='word_1_452' title='bbox 1530 5030 1608 5106; x_wconf 89' lang='lat' dir='ltr'><strong>MG,</strong></span> <span class='ocrx_word' id='word_1_453' title='bbox 1626 5030 1699 5090; x_wconf 91' lang='lat' dir='ltr'><strong>CM.</strong></span> <span class='ocrx_word' id='word_1_454' title='bbox 1740 5027 1859 5103; x_wconf 69' lang='lat' dir='ltr'><strong>⁴&#39;0m.,</strong></span> 
     </span>
     <span class='ocr_line' id='line_1_40' title="bbox 271 5128 1859 5208; baseline 0 -17"><span class='ocrx_word' id='word_1_455' title='bbox 271 5131 349 5204; x_wconf 87' lang='lat' dir='ltr'><strong>MG,</strong></span> <span class='ocrx_word' id='word_1_456' title='bbox 369 5132 442 5191; x_wconf 88' lang='lat' dir='ltr'><strong>CM.</strong></span> <span class='ocrx_word' id='word_1_457' title='bbox 484 5130 603 5204; x_wconf 84' lang='lat' dir='ltr'><strong>⁴⁸0m.,</strong></span> <span class='ocrx_word' id='word_1_458' title='bbox 622 5133 691 5206; x_wconf 88' lang='lat' dir='ltr'><strong>OB,</strong></span> <span class='ocrx_word' id='word_1_459' title='bbox 711 5132 787 5204; x_wconf 86' lang='lat' dir='ltr'><strong>MA,</strong></span> <span class='ocrx_word' id='word_1_460' title='bbox 808 5132 883 5191; x_wconf 96' lang='lat' dir='ltr'><strong>MB.</strong></span> <span class='ocrx_word' id='word_1_461' title='bbox 925 5128 992 5165; x_wconf 73' lang='lat'><strong>‘‘‘‘</strong></span> <span class='ocrx_word' id='word_1_462' title='bbox 1003 5132 1166 5191; x_wconf 87' lang='lat' dir='ltr'><strong>clamorem</strong></span> <span class='ocrx_word' id='word_1_463' title='bbox 1186 5150 1258 5204; x_wconf 89' lang='lat' dir='ltr'><strong>non,</strong></span> <span class='ocrx_word' id='word_1_464' title='bbox 1280 5131 1356 5206; x_wconf 90' lang='lat' dir='ltr'><strong>MG,</strong></span> <span class='ocrx_word' id='word_1_465' title='bbox 1378 5132 1450 5192; x_wconf 89' lang='lat' dir='ltr'><strong>CM.</strong></span> <span class='ocrx_word' id='word_1_466' title='bbox 1492 5129 1613 5208; x_wconf 74' lang='lat' dir='ltr'><strong>⁸²quia,</strong></span> <span class='ocrx_word' id='word_1_467' title='bbox 1634 5131 1674 5206; x_wconf 94' lang='lat' dir='ltr'><strong>V,</strong></span> <span class='ocrx_word' id='word_1_468' title='bbox 1695 5131 1774 5202; x_wconf 87' lang='lat' dir='ltr'><strong>cM;</strong></span> <span class='ocrx_word' id='word_1_469' title='bbox 1796 5134 1859 5208; x_wconf 82' lang='lat' dir='ltr'><strong>qui,</strong></span> 
     </span>
     <span class='ocr_line' id='line_1_41' title="bbox 269 5228 1858 5311; baseline -0.001 -18"><span class='ocrx_word' id='word_1_470' title='bbox 269 5231 338 5293; x_wconf 89' lang='lat' dir='ltr'><strong>OB.</strong></span> <span class='ocrx_word' id='word_1_471' title='bbox 382 5229 540 5306; x_wconf 74' lang='lat' dir='ltr'><strong>⁵²&#39;⁸⁸Om.,</strong></span> <span class='ocrx_word' id='word_1_472' title='bbox 563 5231 641 5306; x_wconf 88' lang='lat' dir='ltr'><strong>MG,</strong></span> <span class='ocrx_word' id='word_1_473' title='bbox 663 5231 736 5292; x_wconf 94' lang='lat' dir='ltr'><strong>CM.</strong></span> <span class='ocrx_word' id='word_1_474' title='bbox 781 5230 898 5308; x_wconf 75' lang='lat' dir='ltr'><strong>⁸⁴cum,</strong></span> <span class='ocrx_word' id='word_1_475' title='bbox 921 5233 987 5306; x_wconf 88' lang='lat' dir='ltr'><strong>LA,</strong></span> <span class='ocrx_word' id='word_1_476' title='bbox 1010 5233 1077 5307; x_wconf 88' lang='lat' dir='ltr'><strong>CE,</strong></span> <span class='ocrx_word' id='word_1_477' title='bbox 1102 5232 1174 5293; x_wconf 89' lang='lat' dir='ltr'><strong>MC.</strong></span> <span class='ocrx_word' id='word_1_478' title='bbox 1219 5228 1246 5264; x_wconf 75' lang='lat'><strong>⁶⁶</strong></span> <span class='ocrx_word' id='word_1_479' title='bbox 1257 5238 1371 5309; x_wconf 83' lang='lat' dir='ltr'><strong>potest,</strong></span> <span class='ocrx_word' id='word_1_480' title='bbox 1394 5231 1463 5308; x_wconf 90' lang='lat' dir='ltr'><strong>OB,</strong></span> <span class='ocrx_word' id='word_1_481' title='bbox 1487 5233 1563 5305; x_wconf 87' lang='lat' dir='ltr'><strong>MA,</strong></span> <span class='ocrx_word' id='word_1_482' title='bbox 1587 5233 1661 5294; x_wconf 91' lang='lat' dir='ltr'><strong>MB.</strong></span> <span class='ocrx_word' id='word_1_483' title='bbox 1708 5229 1858 5311; x_wconf 78' lang='lat' dir='ltr'><strong>⁸⁸corpus</strong></span> 
     </span>
     <span class='ocr_line' id='line_1_42' title="bbox 269 5329 1856 5412; baseline 0.003 -22"><span class='ocrx_word' id='word_1_484' title='bbox 269 5351 367 5407; x_wconf 88' lang='lat' dir='ltr'><strong>suum,</strong></span> <span class='ocrx_word' id='word_1_485' title='bbox 388 5332 428 5406; x_wconf 93' lang='lat' dir='ltr'><strong>V,</strong></span> <span class='ocrx_word' id='word_1_486' title='bbox 449 5331 527 5406; x_wconf 91' lang='lat' dir='ltr'><strong>MG,</strong></span> <span class='ocrx_word' id='word_1_487' title='bbox 549 5332 623 5405; x_wconf 86' lang='lat' dir='ltr'><strong>CM,</strong></span> <span class='ocrx_word' id='word_1_488' title='bbox 645 5330 711 5394; x_wconf 91' lang='lat' dir='ltr'><strong>OC.</strong></span> <span class='ocrx_word' id='word_1_489' title='bbox 755 5329 781 5364; x_wconf 65' lang='lat'><strong>‘²</strong></span> <span class='ocrx_word' id='word_1_490' title='bbox 793 5333 980 5406; x_wconf 86' lang='lat' dir='ltr'><strong>mandatum,</strong></span> <span class='ocrx_word' id='word_1_491' title='bbox 1003 5332 1071 5406; x_wconf 91' lang='lat' dir='ltr'><strong>OB,</strong></span> <span class='ocrx_word' id='word_1_492' title='bbox 1095 5333 1170 5406; x_wconf 93' lang='lat' dir='ltr'><strong>MA,</strong></span> <span class='ocrx_word' id='word_1_493' title='bbox 1193 5333 1275 5405; x_wconf 91' lang='lat' dir='ltr'><strong>MB;</strong></span> <span class='ocrx_word' id='word_1_494' title='bbox 1299 5331 1436 5393; x_wconf 85' lang='lat' dir='ltr'><strong>auditum</strong></span> <span class='ocrx_word' id='word_1_495' title='bbox 1458 5333 1507 5394; x_wconf 85' lang='lat' dir='ltr'><strong>vel</strong></span> <span class='ocrx_word' id='word_1_496' title='bbox 1528 5353 1586 5412; x_wconf 84' lang='lat' dir='ltr'><strong>per</strong></span> <span class='ocrx_word' id='word_1_497' title='bbox 1608 5333 1797 5409; x_wconf 82' lang='lat' dir='ltr'><strong>mandatum,</strong></span> <span class='ocrx_word' id='word_1_498' title='bbox 1820 5333 1856 5394; x_wconf 93' lang='lat' dir='ltr'><strong>V.</strong></span> 
     </span>
     <span class='ocr_line' id='line_1_43' title="bbox 269 5429 575 5508; baseline 0.01 -18"><span class='ocrx_word' id='word_1_499' title='bbox 269 5429 296 5464; x_wconf 75' lang='lat'><strong>⁸⁸</strong></span> <span class='ocrx_word' id='word_1_500' title='bbox 307 5434 390 5508; x_wconf 85' lang='lat' dir='ltr'><strong>quia,</strong></span> <span class='ocrx_word' id='word_1_501' title='bbox 408 5431 485 5506; x_wconf 92' lang='lat' dir='ltr'><strong>MG,</strong></span> <span class='ocrx_word' id='word_1_502' title='bbox 503 5431 575 5494; x_wconf 91' lang='lat' dir='ltr'><strong>CM.</strong></span> 
     </span>
    </p>
   </div>
   <div class='ocr_carea' id='block_1_4' title="bbox 0 0 2195 6356">
    <p class='ocr_par' dir='ltr' id='par_1_5' title="bbox 0 0 2195 6356">
     <span class='ocr_line' id='line_1_44' title="bbox 0 0 2195 6356; baseline 0 0"><span class='ocrx_word' id='word_1_503' title='bbox 0 0 2195 6356; x_wconf 95' lang='lat' dir='ltr'><strong> </strong></span> 
     </span>
    </p>
   </div>
  </div>
 </body>
</html>
