4432 6340
644 477 705 537 DE
728 475 1031 550 ADQUIBBNDO
1054 477 1212 540 RERUM
1235 477 1437 539 DOMINIO
1764 484 1838 553 235

249 652 342 704 sona
361 627 506 703 domini
525 626 606 704 vice
625 653 747 715 versa,
770 637 808 705 et
829 627 983 705 dissolvi
1002 638 1041 705 et
1061 627 1237 726 extingui
1257 628 1299 704 in
1318 653 1484 726 persona
1503 629 1668 706 tenentis
1690 638 1729 706 et
1750 653 1838 705 con·

248 746 437 823 valescere
457 745 498 822 in
519 772 686 844 persona
706 747 875 836 alterius,
897 754 942 822 ut
964 747 995 824 si
1016 755 1151 823 tenens
1172 772 1260 822 cum
1281 746 1504 844 homagium
1527 747 1661 824 fecerit
1684 749 1839 824 domino

248 889 329 954 suo,
350 889 391 940 se
410 864 596 942 dimiserit
615 889 663 940 ex
681 872 766 941 toto
785 863 834 942 de
852 865 1064 942 hereditate
1084 875 1212 943 suaet
1234 865 1351 941 alium
1372 865 1595 944 feoffaverit
1613 866 1770 942 tenendi
1791 867 1840 943 de

248 983 403 1059 domino
418 982 586 1082 capitali.
605 984 663 1060 Et
682 1009 758 1083 quo
775 1009 867 1060 casu
883 995 1018 1061 tenens
1037 984 1248 1061 absolvitur
1264 983 1314 1060 ab
1331 983 1522 1082 homagio,
1542 994 1580 1062 et
1599 984 1840 1083 extinguitur

246 1100 471 1200 homagium
491 1101 583 1179 velit
603 1101 701 1179 nolit
722 1101 899 1178 dominus
920 1101 1108 1202 capitalis,
1130 1111 1169 1179 et
1191 1102 1325 1201 incipit
1346 1102 1389 1178 in
1409 1128 1575 1201 persona
1597 1103 1751 1181 feoffati
1774 1104 1840 1203 qui

248 1218 444 1317 obligatur
467 1229 630 1321 propter
653 1229 917 1298 tenementum
941 1220 1057 1318 quod²
1083 1230 1141 1298 est
1166 1220 1325 1297 feodum
1351 1221 1495 1297 domini
1520 1221 1706 1322 capitalis.
1736 1223 1840 1299 Item

246 1340 470 1438 homagium
485 1339 589 1438 quod
605 1338 658 1415 sic
673 1337 916 1436 extinguitur
931 1338 971 1413 in
986 1364 1152 1440 persona
1166 1339 1333 1416 tenentis
1349 1340 1489 1417 iterum
1506 1340 1678 1417 revivisci
1695 1341 1840 1439 poterit

247 1458 290 1535 in
304 1483 470 1557 persona
485 1458 666 1546 eiusdem,
684 1458 751 1534 sed
767 1483 815 1532 ex
832 1457 907 1532 alia
922 1482 1049 1546 causa,
1068 1467 1112 1534 ut
1130 1459 1161 1532 si
1178 1457 1366 1535 feoffatus
1384 1458 1432 1533 ab
1451 1484 1496 1536 eo
1512 1458 1628 1535 idem²
1644 1467 1839 1537 tenemen-

248 1586 334 1654 tum
346 1575 394 1652 ei'
407 1575 587 1653 restituat
599 1577 811 1652 tenendum
823 1576 871 1652 de
885 1575 1019 1653 eodem
1031 1576 1188 1677 capitali
1203 1576 1369 1652 domino.
1386 1577 1489 1653 Item
1505 1576 1680 1676 extingui
1694 1578 1840 1678 poterit

247 1693 470 1793 homagium
488 1704 527 1772 et
546 1693 730 1792 obligatio
749 1693 903 1771 dissolvi
922 1720 970 1771 ex
989 1702 1155 1792 utraque
1173 1704 1287 1794 parte
1305 1695 1436 1773 multis
1456 1697 1590 1785 modis,
1611 1697 1716 1795 quod
1734 1705 1839 1774 tene-

247 1823 423 1890 mentum
446 1813 582 1891 datum
604 1839 677 1911 pro
700 1813 880 1911 homagio
903 1820 943 1890 et
967 1813 1121 1889 servitio
1144 1813 1356 1890 remanebit
1380 1813 1537 1912 capitali
1562 1815 1716 1891 domino
1741 1825 1839 1891 tam·

248 1957 366 2030 quam
382 1931 543 2008 eschaeta
562 1957 633 2008 sua
649 1931 690 2007 in
708 1931 909 2021 dominico,
928 1941 1014 2008 tum
1032 1940 1194 2030 propter
1212 1931 1420 2021 defectum,
1439 1941 1525 2009 tum
1544 1943 1707 2031 propter
1726 1933 1839 2009 delic-

248 2059 344 2127 tum
369 2049 555 2150 Propter*
579 2049 799 2138 defectum,⁶
822 2059 868 2126 ut
892 2050 922 2125 si
945 2058 1080 2126 tenens
1104 2058 1144 2126 et
1167 2050 1355 2127 feoffatus
1379 2050 1449 2127 sibi
1472 2061 1512 2128 et
1535 2051 1737 2128 heredibus
1762 2052 1839 2129 suis

248 2172 361 2248 certis
379 2170 441 2246 vel
458 2169 613 2246 incertis
632 2168 712 2245 sine
730 2167 931 2244 heredibus
951 2169 1152 2245 decesserit
1171 2168 1339 2258 omnino,
1359 2168 1421 2244 vel
1441 2171 1521 2246 sine
1540 2168 1692 2245 herede‘
1713 2172 1760 2246 de
1781 2194 1838 2247 ser

248 2299 287 2366 et
303 2315 379 2388 quo
395 2314 486 2365 casu
503 2286 744 2385 extinguitur
761 2287 917 2364 omnino
932 2287 1154 2384 homagium
1171 2297 1210 2364 et
1229 2287 1425 2385 obligatio,
1443 2287 1559 2387 quod⁷
1576 2297 1839 2366 tenementum

248 2408 352 2484 cadit
368 2407 409 2482 in
424 2406 667 2484 dominicum.
686 2403 957 2504 Homagium:
975 2405 1064 2504 quia
1082 2432 1160 2482 non
1178 2416 1269 2484 sunt
1286 2415 1417 2505 partes
1434 2407 1536 2483 inter
1553 2433 1648 2506 quas
1667 2407 1840 2484 contrahi

249 2525 382 2625 possit,
406 2550 495 2602 cum
517 2524 691 2602 contrahi
713 2550 793 2600 non
815 2524 938 2623 possit
959 2525 1032 2601 nisi
1056 2525 1158 2600 inter
1181 2527 1278 2601 duas
1302 2549 1503 2623 personas:
1529 2525 1725 2624 obligatio,
1750 2526 1841 2625 quia

248 2645 433 2722 deficiunt
446 2644 603 2721 heredes
619 2645 661 2720 in
675 2637 848 2742 personis
866 2668 1030 2742 quorum
1046 2641 1181 2742 possit⁹
1198 2643 1420 2740 homagium
1439 2644 1624 2721 suscitari.
1643 2644 1701 2721 Et
1718 2644 1839 2742 quali·

247 2771 308 2839 ter
319 2763 390 2838 hoc
401 2764 448 2839 fit
460 2764 501 2838 in
512 2761 688 2861 pluribus
700 2761 849 2838 casibus
862 2763 1009 2839 dicetur
1021 2761 1126 2837 infra
1139 2760 1187 2836 de
1200 2760 1367 2839 eschaetis
1381 2760 1543 2860 plenius.
1560 2756 1663 2839 Item
1677 2773 1840 2861 propter

249 2879 443 2968 delictum,
451 2888 496 2955 ut
506 2878 537 2955 si
545 2889 680 2956 tenens
690 2878 849 2955 alicuius
859 2878 1043 2955 feloniam
1052 2877 1187 2955 fecerit
1195 2878 1256 2955 vel
1266 2878 1438 2978 aliquid¹⁰
1450 2879 1556 2956 aliud
1564 2889 1728 2978 propter
1736 2880 1840 2978 quod

248 2998 386 3078 debeat
408 2999 643 3088 exheredari,
665 3009 704 3077 et
725 3025 802 3098 quo
823 3011 913 3075 casu
935 2997 1177 3097 extinguitur
1197 2999 1419 3097 homagium
1441 3008 1480 3075 et
1503 2999 1722 3076 dissolvitur
1745 2999 1838 3075 obli·

247 3119 354 3217 gatio
367 3144 415 3195 ex
427 3127 591 3218 utraque
604 3127 718 3218 parte
730 3103 878 3194 ratione
891 3116 1085 3218 praedicta,
1099 3127 1137 3194 et
1150 3117 1356 3194 revertitur
1368 3117 1658 3195 tenementum¹¹
1674 3118 1723 3194 ad
1736 3111 1839 3216 capi·

248 3236 367 3314 talem
380 3237 577 3314 dominum
591 3237 631 3312 in
646 3236 834 3313 dominico
848 3246 893 3313 ut
907 3236 1068 3313 eschaeta
1082 3263 1162 3313 sua.
1179 3237 1283 3313 Item
1299 3236 1541 3334 extinguitur
1554 3235 1776 3334 homagium
1792 3237 1839 3313 de

248 3356 332 3434 iure
349 3367 388 3434 et
406 3357 627 3434 dissolvitur
644 3356 828 3455 obligatio
846 3367 885 3434 et
902 3358 1098 3433 vinculum
1115 3357 1324 3446 fidelitatis,
1343 3368 1389 3435 ut
1408 3382 1497 3434 cum
1515 3359 1599 3457 quis
1618 3357 1841 3455 homagium

251 3474 386 3554 fecerit
410 3474 565 3552 domino
592 3502 661 3552 suo
686 3485 725 3552 et
752 3467 949 3552 servitium
975 3475 1112 3552 illum²²
1137 3475 1325 3553 malitiose
1353 3477 1644 3553 deadvocaverit
1672 3476 1839 3565 omnino,

248 3595 353 3692 quod
369 3594 463 3670 nihil
478 3595 645 3672 tenuerit
662 3597 709 3671 de
725 3621 781 3683 eo,
799 3597 849 3670 ad
865 3595 1199 3671 exheredationem
1216 3595 1360 3671 domini
1378 3595 1436 3670 sui
1453 3596 1514 3670 cui
1531 3620 1602 3693 per
1618 3594 1840 3692 homagium

249 3711 441 3810 obligatus
460 3713 590 3790 fuerat
608 3723 647 3789 et
664 3711 888 3789 fidelitatis¹⁸
907 3722 1206 3790 sacramentum:
1226 3724 1265 3790 et
1282 3739 1359 3813 quo
1376 3738 1466 3789 casu
1485 3713 1573 3790 licet
1590 3711 1840 3810 homagium²‘

250 3840 288 3907 et
307 3831 492 3930 obligatio
511 3842 642 3909 teneat
662 3858 711 3908 ex
730 3841 843 3931 parte
864 3831 1008 3908 domini
1031 3833 1061 3907 si
1081 3831 1257 3921 voluerit,
1279 3841 1509 3908 nontamen
1529 3841 1635 3908 tenet
1657 3857 1705 3908 ex
1727 3839 1840 3930 parte

248 3953 414 4029 tenentis
432 3952 548 4029 cum²⁸
566 3978 636 4053 per
655 3952 949 4050 abnegationem
967 3953 1111 4028 domini
1129 3953 1188 4029 sui
1205 3952 1428 4050 homagium
1447 3959 1486 4028 et
1504 3952 1699 4028 vinculum
1719 3953 1839 4029 fideli-

248 4073 341 4150 tatis
359 4073 550 4173 infringit.
571 4075 629 4151 Et
647 4083 874 4173 competunt
891 4073 1046 4150 domino
1066 4074 1106 4149 in
1124 4074 1195 4149 hoc
1214 4099 1305 4150 casu
1326 4075 1403 4150 duo
1422 4073 1590 4149 remedia
1609 4082 1655 4149 ut
1674 4073 1839 4162 videtur,

248 4195 310 4272 vel
326 4196 430 4294 quod
445 4205 554 4296 petat
570 4205 833 4272 tenementum
847 4196 1013 4273 tenentis
1031 4195 1101 4284 sui,
1119 4197 1223 4294 quod
1239 4196 1286 4270 de
1304 4221 1348 4271 eo
1365 4204 1496 4271 tenere
1513 4194 1645 4270 debuit
1663 4195 1703 4269 in
1720 4195 1840 4270 domi·

249 4316 346 4405 nico,
365 4316 456 4416 quia
473 4316 730 4393 deadvocatus
748 4325 806 4393 est
823 4343 895 4415 per
912 4324 1108 4393 tenentem
1125 4316 1167 4391 in
1185 4316 1291 4392 cuius
1311 4335 1476 4414 persona
1495 4315 1624 4391 deficit
1643 4315 1840 4412 obligatio,

249 4436 310 4513 vel
329 4440 434 4536 quod
450 4444 560 4536 petat
579 4438 776 4514 servitium
795 4463 840 4513 eo
858 4439 962 4535 quod
979 4446 1085 4514 tenet
1104 4437 1289 4535 obligatio
1308 4438 1348 4512 in
1365 4462 1532 4535 persona
1552 4461 1632 4525 sua,
1652 4446 1691 4513 et
1710 4436 1839 4513 remit·

249 4565 309 4634 tat
322 4559 469 4636 tenenti
483 4557 558 4634 de²⁰
572 4559 700 4657 gratia
714 4567 987 4634 tenementrun.
1002 4557 1145 4636 Refert
1159 4567 1290 4634 tamen
1304 4583 1375 4658 per
1390 4558 1493 4657 quod
1508 4557 1633 4634 breve.
1652 4557 1695 4635 Si
1711 4567 1841 4635 autem

249 4704 321 4778 per
340 4678 455 4755 breve
475 4680 523 4756 de
543 4687 648 4756 recto
668 4688 713 4757 ut
733 4680 890 4777 quidam
911 4679 1055 4767 dicunt,
1076 4679 1230 4755 videtur
1251 4680 1355 4779 quod
1375 4704 1454 4755 non
1475 4679 1609 4778 possit,
1631 4678 1736 4755 sive¹'
1758 4679 1841 4777 ipse

333 4897 440 4976 ¹quod
457 4904 543 4959 tenet
562 4896 654 4975 quod,
673 4897 742 4972 OA,
762 4897 829 4972 LA,
848 4899 923 4975 MC,
941 4898 1009 4973 00,
1028 4898 1065 4959 V.
1109 4895 1239 4974 2·’οιιι.,
1259 4898 1327 4960 OB.
1369 4895 1474 4972 ⁸Om.,
1496 4898 1572 4972 MA,
1593 4898 1668 4958 ΜΒ.
1711 4895 1841 4972 ‘'⁵Om.,

249 4999 319 5075 OB,
337 4999 414 5077 MA,
431 4999 506 5061 ΜΒ.
545 4998 745 5074 Ἰιεηᾱίιιιιιι,
762 4998 831 5074 ΟΒ,
850 4999 925 5060 MA.
964 4997 1071 5077 ⁷quia,
1089 4999 1157 5076 OA,
1177 5000 1243 5074 LA,
1262 5000 1329 5076 OC,
1348 5000 1423 5075 MC,
1442 5000 1516 5073 CM,
1534 5000 1573 5061 V.
1614 4996 1696 5076 ⁸pro
1714 4997 1841 5060 defectu

249 5101 395 5181 homagii,
417 5102 494 5177 MG,
515 5100 553 5163 V.
595 5099 736 5181 ’posset
757 5100 796 5175 V,
816 5101 886 5175 OA,
907 5101 974 5177 LA,
995 5101 1061 5162 00.
1103 5098 1226 5178 ²⁰quid,
1246 5101 1315 5176 OA,
1337 5101 1403 5174 LA,
1423 5098 1492 5174 00,
1513 5099 1587 5160 MC.
1631 5098 1749 5174 ²²Om.,
1770 5098 1841 5176 OB,

250 5201 328 5276 MB,
343 5201 410 5278 CB,
425 5202 503 5276 MG,
518 5202 557 5263 Y.
595 5199 721 5278 ²²illud,
737 5202 778 5276 V,
794 5201 871 5279 MG,
887 5203 961 5277 CM,
979 5199 1197 5277 MB,Y;ille,
1212 5201 1277 5262 OC.
1316 5199 1434 5275 ¹⁸Om.,
1450 5200 1520 5275 OB,
1537 5201 1613 5276 MA,
1631 5200 1705 5262 MB.
1744 5199 1842 5261 ²⁴hoc

249 5302 436 5382 homagium,
454 5303 523 5378 OB,
541 5303 618 5379 MA,
637 5302 712 5363 ΜΒ.
752 5301 778 5336 ²⁶
790 5307 853 5379 qui,
870 5303 940 5378 OA,
959 5303 1027 5379 LA,
1046 5303 1090 5376 V;
1109 5306 1192 5381 quia,
1212 5303 1277 5364 OC.
1318 5299 1405 5378 ²⁸ex,
1424 5302 1494 5377 OB,
1514 5301 1591 5377 MA,
1611 5303 1686 5365 ΜΒ.
1727 5301 1841 5378 ”eive

250 5403 319 5480 OA,
334 5405 403 5480 00,
416 5404 483 5481 LA,
497 5404 574 5479 MA,
589 5404 666 5479 ΜΒ,
681 5404 757 5480 Mc,
771 5403 811 5479 Y,
827 5403 900 5478 CE3
914 5406 986 5479 ulai,
999 5404 1069 5480 OB,
1084 5404 1162 5480 MG,
1178 5403 1223 5477 V;
1238 5407 1302 5466 aive
1317 5403 1395 5465 alias
1410 5407 1482 5479 nisi,
1498 5404 1571 5466 CM.
