4432 6336
618 482 679 541 DE
701 481 1004 554 ADQUIBENDO
1027 481 1184 543 RERUM
1208 480 1410 544 DOMINIO
1761 491 1809 559 89

220 632 329 709 suo.⁸⁹
353 632 523 731 Oportet
546 632 667 730 igitur
690 640 781 709 ante
804 632 932 709 omnia
956 634 1003 709 de
1027 642 1132 709 statu
1156 643 1446 732 cognoscereet
1470 657 1610 732 corpus
1635 633 1809 711 disratio-

153 827 154 832 ,
219 777 324 842 nare,
344 751 418 826 ut⁴⁰
437 759 531 828 tunc
550 751 690 827 habeat
710 751 886 828 dominus
906 750 1093 850 quidquid
1115 751 1288 850 sequitur
1308 777 1460 851 corpus,
1483 752 1658 829 videlicet
1679 779 1809 851 seque·

219 870 316 960 lam„
336 871 433 948 sicut
459 894 601 969 pueros
625 877 665 946 et
689 869 830 946 catalla
855 880 893 948 et
919 880 1150 959 tenementis,
1177 872 1281 970 quod
1306 872 1461 970 quidem
1487 872 1596 971 prius
1622 873 1705 948 fieri
1732 897 1811 948 non

220 998 360 1088 potest.
383 990 502 1079 Quod
523 990 555 1065 si
574 990 659 1065 fieri
678 988 847 1087 posset,⁴²
870 1015 990 1088 quare
1009 990 1291 1066 deducerentur
1312 988 1452 1066 catalla
1473 991 1514 1066 in
1535 991 1718 1088 iudicium
1741 1018 1812 1091 per

220 1109 333 1185 breve
350 1109 398 1184 de
414 1107 566 1196 nativis,
584 1109 616 1184 si
632 1109 680 1185 de
696 1117 802 1184 statu
818 1118 971 1206 agatur,
989 1134 1077 1184 cum
1094 1109 1197 1186 dicat
1214 1109 1328 1185 breve
1346 1109 1450 1207 quod
1467 1109 1673 1186 vicecomes
1692 1110 1812 1186 faciat

219 1226 359 1304 habere
377 1227 449 1303 tali
468 1226 586 1303 talem
606 1227 781 1304 nativum
802 1235 841 1302 et
861 1227 1072 1325 fugitivum
1093 1254 1206 1304 suum
1227 1253 1315 1304 cum
1337 1228 1490 1326 sequela
1511 1255 1581 1304 sua
1600 1238 1641 1306 et
1662 1229 1810 1306 catallis

221 1346 319 1423 suis?
333 1347 393 1423 Et
408 1347 440 1423 si
457 1354 664 1444 antequam
679 1371 820 1444 corpus
836 1345 1106 1424 disrationaret
1123 1348 1204 1422 sine
1220 1347 1358 1423 iudicio
1376 1347 1446 1423 sibi
1462 1357 1670 1446 usurparet
1687 1358 1811 1425 terras

221 1473 259 1542 et
273 1464 425 1553 catalla,
440 1465 474 1541 ei
488 1466 637 1564 petenti
651 1490 804 1542 servum
818 1464 958 1542 suum⁴²
973 1491 1044 1565 per
1059 1465 1173 1543 breve
1187 1466 1229 1542 in
1243 1490 1358 1544 causa
1373 1475 1497 1543 status
1512 1467 1665 1544 obstare
1680 1477 1811 1567 posset

221 1584 250 1660 f.
265 1585 334 1677 26]
389 1583 566 1682 exceptio
595 1583 844 1682 spoliationis,
874 1585 930 1661 ita
957 1584 1061 1683 quod
1088 1593 1224 1683 petens
1251 1610 1463 1684 numquam
1492 1585 1692 1662 audiretur
1721 1596 1811 1664 ante

220 1702 376 1802 plenam
395 1702 677 1780 restitutionem
697 1703 925 1780 catellorum
946 1713 985 1780 et
1003 1711 1322 1781 tenementorum.
1345 1705 1403 1781 Et
1425 1705 1528 1803 quod
1548 1713 1811 1782 tenementum

220 1821 406 1898 contineri
429 1821 552 1922 possit
576 1822 646 1898 sub
669 1823 922 1921 generalitate
945 1822 1173 1900 catellorum
1196 1832 1387 1922 quantum
1410 1825 1460 1901 ad
1485 1824 1683 1900 dominum
1707 1825 1810 1901 vide-

220 1950 298 2031 tur,
317 1941 420 2041 quia¹
438 1967 487 2018 ex
505 1940 652 2018 catallis
672 1967 869 2018 servorum
887 1967 971 2042 quae
989 1941 1232 2019 dominorum
1252 1969 1332 2020 esse
1352 1940 1549 2020 deberent'
1568 1951 1701 2041 empta
1720 1952 1811 2021 sunt

219 2069 451 2139 tenemento.
476 2061 579 2145 Cum
602 2059 722 2158 igitur
746 2060 908 2138 dominis
934 2086 1012 2137 non
1037 2069 1232 2161 competat
1256 2062 1432 2160 exceptio
1457 2061 1653 2159 villenagii
1676 2072 1812 2139 contra

221 2179 369 2278 eosqui
390 2189 480 2257 sunt
501 2190 613 2257 extra
631 2189 864 2278 potestatem
884 2179 929 2258 si⁸
949 2180 1167 2279 replicetur,
1188 2180 1312 2257 multo
1334 2181 1474 2258 fortius
1494 2207 1564 2257 nec
1585 2181 1638 2258 eis
1659 2206 1810 2281 compe·

221 2299 269 2376 tit
290 2299 357 2398 qui
376 2299 471 2376 nihil
490 2299 583 2376 iuris
603 2298 746 2376 habent
766 2299 806 2376 in
828 2301 945 2376 servis
966 2324 1089 2398 neque
1110 2298 1164 2375 in*
1185 2299 1344 2376 catallis.
1368 2301 1427 2375 Et
1449 2300 1547 2377 sicut
1567 2325 1646 2377 nou
1667 2302 1811 2400 poterit

222 2418 306 2517 quis
333 2443 485 2494 servum
512 2417 637 2495 suum⁵
666 2417 877 2516 fugitivum
903 2420 997 2496 dum
1024 2418 1143 2495 fuerit
1170 2416 1289 2495 statu⁰
1316 2418 1450 2495 libero⁷
1478 2419 1676 2508 disseisire,
1704 2418 1811 2519 quin⁸

221 2548 422 2636 recuperet
448 2563 521 2636 per
545 2538 714 2626 assisam,
742 2547 950 2636 antequam
975 2562 1116 2636 corpus
1141 2537 1282 2615 habeat
1309 2538 1380 2615 sub
1408 2564 1478 2615 sua
1504 2548 1697 2639 potestate
1723 2563 1812 2616 cum

222 2665 381 2755 petatur
395 2657 436 2733 in
451 2656 686 2747 servitutem,
703 2657 760 2733 ita
775 2682 845 2733 nec
860 2666 1023 2755 possunt
1039 2657 1148 2734 liberi
1165 2658 1236 2734 sub
1253 2664 1446 2756 potestate
1463 2657 1707 2735 dominorum
1723 2683 1811 2734 con·

222 2775 350 2853 stituti
363 2785 409 2853 ut
425 2775 535 2865 servi,
551 2778 617 2874 qui
633 2776 707 2853 dici
723 2786 907 2876 potenmt
925 2786 1031 2853 statu
1047 2775 1158 2866 servi,
1175 2775 1333 2853 assisam
1349 2785 1506 2875 portare
1524 2777 1555 2853 si
1572 2776 1719 2854 fuerint
1737 2776 1810 2852 dis·

222 2894 350 2983 seisiti‚
370 2919 440 2970 nee
461 2894 702 2994 recuperare⁹
722 2904 930 2994 antequam
951 2920 990 2972 se
1010 2895 1210 2971 docuerint
1231 2921 1312 2972 esse
1331 2895 1470 2972 liberos
1492 2895 1523 2972 si
1544 2893 1811 2994 proclament²⁰

221 3012 262 3087 in
278 3012 507 3091 libertatem.
525 3013 643 3090 Infra
659 3013 748 3113 plus
764 3014 840 3091 de²²
855 3013 926 3090 hac
942 3012 1132 3090 materia²²
1149 3015 1197 3090 de
1215 3013 1333 3090 assisa
1348 3039 1457 3090 novae
1474 3012 1688 3091 disseisinae.
1708 3014 1812 3091 Item

222 3144 484 3212 tenementum
502 3159 581 3210 non
598 3141 726 3209 mutat
744 3140 889 3209 statum
906 3133 1015 3209 liberi
1033 3158 1112 3209 non
1130 3132 1253 3230 magis
1272 3159 1389 3232 quam
1408 3133 1517 3209 servi.
1538 3132 1691 3210 Poterit
1711 3134 1812 3210 enim

222 3252 318 3330 liber
341 3253 455 3330 homo
479 3261 610 3329 tenere
634 3278 774 3352 puram
798 3251 1047 3349 villenagium
1073 3252 1250 3328 faciendo
1275 3252 1462 3350 quidquid
1488 3252 1538 3328 ad
1563 3252 1812 3350 villenagium

223 3372 442 3470 pertinebit,
458 3381 497 3449 ct
512 3370 756 3448 nihilominus
772 3370 867 3447 liber
883 3373 956 3447 erit
973 3395 1060 3447 oum
1076 3371 1147 3446 hoc
1164 3371 1284 3448 faciat
1300 3371 1450 3446 ratione
1465 3371 1660 3469 villenagii
1677 3381 1717 3448 et
1733 3395 1813 3446 non

222 3492 371 3569 ratione
389 3515 562 3591 personoe
580 3515 673 3568 suae:
693 3500 732 3568 et
749 3491 835 3568 ideo
853 3490 997 3589 poterit
1016 3491 1171 3588 quando
1188 3488 1354 3566 voluerit
1371 3490 1620 3588 villenagium
1639 3491 1814 3567 deserere

224 3620 263 3687 ct
273 3610 371 3686 liber
381 3609 597 3697 recedere,²⁸
610 3610 683 3686 nisi
695 3610 924 3708 illaqueatus
939 3608 1016 3686 sit¹⁴
1029 3634 1100 3708 per
1112 3634 1273 3685 uxorem
1286 3609 1459 3685 nativam
1472 3608 1522 3684 ad
1538 3635 1653 3709 quam
1668 3609 1813 3706 ingres·

223 3753 289 3804 sus
308 3728 386 3804 fuit
403 3728 445 3804 in
462 3726 712 3825 villenagium
731 3735 771 3804 et
790 3753 874 3826 quae
893 3736 1077 3825 prestare
1097 3727 1240 3826 poterit
1261 3727 1590 3826 impedimentum.
1613 3728 1691 3804 Est
1713 3727 1814 3803 enim

223 3873 367 3948 purum
379 3847 629 3947 villenagium
643 3873 667 3923 a
679 3873 756 3946 quo
771 3855 978 3946 prestatur
993 3847 1191 3923 servitium
1205 3847 1393 3922 incertum
1408 3856 1446 3923 et
1462 3846 1813 3934 indeterminatum,

224 3967 289 4042 ubi
309 3965 395 4042 sciri
414 3991 493 4043 non
512 3966 657 4066 poterit
675 3990 834 4065 vespere
853 3964 965 4064 quale
985 3964 1183 4041 servitium
1203 3965 1286 4040 fieri
1307 3962 1444 4042 debeat
1464 3989 1588 4054 mane,
1610 3965 1813 4043 videlicct²⁶

223 4083 317 4160 ubi¹⁶
337 4084 421 4183 quis
442 4086 570 4161 lacere
589 4092 743 4162 tenetur
762 4083 948 4183 quidquid
968 4084 1002 4160 ei
1022 4092 1259 4181 preceptum
1280 4081 1439 4159 luerit.²'
1463 4084 1566 4159 Item
1588 4108 1666 4159 non
1686 4093 1813 4160 mutat

224 4215 370 4283 statum
392 4204 500 4282 liberi
523 4204 709 4282 villanum
732 4204 927 4301 socagn'um
949 4227 1028 4279 non
1050 4202 1174 4300 magis
1197 4228 1314 4301 quam
1338 4201 1510 4278 liberum.
1538 4201 1617 4278 Sed
1640 4202 1813 4300 quamvis

225 4323 273 4400 de
289 4324 433 4401 villano
451 4323 604 4421 socagio
623 4319 770 4399 faciat²⁸
787 4329 935 4399 certum
954 4319 1162 4410 servitium,
1182 4329 1345 4420 propter
1362 4321 1434 4396 hoc
1452 4346 1531 4396 non
1548 4320 1702 4398 habebit
1722 4320 1813 4398 libe-

225 4500 252 4536 ⁸⁹
263 4522 319 4564 suo
333 4501 442 4575 libero,
456 4502 501 4575 V;
517 4521 583 4575 suo,
597 4501 666 4576 OA,
680 4500 748 4577 LA,
762 4501 829 4576 ΟΕ,
844 4499 922 4574 MG,
938 4500 1017 4572 MC;
1033 4497 1142 4573 libero,
1158 4499 1227 4572 OB,
1242 4499 1318 4574 MA,
1334 4499 1410 4571 MB,
1425 4498 1466 4572 Y,
1483 4499 1550 4572 OC,
1567 4499 1640 4558 CM.
1678 4496 1704 4530 ⁴⁰
1715 4505 1758 4571 et,
1774 4499 1815 4574 V,

225 4601 305 4675 CM3
321 4622 391 4677 om,
407 4601 484 4662 MG.
520 4600 546 4636 ⁴¹
559 4605 668 4680 possit,
684 4601 754 4675 OB,
768 4602 807 4662 V.
844 4598 872 4633 ⁴²
883 4604 1027 4678 primum,
1043 4601 1125 4674 MB;
1142 4603 1242 4677 pueri,
1259 4600 1329 4675 OA,
1344 4600 1411 4675 ΟΕ,
1432 4599 1467 4677 (*
1480 4600 1583 4678 MA);
1600 4621 1669 4673 om,
1688 4600 1756 4675 OB,
1774 4600 1813 4661 Y.

308 4699 608 4780 ²quod,MO,CM.
644 4699 792 4776 ²debent,
807 4701 847 4775 V,
863 4703 932 4777 OB,
949 4702 1025 4776 MA,
1042 4703 1119 4778 MB,
1135 4702 1176 4775 Υ,
1192 4700 1270 4776 MG,
1288 4702 1361 4764 CM.
1398 4699 1469 4763 ⁸ita
1485 4702 1567 4780 quod
1584 4721 1657 4776 non,
1674 4702 1750 4778 MA,
1767 4703 1813 4774 Y;

224 4823 298 4878 non,
312 4804 382 4880 OA,
395 4803 463 4877 OC,
479 4804 552 4865 MC.
588 4801 693 4879 ⁴Om.,
708 4803 778 4878 OA,
792 4803 859 4879 LA,
873 4803 941 4879 OC,
957 4804 1032 4878 MC,
1047 4803 1125 4878 MG,
1142 4803 1215 4864 CM.
1252 4800 1357 4877 ⁶Om,
1374 4804 1443 4876 OB,
1459 4803 1535 4877 MA,
1551 4804 1628 4879 MB,
1644 4802 1722 4877 MG,
1739 4803 1813 4864 CM.

225 4902 282 4965 ‘in
299 4911 394 4981 statu,
411 4904 451 4979 V,
469 4906 549 4978 CM3
567 4904 606 4965 de
623 4912 718 4979 statu,
737 4905 812 4965 MB.
831 4901 869 4938 ⁶⁸⁷
881 4911 965 4965 statu
983 4903 1091 4977 libero,
1110 4903 1149 4977 V,
1168 4905 1244 4978 MB,
1261 4906 1302 4980 Y,
1320 4905 1395 4978 CM,
1415 4905 1498 4976 MG;
1518 4910 1603 4964 statu
1619 4903 1721 4977 liberi,
1740 4903 1813 4975 003

225 5012 310 5067 statu
325 5005 415 5081 liber,
431 5005 510 5079 0133-
520 5013 605 5068 statu
619 5005 685 5081 lib.,
700 5004 769 5082 OA,
785 5006 852 5081 LA,
868 5005 937 5081 OB,
953 5005 1030 5080 MA,
1045 5005 1119 5066 MC.
1157 5003 1258 5082 'quaa
1274 5005 1343 5078 OA,
1361 5004 1432 5077 0133
1449 5025 1516 5083 quar
1531 5008 1616 5083 quin,
1634 5005 1713 5077 Me,
1731 5007 1815 5080 quia,

227 5106 263 5169 V.
303 5105 443 5168 ‘'hebent
459 5127 653 5187 recuperare,
670 5107 710 5181 V,
729 5107 806 5184 MG,
824 5107 898 5167 CM.
937 5105 965 5140 ²⁰
976 5106 1181 5184 proclamant,
1200 5107 1268 5181 OB,
1288 5105 1364 5181 MA,
1384 5107 1460 5182 MB,
1480 5107 1519 5168 Y.
1559 5103 1626 5140 ²²²²²
1638 5105 1718 5179 Om,
1738 5105 1813 5166 MA.

226 5207 345 5286 ²¹Om.,
368 5208 438 5284 OB,
461 5210 536 5270 MB.
580 5206 608 5243 ²⁸
618 5208 770 5283 deserere,
794 5208 868 5281 0133
893 5207 1062 5282 discedere,
1084 5209 1125 5283 V,
1149 5207 1226 5283 MA,
1250 5209 1324 5269 MB.
1371 5204 1517 5283 ²‘fuerit
1541 5207 1611 5282 OB,
1637 5207 1712 5283 MA,
1737 5207 1813 5268 MB.

225 5307 344 5387 ιὈιιι,
362 5310 432 5386 OB,
450 5311 526 5384 MA,
545 5310 620 5371 MB.
660 5308 770 5384 ²⁸nisi,
788 5309 857 5384 OB,
876 5311 951 5371 MB.
993 5307 1088 5383 1⁷est,
1107 5309 1176 5383 OB,
1196 5310 1272 5385 MA,
1291 5310 1373 5383 MB;
1393 5309 1465 5383 fuit,
1484 5309 1523 5369 V.
1564 5305 1667 5381 ¹⁸fiat,
1686 5309 1726 5384 V,
1745 5306 1815 5382 OB,

226 5412 302 5487 MA,
316 5411 391 5474 MB.
