4392 6352
368 515 442 590 278
900 509 1122 570 BRACTON:
1145 509 1206 570 DE
1230 509 1422 572 LEGIBUS

368 669 449 737 tate
467 661 623 737 tertiam
640 661 779 738 babere
799 661 936 738 debeat
955 661 1300 761 praesentationem.
1325 661 1403 738 Sed
1422 661 1545 737 refert
1564 661 1615 736 ad
1633 660 1705 736 hoc
1724 661 1889 760 qualiter
1909 662 1959 738 sit

368 779 504 855 dotata
516 789 555 856 et
568 778 636 855 dos
649 780 699 854 ab
710 779 819 855 initio
831 779 1051 856 constituta.
1068 780 1110 856 Si
1124 789 1254 857 autem
1267 781 1314 856 de
1326 778 1444 857 tertia
1455 788 1568 879 parte
1581 789 1621 856 et
1634 803 1712 856 non
1726 780 1776 857 sit
1789 780 1861 856 nisi
1875 781 1958 855 uni·

369 896 398 972 f.
413 897 482 990 ot]
538 922 625 972 cum
646 897 862 975 manerium
883 906 922 974 et
944 923 1022 974 una
1044 897 1256 986 advocatio,
1278 899 1339 975 vel
1361 899 1392 974 si
1415 898 1466 973 ibi
1490 897 1567 975 sint
1589 898 1704 997 plura
1726 898 1897 975 maneria
1920 908 1959 975 et

367 1018 499 1116 plures
514 1016 793 1104 advocationes,
807 1016 900 1092 nihil
913 1025 1046 1116 petere
1059 1017 1203 1116 poterit
1216 1039 1315 1092 uxor
1330 1016 1377 1092 de
1392 1015 1705 1093 advocationibus
1719 1017 1867 1093 ratione
1883 1041 1960 1093 suae

368 1136 491 1212 tertiae
504 1136 639 1234 partis,
652 1136 724 1212 nisi
739 1136 779 1211 in
791 1135 878 1235 ipsa
891 1135 991 1211 dotis
1005 1136 1277 1212 constitutione
1291 1135 1353 1211 vel
1366 1134 1625 1234 assignatione
1641 1135 1857 1232 specialiter
1870 1159 1958 1211 con·

367 1254 515 1330 venerit
529 1254 632 1352 quod
645 1253 790 1352 aliquid
804 1254 892 1330 inde
905 1254 1044 1330 habere
1059 1254 1207 1342 debeat,
1222 1263 1261 1330 et
1275 1264 1333 1330 est
1347 1254 1457 1331 ratio.
1473 1253 1574 1331 Esto
1589 1255 1693 1352 quod
1707 1253 1805 1353 quis²
1819 1253 1959 1330 habeat

368 1373 582 1449 manerium
607 1372 776 1472 aliqu0d²
802 1372 1010 1470 integrum⁸
1037 1398 1124 1448 cum
1149 1372 1398 1449 advocatione
1425 1371 1599 1461 ecclesiae,
1626 1383 1665 1450 et
1691 1373 1779 1449 inde
1806 1381 1959 1471 partem

369 1491 517 1567 dederit
535 1491 690 1568 tertiam
707 1492 768 1567 vel
787 1490 983 1568 dimidiam
1001 1492 1062 1567 vel
1079 1491 1275 1568 minimam
1295 1491 1374 1580 uni,
1393 1501 1432 1568 et
1451 1500 1587 1590 postea
1606 1490 1669 1567 alii
1689 1491 1851 1568 alteram
1869 1516 1958 1589 par·

368 1621 458 1699 tem,
479 1620 518 1687 et
537 1611 591 1686 sic
609 1609 816 1687 successive
836 1610 1011 1709 pluribus
1031 1635 1152 1708 usque
1172 1611 1222 1685 ad
1243 1636 1361 1686 unam
1382 1635 1522 1699 acram,
1543 1609 1605 1686 vel
1625 1610 1741 1686 etiam
1761 1611 1959 1686 minimam

369 1738 534 1828 partem,
564 1729 658 1804 dum
685 1738 817 1805 tamen
845 1728 989 1827 aliquid
1018 1728 1230 1817 retinuerit,
1260 1728 1349 1805 licet
1378 1728 1556 1828 qualibet
1586 1753 1677 1826 pars
1707 1754 1851 1827 magna
1880 1728 1959 1806 sive

367 1850 526 1926 minima
544 1849 637 1925 data
654 1849 704 1925 sit
721 1873 809 1924 cum
826 1847 1053 1923 omnimodis
1073 1846 1315 1945 pertinentiis
1334 1846 1423 1935 suis,
1443 1847 1610 1924 donator
1627 1873 1778 1947 semper
1798 1848 1958 1924 advoca·

368 1967 471 2044 tione
494 1967 644 2065 integre
667 1966 846 2043 retinebit
869 1965 941 2041 nisi
965 1965 1181 2064 specialiter
1204 1991 1292 2042 cum
1317 1965 1445 2064 aliqua
1469 1965 1660 2065 particula
1684 1967 1957 2044 transferatur.

368 2086 427 2161 Et
441 2086 519 2162 sive
534 2085 690 2161 donatio
706 2086 813 2161 facta
827 2085 947 2162 fuerit
963 2085 1075 2161 simul
1091 2093 1131 2161 et
1147 2085 1262 2161 semel
1278 2094 1318 2162 et
1332 2109 1413 2161 una
1427 2083 1515 2172 die:
1531 2086 1598 2161 uni
1614 2085 1674 2161 vel
1690 2085 1866 2184 pluribus
1883 2083 1958 2161 vel⁸

368 2205 586 2282 successive.
603 2205 662 2280 Et
675 2204 778 2280 unde
792 2228 880 2279 cum
895 2202 1010 2279 tertia
1025 2229 1117 2302 pars
1132 2203 1272 2302 ubique
1288 2204 1499 2281 constituta
1514 2203 1564 2280 sit
1579 2214 1618 2281 et
1635 2204 1832 2301 assignata
1846 2204 1959 2280 uxori

367 2323 520 2400 nomine
539 2323 651 2411 dotis,
670 2321 777 2398 nulla
794 2323 901 2399 facta
918 2322 1111 2398 mentione
1129 2321 1177 2398 de
1196 2321 1457 2411 advocatione,
1477 2321 1570 2397 nihil
1589 2321 1795 2399 transferri
1814 2321 1958 2420 poterit

368 2442 416 2517 de
436 2440 684 2517 advocatione
703 2465 792 2515 cum
811 2439 926 2518 tertia
947 2449 1059 2539 parte
1080 2440 1276 2537 assignata
1297 2465 1369 2538 pro
1390 2441 1491 2516 dote.
1513 2440 1572 2517 Et
1591 2441 1693 2517 unde
1715 2465 1793 2516 non
1814 2441 1958 2538 poterit

367 2585 467 2637 uxor
491 2559 636 2659 aliquid
661 2568 793 2658 petere
818 2559 866 2635 de
890 2558 1139 2635 advocatione
1165 2583 1213 2634 ex
1238 2559 1307 2635 toli
1334 2559 1434 2634 dotis
1460 2559 1744 2648 constitutione,
1770 2559 1843 2635 nisi
1869 2559 1958 2635 inde

367 2679 479 2756 aliter
493 2678 708 2778 specialiter
721 2677 941 2754 convenerit
955 2677 995 2752 in
1009 2677 1093 2776 ipsa
1107 2676 1380 2753 constitutione
1395 2678 1455 2753 vel
1470 2676 1740 2774 assignatione,
1756 2678 1860 2776 quod
1873 2686 1959 2754 tota

368 2799 567 2875 advocatio
584 2798 845 2874 transferatur
862 2821 949 2872 cum
965 2805 1078 2895 parte
1096 2795 1302 2893 assignata.
1323 2795 1366 2872 Si
1384 2804 1514 2871 autem
1532 2797 1668 2871 dotata
1686 2796 1806 2872 fuerit
1823 2795 1872 2872 de
1890 2795 1957 2872 ali·

368 2941 444 3015 quo
465 2915 636 2993 manerio
657 2913 820 3012 integre⁸
843 2915 893 2989 ad
916 2914 1019 3012 quod
1042 2913 1271 3013 pertinuerit
1294 2913 1506 3002 advocatio,
1530 2939 1617 2989 cum
1639 2914 1815 2990 omnibus
1839 2915 1957 3013 perti·

367 3035 507 3111 nentiis
530 3033 607 3110 suis
631 3033 711 3110 sine
733 3033 862 3132 aliqua
885 3032 1098 3109 retentione
1121 3031 1194 3108 vel'
1219 3032 1456 3131 exceptione,
1481 3032 1680 3108 advocatio
1704 3033 1845 3108 transit
1870 3058 1958 3109 cum

366 3155 616 3230 universitate
641 3161 680 3228 et
704 3151 790 3250 ipsa
814 3177 867 3240 re,
893 3175 981 3227 cum
1007 3149 1222 3248 specialiter
1246 3159 1400 3226 retenta
1423 3175 1502 3224 non
1527 3151 1577 3227 sit
1602 3175 1673 3227 nec
1697 3160 1870 3249 excepta.
1899 3152 1957 3227 Et

367 3271 501 3348 eodem
517 3271 633 3347 modo
649 3255 720 3347 liat
737 3270 768 3346 si
786 3294 858 3368 pro
875 3268 992 3345 tertia
1008 3277 1121 3367 parte
1139 3267 1259 3344 fuerit
1276 3268 1310 3344 ei
1328 3268 1483 3368 aliquod
1500 3270 1714 3345 manerium
1732 3295 1821 3346 cum
1839 3270 1956 3369 perti·

366 3389 506 3468 nentiis
521 3389 772 3488 assignatum.
789 3389 894 3464 Item
908 3396 990 3462 esto
1005 3387 1109 3485 quod
1125 3387 1280 3484 quisita
1296 3387 1399 3463 dicat
1415 3388 1455 3462 in
1470 3387 1676 3465 donatione
1693 3413 1773 3477 sua,
1789 3389 1857 3466 Do
1875 3387 1957 3465 tola*

367 3508 580 3586 monedula
595 3506 672 3584 tale
686 3531 772 3582 cara
786 3505 962 3583 omnibus
975 3505 1218 3604 pertinentiis
1232 3505 1323 3592 aaa,
1337 3505 1491 3582 videtur
1505 3531 1576 3604 per
1588 3505 1673 3580 boc⁹
1688 3507 1816 3584 omnia
1830 3517 1957 3585 trans·

367 3631 470 3707 ferre
486 3626 536 3704 ad
552 3625 809 3713 donatarium,
825 3633 864 3701 et
880 3622 1169 3701 advocationem
1186 3625 1217 3699 si
1232 3623 1284 3699 ibi
1301 3624 1432 3701 fuerit.
1452 3624 1494 3700 Si
1512 3625 1614 3702 dicat
1630 3635 1777 3725 postea,
1795 3634 1958 3725 eccepto

368 3756 479 3824 tanta
492 3755 598 3824 terra
611 3745 663 3821 od
676 3768 776 3843 opas
790 3766 930 3831 meum,
945 3767 1033 3818 cum
1048 3741 1169 3840 igitur
1183 3743 1231 3818 ab
1246 3741 1355 3818 initio
1370 3751 1497 3820 totum
1512 3743 1754 3820 transferat¹⁰
1770 3755 1809 3822 et
1826 3746 1875 3821 ab
1892 3745 1957 3820 illo

366 3875 450 3944 toto
469 3863 614 3943 certain
633 3872 786 3963 partem
804 3872 915 3940 extra
935 3862 1075 3961 capiat,
1101 3863 1322 3960 [videtur²²]
1347 3865 1451 3962 quod
1470 3863 1671 3941 advocatio
1691 3890 1769 3941 non
1790 3875 1956 3942 reverta·

366 3998 433 4065 tur
456 3986 506 4064 ad
529 3987 657 4086 ipsum
680 4010 768 4062 cum
792 3994 904 4084 parte
927 3993 1106 4083 excepta:
1133 3985 1200 4060 sed
1223 4010 1358 4061 verum
1382 3994 1440 4061 est
1465 3987 1568 4083 quod
1594 3984 1730 4064 debeat
1756 3987 1957 4062 donatario

366 4133 574 4185 remanere.
591 4107 634 4182 Si
647 4115 778 4183 autem
791 4104 843 4182 sic
856 4104 971 4193 dicat,
984 4106 1052 4182 Do
1067 4104 1137 4182 tat·
1150 4103 1227 4182 tole
1242 4106 1455 4182 maneriam
1471 4130 1558 4181 cam
1572 4106 1748 4183 omnibus
1761 4108 1956 4206 pertinen,-

367 4228 430 4306 ta‘ia
446 4229 536 4316 auia,
552 4227 662 4303 nulla
677 4228 784 4303 facta
800 4226 993 4303 mentione
1010 4224 1059 4302 de
1076 4224 1336 4314 advocatione,
1355 4237 1393 4303 et
1411 4236 1546 4325 postea
1564 4227 1677 4316 dicat,
1698 4236 1849 4305 retenta
1866 4211 1958 4306 mibi

367 4357 479 4426 tanta
493 4358 609 4436 terro,
622 4347 696 4436 vel,
711 4354 854 4446 praeter
868 4355 1018 4423 tantam
1034 4357 1177 4423 terram
1192 4371 1309 4445 quam
1324 4347 1510 4436 retiae0,²²
1527 4348 1726 4424 advocatio
1742 4358 1957 4448 camparte

366 4477 518 4546 retenta
533 4468 744 4545 remanebit
760 4468 949 4543 donatori.
966 4467 1024 4542 Et
1039 4467 1135 4543 illud
1150 4466 1251 4543 idem
1265 4467 1350 4557 erit,
1366 4467 1474 4545 solua
1488 4467 1580 4546 nati
1595 4479 1706 4545 tanto
1722 4480 1836 4547 terra.
1856 4471 1958 4547 Cum

367 4598 498 4666 autem
516 4590 568 4664 sic
587 4589 722 4665 dotata
740 4588 860 4665 fuerit
878 4598 924 4665 ut
943 4587 1169 4688 praedictum
1188 4598 1247 4665 est
1267 4589 1314 4666 de
1334 4589 1449 4665 tertia
1468 4598 1581 4689 parte
1599 4614 1688 4666 curn
1708 4591 1958 4667 advocatione

367 4707 595 4785 nominatim
611 4717 651 4784 et
667 4733 858 4807 expresse,
875 4708 936 4784 vel
953 4706 1068 4784 cum²⁸
1086 4709 1133 4785 de
1150 4708 1322 4785 manerio
1340 4709 1520 4808 integr0¹⁴
1538 4736 1717 4810 expresse
1735 4737 1823 4788 cum
1841 4711 1957 4788 advo·

449 4926 596 5006 ²aliquis,
611 4926 688 5001 MG,
702 4927 743 5002 Y,
757 4927 830 4988 ΟΜ.
866 4923 971 5002 'Om.,
986 4927 1063 5002 MG,
1078 4927 1117 5001 Y,
1132 4929 1205 4988 CM.
1242 4927 1399 5008 ³integre,
1413 4930 1482 5004 OA,
1497 4931 1564 5005 LA,
1578 4931 1644 5004 ΟΟ,
1660 4932 1727 5008 ΟΕ,
1743 4931 1816 4993 ΜΟ.
1853 4929 1958 5007 ⁴Om.,

368 5031 436 5106 OB,
458 5031 533 5104 MA,
553 5030 628 5091 ΜΒ.
670 5027 775 5105 ⁸Om.,
794 5029 835 5104 V,
855 5028 923 5104 ΟΕ,
943 5029 1019 5090 MG.
1062 5026 1219 5108 ‘integra
1241 5030 1323 5104 MA;
1343 5035 1468 5109 integr,
1490 5033 1558 5106 OB,
1580 5033 1655 5094 ΜΒ.
1697 5031 1797 5108 'siva
1818 5034 1896 5108 MG,
1917 5035 1957 5110 Y,

367 5133 441 5193 ΟΜ.
487 5130 579 5207 ⁸tibi,
603 5131 670 5206 LA,
695 5131 772 5206 MA,
797 5130 873 5193 MG.
920 5128 1018 5204 ⁹hoec,
1041 5131 1120 5206 MG,
1144 5133 1184 5207 Y,
1208 5133 1246 5194 V.
1293 5129 1551 5210 ²⁰transicratur,
1576 5135 1645 5210 OB,
1672 5136 1748 5210 MB,
1773 5136 1851 5212 MG,
1877 5136 1957 5208 CM;

367 5232 610 5309 transferantur,
632 5232 707 5293 MA.
751 5231 871 5309 ²²Om.,
892 5229 961 5308 OA,
983 5233 1051 5310 LA,
1072 5232 1141 5310 OB,
1164 5234 1240 5309 MA,
1263 5235 1339 5310 ΜΒ,
1362 5234 1437 5308 ΜΟ,
1460 5234 1538 5310 MG,
1561 5237 1635 5312 ΟΜ,
1659 5237 1698 5313 Υ,
1721 5237 1793 5308 ΟΕ,
1817 5235 1868 5312 ad,
1891 5237 1956 5299 OC.

368 5333 394 5370 ²²
407 5339 528 5410 retinet,
551 5335 628 5408 MG,
650 5334 723 5396 ΟΜ.
766 5332 886 5410 18Οιιι,
907 5334 974 5409 CB,
997 5335 1073 5408 MA,
1095 5335 1171 5410 ΜΒ,
1193 5336 1234 5412 Υ,
1255 5335 1340 5409 MG;
1366 5335 1484 5413 (-vel
1506 5357 1574 5397 cum
1596 5382 1603 5398 .
1628 5382 1635 5398 .
1659 5382 1666 5398 .
1688 5357 1845 5416 expresse,
1868 5338 1957 5417 OB).

367 5433 393 5469 ¹⁴
405 5440 536 5513 integre,
555 5434 632 5510 MG,
650 5434 722 5495 ΟΜ.
