4392 6352
773 537 834 598 DE
858 538 1061 600 PLACITIS
1085 537 1274 600 CORONAE
1748 547 1820 616 841

232 693 341 762 motu
353 685 485 763 dolore
498 687 627 776 animi,
640 713 680 764 se
693 696 732 764 et
745 714 816 764 sua
827 687 1054 764 liberando⁴⁹
1067 714 1155 766 cum
1168 688 1280 766 aliter
1293 690 1454 766 evadere
1467 715 1546 766 non
1560 699 1702 789 posset,
1716 690 1822 767 n0n⁸⁰

231 812 387 880 tenetur
400 805 450 881 ad
463 828 620 903 poenam
632 804 833 882 homicidii.
850 809 966 896 Casu,
983 807 1080 884 sicut
1095 833 1166 907 per
1181 809 1450 897 infortunium,
1465 834 1553 885 cum
1569 809 1704 907 aliquis
1720 810 1823 908 proi-

232 923 285 1000 cit
302 923 498 1023 lapidem⁵1
518 926 568 1000 ad
586 950 696 1002 avem
714 926 775 1002 vel
794 925 963 1002 animal⁶²
984 937 1023 1003 et
1043 927 1139 1002 alius
1159 927 1349 1004 transiens
1369 953 1418 1003 ex
1438 929 1635 1026 insperato
1655 929 1822 1027 percuti·

230 1041 324 1118 tur⁶³
342 1052 381 1119 et
398 1042 573 1132 moritur,
591 1043 652 1121 vel
670 1044 701 1120 si
719 1044 803 1142 quis
822 1044 998 1121 arborem
1016 1045 1203 1134 inciderit,
1222 1055 1261 1122 et
1279 1070 1352 1144 per
1369 1070 1500 1123 casum
1519 1046 1665 1123 arboris
1686 1047 1822 1146 aliquis

231 1160 488 1260 opprimatur,
507 1171 546 1238 et
565 1162 792 1239 huiusmodi.
815 1164 893 1239 Sed
912 1162 971 1238 hic
990 1164 1062 1240 erit
1082 1165 1397 1262 distinguendum
1416 1175 1549 1241 utrum
1568 1167 1652 1264 quis
1673 1167 1822 1244 dederit

232 1305 390 1379 operam
402 1282 457 1357 rei
469 1281 581 1357 licitae
593 1282 654 1357 vel
667 1281 816 1358 illicite.
834 1283 876 1358 Si
889 1282 1039 1371 illicitae,
1053 1292 1097 1359 ut
1112 1283 1142 1359 si
1156 1282 1325 1381 lapidem
1338 1283 1547 1382 proiciebat
1562 1283 1674 1383 quis⁵⁴
1689 1310 1821 1363 versus

230 1400 357 1476 locum
374 1425 444 1498 per
462 1426 576 1499 quem
592 1411 873 1477 consueverunt
890 1402 1060 1478 homines
1079 1402 1287 1479 transitum
1306 1403 1445 1491 facere,
1464 1403 1525 1478 vel
1546 1404 1639 1480 dum
1658 1403 1821 1503 insequi·

230 1526 297 1594 tur
316 1518 401 1615 quis
420 1544 562 1616 equum
580 1519 641 1595 vel
660 1519 807 1608 bovem,
827 1528 867 1596 et
886 1519 1022 1617 aliquis
1045 1545 1068 1595 a
1087 1519 1184 1620 bove
1203 1521 1265 1595 vel
1285 1547 1383 1619 equo
1404 1546 1607 1620 percussus
1628 1522 1759 1612 luerit,
1782 1531 1821 1599 et

231 1636 260 1713 f.
277 1638 369 1730 121]
424 1637 653 1726 huiusmodi,
669 1637 729 1712 hic
744 1638 961 1737 imputatur
976 1637 1021 1713 ei.
1041 1638 1083 1713 Si
1099 1664 1191 1713 vero
1207 1638 1318 1714 licitae
1334 1640 1389 1716 rei
1405 1664 1564 1738 operam
1580 1639 1709 1730 dabat,
1727 1650 1771 1717 ut
1789 1642 1820 1717 si

229 1755 414 1852 magister
433 1780 549 1832 causa
568 1756 776 1853 disciplinae
796 1756 1027 1855 discipulum
1046 1757 1234 1846 verberat,
1255 1757 1317 1833 vel
1337 1758 1368 1834 si
1390 1782 1477 1834 cum
1497 1759 1581 1856 quis
1603 1759 1820 1858 deponebat

229 1873 380 1950 foenum
396 1875 444 1950 de
461 1899 588 1963 curru,
606 1874 668 1950 vel
686 1874 861 1951 arborem
878 1874 1081 1964 incidebat,
1099 1884 1138 1952 et
1156 1875 1383 1963 huiusmodi,
1402 1875 1475 1950 hic¹
1493 1877 1525 1953 si
1545 1876 1718 1953 adhibuit
1736 1877 1819 1953 dili·

229 1993 402 2091 gentiam
420 2019 536 2092 quam
554 1994 694 2091 potuit,
713 1993 854 2070 scilicet
874 1993 1125 2092 respiciend0²
1144 2002 1183 2070 et
1203 1994 1489 2093 proclamando,
1510 1996 1576 2072 sed
1595 2021 1674 2070 non
1693 1994 1819 2071 nimis⁸

229 2112 339 2188 tarde
356 2112 417 2187 vel
434 2111 612 2200 dimisse*
628 2111 708 2188 sed‘
725 2120 900 2210 tempore
917 2137 1089 2209 congruo
1106 2123 1145 2190 et
1162 2111 1265 2201 alte,⁰
1284 2122 1322 2190 et
1340 2114 1397 2189 ita
1413 2114 1516 2211 quod
1534 2111 1579 2188 si'
1600 2112 1750 2212 aliquis⁸
1768 2113 1820 2189 ibi

228 2239 312 2306 erat
326 2229 387 2306 vel
400 2229 490 2304 illuc
503 2231 679 2307 veniebat
693 2240 825 2330 posset
839 2230 1042 2328 aufugere⁹
1057 2231 1124 2308 et²⁰
1140 2231 1210 2307 sibi
1225 2256 1451 2330 praecavere,
1466 2232 1527 2307 vel
1541 2232 1726 2331 magister
1740 2257 1820 2308 non

228 2352 447 2428 excedendo
469 2351 628 2427 modum
649 2350 690 2425 in
713 2349 951 2426 verberando
974 2349 1216 2448 discipulum,
1240 2376 1319 2426 non
1342 2351 1561 2449 imputatur
1583 2351 1628 2426 ei.
1657 2351 1762 2426 Sed¹²
1788 2352 1819 2427 si

229 2469 346 2546 dabat
369 2494 528 2566 operam
549 2469 604 2544 rei
626 2468 737 2544 licitae
759 2479 798 2546 et
820 2494 899 2544 non
921 2467 1094 2543 adhibuit
1117 2469 1357 2566 diligentiam
1380 2467 1589 2557 debitam,¹²
1612 2469 1818 2569 imputabi-

227 2595 294 2662 tur
311 2586 385 2662 ei.¹⁸
403 2586 629 2676 Voluntate,
646 2597 692 2663 ut
709 2588 740 2664 si
759 2587 843 2685 quis
862 2613 910 2664 ex
929 2595 1034 2663 certa
1052 2587 1210 2663 scientia
1228 2597 1267 2664 et
1286 2588 1326 2662 in
1345 2589 1493 2662 assultu
1511 2587 1818 2686 praemeditat0,¹⁴

227 2706 313 2783 ira¹⁶
327 2707 388 2783 vel
403 2707 490 2783 odio
504 2707 565 2782 vel
579 2731 694 2782 causa
707 2706 816 2794 lucri,
831 2705 1008 2804 nequiter
1022 2714 1061 2782 et
1076 2705 1116 2780 in
1133 2704 1277 2781 felonia
1291 2704 1358 2781 et¹⁶
1372 2715 1507 2782 contra
1524 2730 1657 2803 pacem
1673 2706 1818 2782 domini

227 2825 328 2922 regis
344 2825 510 2924 aliquem
524 2824 772 2901 interfecerit.
789 2825 848 2901 Et
864 2825 911 2899 fit
926 2824 1132 2922 aliquando
1149 2824 1365 2899 huiusmodi
1380 2822 1625 2900 homicidium
1642 2824 1817 2923 pluribus

228 2943 442 3020 astantibus
461 2952 500 3020 et
518 2941 746 3034 videntibus,
765 2942 972 3042 aliquando
991 2968 1082 3018 vero
1101 2941 1301 3018 clanculo¹⁷
1322 2953 1360 3020 et
1380 2941 1558 3018 nemine¹⁸
1577 2941 1742 3031 vidente,
1762 2943 1818 3019 ita

228 3064 332 3162 quod
349 3063 434 3140 sciri
452 3088 530 3139 non
546 3063 668 3161 possit
685 3062 770 3161 quis
789 3062 839 3138 sit
855 3062 1009 3149 occisor,
1028 3070 1068 3138 et
1084 3061 1301 3137 huiusmodi
1318 3060 1562 3137 homicidium
1582 3061 1655 3136 dici
1674 3062 1818 3159 poterit

227 3182 440 3270 murdrum,
460 3181 670 3258 secundum
688 3181 791 3278 quod
807 3181 969 3255 inferius
988 3179 1147 3256 dicetur.
1167 3179 1293 3255 Poena
1311 3204 1401 3255 vero
1420 3178 1611 3255 homicidii
1630 3178 1817 3279 duplex,²⁸

227 3299 436 3399 spiritualis
453 3298 627 3376 videlieet
644 3307 683 3374 et
700 3297 920 3396 corporalis.
942 3297 1163 3396 Spiritualis
1179 3297 1331 3374 tollitur
1348 3322 1419 3396 per
1435 3297 1738 3396 paenitentiam.²⁰
1757 3298 1815 3372 Et

228 3421 364 3496 occidit
381 3419 465 3519 quis
483 3418 601 3495 alium
618 3417 833 3516 dupliciter,
851 3417 1081 3514 quandoque
1098 3416 1243 3512 lingua,
1262 3415 1491 3514 quandoque
1510 3415 1626 3492 facto.
1647 3415 1816 3513 Lingua,

227 3548 272 3615 ut
293 3538 324 3614 si
345 3537 429 3637 quis
450 3536 646 3613 dissuadet
666 3545 705 3611 et
726 3535 779 3611 sic
800 3533 1055 3610 dissuadendo
1077 3533 1238 3610 retrahit
1261 3534 1427 3632 aliquem
1449 3560 1473 3609 a
1494 3533 1595 3609 bono
1616 3535 1817 3634 proposito

226 3657 418 3733 volentem
438 3655 556 3731 alium
575 3652 737 3729 liberare
758 3677 782 3726 a
800 3661 936 3740 morte,
957 3661 995 3728 et
1015 3651 1068 3726 sic
1087 3653 1255 3750 quodam
1275 3653 1390 3728 modo
1411 3653 1596 3728 indirecte
1616 3653 1711 3728 lacit
1733 3653 1816 3751 quis

116 3827 119 3834 .
226 3773 482 3850 homicidium.
505 3773 630 3848 Poena
648 3798 739 3848 vero
758 3770 949 3846 homicidii
969 3771 1158 3847 commissi
1179 3771 1285 3846 facto
1305 3772 1489 3847 variatur.
1513 3772 1595 3847 Pro
1615 3771 1817 3848 homicidio

227 3918 319 3967 vero
333 3890 486 3968 iustitiae
500 3891 601 3967 iusta
616 3899 655 3966 et
670 3897 775 3965 recta
789 3889 1001 3965 intentione
1018 3889 1134 3977 facta,
1150 3913 1229 3964 non
1244 3897 1302 3964 est
1318 3888 1447 3988 aliqua
1462 3913 1579 3987 poena
1594 3889 1815 3987 infligenda.
1852 3927 1855 3934 ·

230 4010 273 4086 Si
286 4011 336 4086 sit
350 4009 486 4108 aliquis
501 4009 567 4107 qui
581 4007 780 4084 mulierem
794 4015 1061 4106 praegnantem
1076 4006 1306 4106 percusserit
1321 4007 1381 4082 vel
1398 4007 1432 4083 ei
1448 4031 1639 4083 venenum
1655 4008 1815 4096 dederit,

227 4153 297 4226 per
319 4128 424 4227 quod
446 4126 581 4203 lecerit
604 4126 832 4214 abortivum,
857 4127 888 4202 si
910 4125 1159 4225 puerperium
1182 4125 1258 4201 iam
1283 4126 1494 4201 formatum
1517 4125 1578 4200 vel
1602 4125 1816 4202 animatum

227 4244 359 4334 fuerit,
386 4255 425 4322 et
451 4244 618 4320 maxime
644 4243 703 4319 si⁹²
730 4241 955 4331 animatum,
984 4242 1079 4318 lacit
1104 4241 1360 4318 homicidium.
1390 4243 1562 4319 Possunt
1591 4243 1706 4319 etiam
1734 4269 1815 4319 esse

226 4363 357 4462 plures
374 4361 583 4461 culpabiles
600 4362 648 4438 de
664 4360 866 4438 homicidio
883 4362 981 4438 sieut
999 4387 1110 4449 unus,
1128 4360 1201 4437 ut²¹
1219 4361 1250 4437 si
1267 4361 1397 4460 plures
1416 4361 1531 4438 rixati
1551 4361 1696 4438 fuerint
1713 4362 1816 4437 inter

226 4549 253 4584 ⁴⁸
263 4549 474 4626 deliberando,
490 4551 557 4627 LA,
573 4550 613 4626 Y,
631 4550 704 4611 MC.
743 4548 847 4624 ³⁰nec,
865 4550 942 4623 MG,
960 4550 1032 4612 CM.
1072 4548 1190 4627 51Οιιι,
1208 4549 1278 4626 OB,
1295 4551 1369 4611 MA.
1408 4547 1435 4584 ⁵²
1446 4549 1532 4610 aliud
1549 4549 1673 4624 animal,
1691 4549 1757 4625 LA,
1775 4550 1815 4625 Y,

227 4654 306 4727 MC;
323 4653 426 4726 ahter,
441 4653 519 4727 MG,
535 4653 610 4727 CM,
626 4652 692 4713 OC.
730 4650 757 4684 ³⁸
768 4655 952 4726 concutitur,
970 4651 1047 4727 MG,
1064 4652 1136 4714 ΟΜ.
1176 4650 1203 4685 ⁸⁴
1214 4652 1294 4725 Om.,
1311 4651 1376 4712 LA.

310 4752 402 4827 ²hoc,
423 4752 502 4828 MG,
525 4751 587 4812 ΟΜ
595 4773 604 4825 ;
627 4751 712 4828 licet,
733 4750 798 4813 OC.
843 4749 1055 4829 'recipienda
1077 4752 1146 4827 OA,
1169 4752 1238 4826 OB,
1260 4752 1327 4828 OO,
1350 4751 1427 4826 MA,
1450 4754 1526 4828 ΜΒ,
1550 4753 1628 4828 MG,
1650 4753 1725 4826 CM,
1749 4752 1814 4813 LA.

225 4852 339 4931 ⁸nihil,
360 4855 438 4929 MG,
461 4854 534 4914 CM.
578 4851 739 4928 ‘remissa
762 4853 829 4927 LA,
851 4852 891 4927 Y,
914 4853 987 4914 MC.
1032 4850 1094 4925 “ab
1117 4853 1195 4929 MG,
1219 4853 1293 4928 ΟΜ,
1316 4854 1381 4914 OC.
1426 4851 1526 4928 ⁶altn,
1550 4853 1616 4929 ΟΕ,
1640 4853 1706 4927 OC,
1731 4853 1814 4925 Μῦς

225 4955 311 5031 alito,
328 4956 401 5018 CM.
437 4953 476 4990 Η
487 4954 616 5032 aliquid,
631 4955 700 5030 OB,
717 4954 792 5028 MA,
809 4954 891 5027 MB;
907 4957 933 5013 ai
949 4951 1077 5030 aliquid,
1094 4952 1159 5016 ΟΕ.
1197 4951 1372 5032 'effugata
1387 4954 1453 5028 LA,
1469 4955 1510 5028 Y,
1527 4955 1606 5027 MC;
1623 4961 1677 5016 aut
1693 4954 1815 5033 fugere,

225 5057 294 5133 OA,
308 5058 376 5134 ΟΒ,
390 5058 464 5133 ΟΜ,
477 5057 546 5133 OB,
561 5057 642 5129 MA;
656 5062 711 5117 aut
725 5056 861 5134 lugeret,
876 5055 950 5115 ΜΒ.
987 5053 1014 5089 ²⁰
1025 5060 1090 5128 aut,
1104 5056 1173 5130 OB,
1188 5055 1264 5130 MA,
1279 5055 1354 5115 ΜΒ.
1390 5053 1456 5088 ²²⁴³
1468 5054 1548 5130 Om,
1563 5053 1631 5129 OB,
1646 5055 1722 5131 MA,
1738 5056 1814 5132 MB,

226 5159 293 5233 ΟΕ,
311 5158 350 5220 Y.
390 5156 508 5233 ²¹Om.,
527 5157 605 5232 MG,
624 5156 698 5231 CM,
717 5156 783 5222 OC.
824 5153 851 5190 ²⁴
862 5154 1021 5230 meditato,
1041 5155 1119 5230 MG,
1138 5155 1218 5228 CM;
1239 5154 1480 5234 praemeditatur,
1499 5156 1564 5219 OC.
1607 5155 1725 5230 ¹⁸Om.,
1744 5157 1815 5234 OB,

226 5261 302 5337 MA,
318 5262 393 5322 ΜΒ.
431 5259 550 5333 ¹⁶0m,
565 5259 635 5334 OB,
651 5259 727 5333 MA,
743 5258 818 5319 ΜΒ.
856 5254 1013 5317 1''²⁸clam
1029 5260 1159 5332 nemine,
1176 5257 1243 5330 LA,
1261 5256 1305 5329 Y;
1323 5256 1523 5318 clamdestino
1540 5265 1573 5318 et
1587 5262 1718 5334 nemine,
1737 5259 1814 5335 MG,

226 5362 292 5438 OC,
313 5362 375 5423 ΟΜ
400 5360 542 5439 (tr-tine).
584 5357 611 5394 ²⁹
623 5358 738 5439 duplex
757 5365 815 5433 eat,
835 5358 876 5433 V,
895 5358 936 5434 Y,
956 5357 1031 5418 ΜΒ.
1073 5355 1100 5390 ²⁰
1111 5361 1294 5436 patientiam
1314 5365 1346 5418 et
1365 5361 1586 5436 poenitentiam,
1607 5359 1651 5432 V3
1672 5363 1815 5438 inpoten-

224 5468 311 5541 tiam,
326 5463 396 5539 OB,
409 5462 486 5538 MA,
501 5462 583 5535 MB;
598 5481 715 5536 amam,
729 5460 795 5522 LA.
832 5457 860 5494 ¹²
871 5458 952 5533 Om,
967 5457 1037 5534 OB,
1053 5459 1129 5533 MA,
1145 5460 1222 5535 MB,
1237 5459 1303 5520 ΟΕ.
1342 5457 1368 5492 ¹²
1379 5459 1460 5536 Om,
1475 5460 1545 5535 OB,
1561 5460 1637 5537 MA,
1654 5462 1730 5537 MB,
1748 5460 1813 5523 ΟΕ.
