4392 6352
383 518 459 587 350
916 510 1139 574 BRACTON:
1162 510 1223 572 DE
1247 510 1440 572 LEGIBUS

384 659 532 738 soribus
553 686 677 758 neque
697 659 880 737 militibus
901 661 1088 737 committi
1108 660 1259 749 debeat,
1280 661 1348 737 sed
1369 670 1414 737 ut
1435 662 1597 738 carceris
1618 686 1774 761 poenam
1796 672 1834 741 et
1855 663 1975 739 inclu-

385 778 529 854 sionem
546 778 744 867 sustineat,
761 779 949 855 aestimare
964 778 1078 855 debet
1094 778 1299 856 vicecomes
1316 787 1449 856 utrum
1464 779 1505 855 in
1522 803 1673 858 carcere
1690 780 1909 879 recipienda
1927 783 1977 859 sit

384 922 551 999 persona
568 923 618 972 an
635 897 920 974 fideiussoribus
938 898 1140 986 tradenda,
1159 907 1198 975 et
1216 897 1313 973 hoe²¹
1333 897 1394 974 vel
1412 923 1485 997 pro
1504 897 1671 976 criminis
1690 900 1794 999 quod
1812 899 1977 978 obicitur

384 1017 571 1116 qualitate
587 1025 626 1094 et
642 1017 883 1106 enormitate,
900 1017 961 1092 vel
979 1025 1143 1116 propter
1158 1016 1342 1092 honorem
1359 1025 1399 1094 et
1417 1018 1670 1117 amplissimas
1690 1018 1896 1096 facultates
1914 1020 1975 1095 vel

384 1162 458 1237 pro
473 1137 692 1212 innocentia
708 1161 891 1235 personae,
907 1135 968 1212 vel
985 1161 1060 1235 pro
1077 1135 1157 1211 eius
1175 1135 1366 1234 dignitate
1382 1136 1447 1234 qui
1466 1144 1678 1212 accusatur.
1701 1138 1779 1213 Sed
1796 1162 1884 1214 cum
1902 1164 1974 1236 pro

383 1254 551 1333 cfimirris
576 1254 796 1355 qualitate
786 1282 826 1331 m
850 1279 1040 1331 carcerem
1066 1254 1209 1353 recepti
1236 1253 1394 1342 fuerint,
1419 1253 1752 1352 conspiraverint²¹
1777 1265 1823 1332 ut
1848 1257 1974 1356 ruptis

382 1375 544 1452 vinculis
561 1385 630 1453 aut
648 1375 774 1451 fracto
793 1397 942 1450 carcere
961 1372 1139 1461 evadant,
1160 1372 1325 1472 amplius
1344 1398 1461 1472 quam
1479 1372 1622 1449 causa¹⁸
1642 1398 1715 1473 pro
1734 1401 1811 1473 qua
1831 1377 1974 1474 recepti

385 1504 476 1572 sunt
502 1495 677 1593 exposcit
703 1492 890 1593 puniendi
917 1501 1020 1582 sunt,
1047 1492 1223 1569 videlicet
1251 1493 1388 1568 ultimo
1416 1493 1618 1592 supplicio,
1646 1494 1820 1592 quamvis
1850 1520 1898 1571 ex
1929 1519 1974 1570 eo

383 1611 539 1690 crimine
558 1611 803 1688 inveniantur
821 1611 1041 1688 innocentes
1061 1620 1224 1711 propter
1243 1612 1347 1710 quod
1366 1610 1553 1710 impacti¹⁴
1573 1621 1664 1688 sunt
1683 1611 1724 1688 in
1744 1611 1973 1689 carcerem.¹⁸

385 1733 463 1808 Sed
484 1731 515 1808 si
536 1730 613 1808 sit²⁶
634 1730 770 1830 aliquis
791 1732 893 1807 inter
912 1730 1009 1808 tales
1031 1730 1097 1829 qui
1118 1728 1439 1829 conspirationem
1462 1756 1597 1807 eorum
1618 1732 1819 1820 detexerit,
1840 1731 1929 1808 talis
1952 1757 1975 1807 a

383 1875 500 1950 poena
517 1850 753 1926 liberabitur.

482 2087 548 2163 De
565 2085 775 2164 miminerit
791 2087 858 2186 qai
874 2087 1006 2164 atatim
1022 2086 1184 2184 fagiunt
1200 2097 1290 2186 port
1306 2086 1504 2181 falcatam,
1521 2098 1560 2164 ct
1578 2095 1671 2164 tauto
1689 2087 1854 2187 qualiter
1870 2097 1976 2166 aecta

482 2203 567 2302 fieri
581 2203 719 2280 debeat
734 2215 824 2303 post
841 2204 949 2293 tales,
965 2214 1003 2281 et
1019 2229 1183 2304 qaorum
1199 2205 1355 2303 quidam
1372 2215 1463 2282 aaut
1478 2206 1520 2282 ia
1533 2205 1671 2300 franco
1687 2206 1817 2306 plegio
1835 2217 1875 2284 et
1891 2207 1973 2306 qai·

482 2321 573 2398 dam
588 2321 637 2398 de
652 2331 887 2421 osonapoata
903 2322 1074 2401 utinam.
1120 2349 1124 2358 ·

382 2439 563 2516 Drcruru
580 2450 638 2517 est
655 2441 703 2517 de
720 2441 793 2519 illis
810 2443 876 2540 qui
893 2451 1099 2542 presentes
1117 2451 1208 2519 sunt
1225 2444 1285 2519 vel
1303 2443 1389 2540 capi
1407 2454 1571 2543 possunt
1588 2444 1629 2519 in
1647 2444 1791 2521 felonia
1809 2444 1916 2522 facta
1932 2445 1973 2522 in

381 2558 547 2657 publico,
566 2559 741 2657 pluribus
761 2559 975 2638 astantibus
994 2561 1268 2638 stridentibus
1289 2561 1386 2639 sicut
1404 2562 1445 2636 in
1465 2561 1793 2662 quibuscumque*
1814 2588 1972 2661 congre·

381 2679 612 2776 gationibus.
633 2677 710 2755 Sed
726 2679 816 2778 quia
833 2689 923 2756 sunt
939 2679 1097 2778 quidam
1113 2682 1178 2778 qui
1196 2681 1328 2757 statim
1344 2681 1503 2779 fug'unt
1521 2690 1611 2778 post
1628 2681 1812 2758 feloniam
1829 2691 1869 2758 et
1886 2682 1973 2781 capi

380 2824 460 2875 non
479 2807 653 2899 possunt,
673 2800 805 2876 statim
825 2807 914 2898 post
934 2799 1031 2875 tales
1051 2800 1199 2875 levetur
1218 2798 1436 2875 huthesium
1456 2809 1495 2877 et
1515 2801 1586 2876 fiat
1607 2809 1695 2899 post
1716 2826 1780 2877 eos
1801 2811 1904 2877 secta
1925 2802 1973 2877 de

381 2917 537 2994 villain
560 2919 691 2994 villam
714 2945 912 3017 quousque
936 2918 1204 2994 malefactores
1228 2918 1444 3016 capiantur,
1471 2918 1640 3016 alioquin
1664 2926 1750 2994 tota
1773 2919 1907 2995 villata
1931 2919 1972 2994 in

380 3035 638 3115 misericordia
658 3037 759 3134 regis
780 3035 1002 3113 remanebit.
1026 3035 1205 3125 Qualiter
1227 3043 1357 3112 autem
1378 3045 1482 3113 secta
1502 3037 1585 3112 fieri
1608 3036 1773 3112 debeat¹⁸
1795 3036 1972 3136 quaelibet

381 3156 511 3256 patria
529 3155 644 3232 habet
664 3181 777 3231 suum
796 3155 966 3243 modum,
986 3163 1025 3230 et
1046 3155 1180 3231 eodem
1199 3155 1314 3231 modo
1334 3156 1483 3231 levetur
1503 3153 1721 3233 huthesium
1741 3156 1773 3232 si
1795 3157 1880 3254 quis
1902 3182 1973 3255 per

379 3274 638 3350 infortunium
657 3282 833 3350 mortuus
853 3273 984 3361 fuerit,
1006 3298 1212 3371 oppressus
1233 3273 1293 3348 vel
1315 3274 1533 3350 submersus
1553 3274 1615 3350 vel
1636 3298 1875 3374 quocumque
1896 3274 1971 3350 alio

381 3393 410 3467 f.
427 3390 545 3484 124b]
600 3392 716 3467 modo
729 3391 967 3479 interfectus,
980 3391 1074 3467 dum
1086 3399 1218 3467 tamen
1230 3417 1308 3466 non
1322 3391 1464 3467 sciatur
1477 3391 1562 3490 quis
1576 3393 1626 3468 sit
1639 3393 1877 3470 interfector.
1894 3393 1972 3469 Sed

382 3511 488 3609 sequi
506 3535 584 3585 non
601 3519 755 3609 oportet
773 3509 813 3584 in
830 3510 887 3586 his
906 3509 1053 3586 casibus
1071 3509 1119 3584 de
1137 3509 1228 3586 villa
1245 3509 1286 3585 in
1303 3510 1434 3586 villam
1451 3509 1549 3585 nec¹⁹
1567 3511 1615 3587 de
1633 3519 1739 3586 terra
1756 3513 1797 3586 in
1814 3522 1971 3600 terram,

381 3629 474 3705 dum
490 3637 621 3704 tamen
635 3627 853 3704 huthesium
869 3629 1040 3704 levatum
1055 3627 1116 3716 sit,
1134 3653 1222 3702 cum
1239 3630 1288 3704 sit
1305 3629 1413 3726 quasi
1430 3636 1568 3726 captus
1585 3628 1824 3706 malefactor.
1843 3630 1909 3707 De
1926 3656 1971 3705 eo

381 3757 510 3824 autem
526 3747 591 3846 qui
606 3747 658 3824 sic
674 3748 811 3845 fugam
826 3747 982 3845 ceperit,
998 3745 1202 3844 diligenter
1219 3746 1291 3822 erit
1306 3746 1578 3844 inquirendum
1593 3747 1625 3823 si
1642 3747 1761 3825 fuerit
1778 3748 1818 3823 in
1835 3748 1971 3824 franco

379 3865 510 3964 plegio
522 3874 561 3942 et
573 3866 753 3954 decenna,
766 3873 805 3942 et
816 3875 909 3941 tunc
921 3864 994 3941 erit
1007 3865 1178 3940 deeenna
1189 3863 1229 3939 in
1241 3864 1499 3940 misericordia
1512 3890 1642 3941 coram
1653 3865 1866 3943 iustitiariis
1880 3867 1972 3965 quia

379 4010 459 4061 non
473 3983 616 4061 habet²⁰
633 3985 762 4083 ipsum
776 3983 1067 4059 malefactorem
1084 3982 1134 4058 ad
1151 3991 1310 4070 rectum,
1327 3982 1416 4059 licet
1433 4008 1504 4082 per
1522 3983 1614 4060 alios
1634 3995 1724 4062 ante
1741 3985 1815 4061 iter
1833 3994 1970 4085 captus

380 4101 500 4179 fuerit
512 4111 551 4179 et
564 4102 728 4202 prisonae
739 4099 934 4189 liberatus,
948 4126 997 4177 ex
1008 4126 1086 4199 quo
1099 4125 1171 4199 per
1183 4101 1393 4176 decennem
1405 4125 1484 4176 non
1498 4111 1556 4178 est
1569 4110 1707 4199 captus
1721 4127 1791 4180 nec
1805 4104 1969 4202 produc-

379 4232 454 4300 tus.
473 4223 516 4299 Si
531 4231 661 4299 autem
677 4231 788 4298 extra
805 4221 984 4296 francum
999 4219 1171 4318 plegium
1188 4218 1307 4295 fuerit
1323 4219 1411 4294 talis
1428 4219 1468 4294 in
1485 4219 1613 4318 aliqua
1629 4221 1721 4296 villa
1738 4230 1969 4322 receptatus,

380 4340 453 4416 erit
472 4340 607 4415 villata
624 4340 665 4414 in
683 4337 941 4415 misericordia
961 4337 1033 4413 nisi
1051 4336 1140 4412 talis
1160 4335 1210 4412 sit
1230 4335 1293 4411 ille
1314 4337 1378 4435 qui
1400 4337 1505 4434 fugit
1526 4339 1629 4437 quod
1650 4339 1692 4414 in
1711 4340 1881 4417 decenna
1902 4339 1969 4416 et¹¹

380 4461 517 4536 franco
541 4457 671 4557 plegio
696 4481 879 4533 essenon
904 4455 1053 4542 debeat,
1079 4463 1123 4530 ut
1148 4464 1361 4552 magnates,
1387 4455 1526 4532 milites
1552 4466 1591 4532 et
1618 4483 1750 4533 eorum
1776 4469 1969 4556 parentes,

379 4576 548 4664 clericus,
566 4576 663 4651 liber
679 4573 804 4661 homo,
823 4582 861 4649 et
878 4572 1106 4660 huiusmodi,
1126 4572 1336 4648 secundum
1355 4573 1629 4650 consuetudine
1647 4576 1794 4673 patriae.
1815 4578 1874 4653 Et
1893 4602 1970 4676 quo

379 4720 470 4772 casu
484 4692 678 4772 tenebitur
692 4691 755 4768 ille
771 4691 811 4766 in
827 4690 1055 4789 quibusdam
1071 4690 1246 4789 partibus
1263 4691 1311 4766 de
1326 4691 1433 4767 cuius
1451 4692 1597 4769 fuerint
1615 4694 1763 4770 familia
1779 4705 1817 4772 et
1834 4722 1969 4772 manu·

378 4823 507 4915 pastu,
522 4823 560 4890 et
575 4837 648 4910 pro
661 4810 714 4887 eis
730 4808 976 4906 respondebit
991 4807 1063 4884 nisi
1078 4808 1315 4884 consuetudo
1330 4807 1465 4906 patriae
1482 4809 1585 4885 aliud
1602 4811 1761 4887 inducat
1776 4815 1881 4912 quod
1896 4840 1969 4913 pro

377 4941 613 5029 manupastu
626 4955 695 5007 suo
706 4953 785 5003 non
797 4927 934 5004 debeat
946 4925 1189 5025 respondere.
1206 4924 1365 5016 <Sicut
1378 4927 1418 5002 in
1430 4927 1615 5004 comitatu
1630 4929 1889 5022 Herefordiae,
1903 4933 1969 5008 ubi

379 5133 405 5168 ²¹
418 5132 498 5206 Om,
510 5133 580 5203 OB,
593 5130 669 5205 MA,
683 5130 759 5190 ΜΒ.
794 5127 999 5204 ¹²0m.,013;
1014 5129 1280 5204 conspiraverunt,
1294 5128 1369 5188 MA.
1405 5126 1432 5160 ¹⁸
1444 5147 1502 5204 pro
1517 5148 1620 5204 causa,
1634 5131 1703 5206 OB,
1719 5133 1794 5207 MA,
1811 5134 1887 5210 ΜΒ,
1901 5134 1968 5209 CE,

379 5233 454 5307 cM,
467 5233 540 5294 Me.
575 5230 603 5265 ²⁴
614 5233 761 5309 impositi,
776 5229 859 5302 MG;
873 5228 1011 5302 infracti,
1026 5229 1106 5301 CM;
1122 5227 1243 5304 infecti,
1258 5227 1326 5289 OB.
1362 5226 1428 5262 ¹⁴⁴⁵
1440 5227 1558 5290 inducti
1574 5235 1692 5294 suntin
1707 5255 1733 5294 c.
1749 5243 1781 5295 et
1795 5240 1969 5314 imparcati,

378 5333 418 5394 V.
453 5329 802 5407 ²⁸0m.,LA,Y(†).
837 5327 863 5363 ²⁷
875 5328 1067 5406 quibusdam,
1082 5328 1151 5403 0A,
1165 5329 1231 5404 LA,
1247 5327 1464 5407 MB3quibus,
1480 5331 1553 5392 CM.
1591 5330 1730 5410 ²⁸debet,
1746 5337 1785 5412 V,
1801 5336 1868 5411 OC,
1885 5339 1968 5411 MG;

378 5433 516 5509 deberet,
528 5433 568 5493 Y.
604 5429 687 5506 ²⁹ut,
703 5430 777 5492 MA.
813 5429 839 5464 ¹⁰
850 5427 976 5504 habent,
990 5429 1029 5502 V,
1044 5429 1113 5504 0A,
1127 5430 1192 5491 OC.
1229 5427 1323 5490 ²¹nec
1338 5434 1381 5504 in,
1397 5432 1470 5505 0A;
1487 5438 1577 5510 etin,
1592 5434 1657 5495 cE.
