4432 6340
630 484 690 544 DE
713 482 1017 557 ADQUIRENDO
1039 485 1196 547 RERUM
1221 486 1423 547 DOMINIO
1750 493 1824 561 249

233 633 321 709 licet
335 634 376 709 in
391 633 620 732 quibusdam
635 635 812 734 partibus
827 637 875 712 de
890 636 1164 714 consuetudine
1179 644 1218 713 et
1233 663 1305 736 per
1319 637 1482 713 abusum
1497 638 1720 713 observetur
1736 663 1824 713 con·

234 752 408 840 trarium,
429 752 526 830 sicut
546 753 587 828 in
605 753 831 852 episcopatu
850 755 1111 831 Wintoniensi
1132 765 1170 832 et
1192 755 1292 830 alibi.
1315 755 1373 832 Et
1393 780 1482 832 cum
1501 756 1557 832 ita
1578 757 1727 832 factum
1748 755 1825 833 sit⁴⁰

234 871 498 970 quamvisper
518 872 692 961 abusum,
713 883 867 971 oportet
888 874 991 971 quod
1011 875 1059 949 de
1080 874 1254 950 custodia
1275 885 1313 952 et
1334 873 1474 950 relevio
1496 874 1566 950 fiat
1588 874 1824 952 secundum‘¹

234 991 337 1090 quod
350 990 397 1067 fit
410 992 458 1067 de
472 992 588 1068 feodo
601 991 769 1067 militari.
784 991 842 1069 Et
857 994 960 1091 quod
974 994 1022 1068 de
1037 988 1189 1092 sodagio
1203 1018 1282 1068 non
1297 995 1413 1070 datur
1428 993 1623 1082 relevium,
1638 1018 1708 1070 nec
1723 1019 1824 1070 com·

234 1109 333 1208 petit
349 1109 505 1186 domino
522 1109 695 1185 custodia
710 1135 781 1186 nee
796 1111 1055 1208 maritagium‚
1072 1110 1219 1189 habetis
1233 1110 1285 1186 de
1301 1111 1467 1188 termino
1487 1112 1620 1188 Sancti
1638 1111 1825 1188 Michaelis

234 1253 336 1302 anno
351 1227 481 1325 regis⁴²
496 1227 661 1303 Henrici
675 1229 839 1327 septimo
853 1228 1058 1326 incipiente
1073 1237 1220 1318 octavo,
1236 1229 1449 1306 comitatu⁴⁸
1464 1273 1576 1318 -—,
1592 1230 1692 1305 circa
1708 1231 1826 1306 finem

233 1346 362 1422 rotuli.
384 1347 442 1424 Et
464 1347 637 1443 quamvis
657 1346 848 1424 hereditas
870 1373 949 1423 non
970 1348 1160 1432 relevetur
1183 1348 1223 1422 in
1244 1374 1410 1447 persona
1431 1348 1579 1426 heredis
1602 1348 1825 1426 sokemanni

234 1492 305 1566 per
328 1492 487 1542 manum
511 1466 655 1542 domini
679 1466 866 1565 capitalis,
893 1467 960 1542 sed
985 1475 1204 1565 parentum,
1231 1468 1277 1542 fit
1302 1466 1461 1544 tamen“
1487 1467 1641 1543 domino
1667 1468 1824 1566 capitali

234 1585 408 1684 quaedsm
424 1585 620 1684 praestatio
637 1586 685 1660 ab
701 1585 840 1660 herede
856 1592 1019 1684 propter
1035 1584 1285 1674 dominium,⁴⁶
1303 1596 1342 1662 et
1359 1611 1442 1684 quae
1459 1585 1651 1685 praedictis
1667 1571 1823 1664 rationi·

233 1703 304 1779 bus
320 1703 394 1779 dici
410 1728 488 1778 non
504 1702 648 1802 poterit
663 1703 857 1794 relevium,
874 1713 914 1780 et
930 1729 1014 1802 quae
1031 1703 1119 1780 talis
1137 1712 1206 1792 est,
1224 1704 1399 1782 videlicet
1416 1730 1504 1781 cum
1520 1714 1700 1782 teneatur
1717 1705 1824 1781 soke-

233 1849 397 1900 mannus
414 1825 622 1900 defendere
639 1830 835 1899 tenentem
854 1848 966 1898 suum
984 1848 1078 1920 erga
1097 1823 1295 1898 dominum
1313 1849 1426 1900 suum
1443 1849 1515 1921 per
1531 1833 1680 1900 certum
1699 1823 1824 1900 reddi·

233 1951 318 2019 tum
336 1941 377 2017 in
395 1941 559 2040 pecunia
577 1949 791 2030 numerata,
811 1941 873 2017 vel
891 1967 963 2041 per
983 1941 1075 2039 quid
1095 1941 1185 2030 tale,
1207 1942 1311 2040 quod
1329 1940 1560 2017 tantundem
1581 1941 1719 2030 valeat,
1740 1967 1825 2040 quae

234 2062 447 2138 consistunt
466 2059 506 2136 in
524 2061 706 2160 pondere,
726 2085 897 2148 numero,
917 2059 978 2136 vel
997 2086 1189 2148 mensura,
1209 2061 1250 2135 in
1268 2060 1389 2136 solido
1409 2061 1469 2136 vel
1489 2061 1530 2136 in
1548 2060 1705 2159 liquido,
1726 2060 1825 2136 sicut

234 2184 274 2259 in
291 2183 499 2270 frumento,
516 2181 618 2269 vino,
635 2179 696 2256 vel
712 2179 807 2267 oleo,
825 2180 1035 2256 secundum
1052 2180 1156 2277 quod
1172 2179 1346 2255 redditus
1363 2179 1615 2285 diversimode
1632 2178 1823 2277 accipiun-

232 2301 326 2379 tur⁴⁰
345 2303 430 2377 loco
448 2300 576 2377 relevii
596 2300 637 2376 in
655 2298 954 2397 recognitionem
974 2298 1171 2375 dominii.⁴⁷
1191 2299 1315 2376 Dabit
1336 2309 1471 2376 tenens
1491 2299 1646 2377 domino
1667 2297 1764 2376 suo⁴⁸
1785 2309 1824 2376 et

234 2424 264 2500 f.
279 2425 347 2517 86]
403 2423 511 2499 heres
534 2447 613 2497 una
635 2422 716 2498 vice
740 2422 934 2498 redditum
958 2420 1084 2498 suum¹
1108 2421 1221 2498 unius
1246 2421 1338 2498 anni
1363 2421 1614 2520 duplicatum,
1641 2420 1722 2497 sed²
1746 2446 1825 2496 non

234 2545 337 2644 quod
356 2545 480 2620 solvat
498 2543 693 2620 redditum
712 2552 751 2619 et
770 2550 906 2641 postea
925 2541 1192 2641 duplicatum,⁸
1213 2542 1280 2618 sed
1301 2542 1404 2641 quod
1425 2541 1550 2618 solvat
1570 2542 1765 2618 redditum
1786 2551 1825 2618 et

234 2675 370 2765 postea
389 2666 621 2741 tantundem
641 2665 682 2740 in
703 2664 895 2763 simplum.
920 2663 998 2740 Sed
1019 2664 1141 2739 refert
1162 2672 1296 2739 utrum
1316 2663 1387 2738 hoc
1408 2664 1536 2739 facere
1558 2663 1696 2739 debeat
1716 2662 1824 2739 heres

233 2810 322 2861 cum
339 2784 458 2862 fuerit
474 2785 579 2861 infra
596 2794 760 2873 aetatem,
777 2794 867 2861 ante
884 2785 944 2860 vel
962 2793 1052 2883 post
1068 2784 1265 2860 fidelitatis
1282 2793 1565 2860 sacramentum
1582 2785 1632 2860 ad
1650 2783 1823 2861 similitu·

234 2907 364 2982 dinem
377 2905 557 3004 homagii,
573 2905 640 2981 ubi
656 2931 734 2981 non
750 2914 808 2981 est
825 2906 997 2981 dandum
1014 2905 1197 2981 relevium
1214 2915 1304 2982 ante
1320 2905 1543 3002 homagium
1559 2913 1729 3003 captum.

333 3030 380 3109 Si
392 3031 441 3107 de
452 3029 561 3124 feodi
572 3030 686 3128 firma
699 3038 738 3107 ct
752 3029 856 3128 quid.

234 3153 348 3243 Qum
367 3162 497 3230 autem
515 3154 598 3230 fieri
617 3153 753 3230 debeat
772 3155 819 3231 de
837 3163 1057 3231 tenemento
1075 3155 1178 3251 quod
1196 3161 1351 3231 tenetur
1370 3152 1420 3229 ad
1438 3153 1543 3230 leodi
1561 3153 1725 3242 firmam,
1746 3178 1824 3229 non

234 3284 292 3351 est
310 3276 454 3373 aliquid
471 3285 619 3352 certum
638 3275 936 3353 determinatum
955 3275 1052 3353 sicut
1071 3276 1112 3351 in
1131 3275 1345 3375 praemissis.
1369 3274 1446 3351 Sed
1466 3285 1597 3350 tamen
1617 3275 1825 3350 videndum

234 3394 337 3494 quod
351 3395 451 3473 ratio
464 3395 688 3472 observetur
701 3406 740 3473 et
755 3396 992 3478 rationabilis
1007 3396 1056 3472 sit
1070 3396 1267 3495 praestatio
1282 3404 1320 3472 et
1334 3396 1529 3484 relevium,
1545 3396 1642 3473 sicut
1657 3395 1824 3472 rationa-

234 3516 309 3593 bile
322 3515 435 3594 debet
448 3542 528 3593 esse
541 3515 741 3593 cuiuslibet
754 3517 952 3605 auxilium,
965 3516 1097 3593 habito
1109 3525 1286 3615 respectu
1299 3527 1382 3594 tam
1396 3519 1446 3594 sd
1460 3541 1666 3616 personam
1681 3517 1825 3593 domini

235 3662 351 3735 quam
368 3637 545 3726 tenentis,
564 3639 667 3736 quod
685 3637 881 3737 praestatio
899 3638 976 3714 sive
994 3637 1152 3714 donum*
1171 3640 1303 3715 deceat
1322 3647 1518 3714 tenentem
1537 3639 1628 3714 dare
1647 3648 1686 3715 et
1706 3637 1824 3714 domi-

234 3785 329 3836 num
344 3759 525 3859 recipere,
542 3760 752 3835 secundum
768 3759 974 3835 facultates
991 3759 1156 3835 tenentis
1174 3759 1239 3856 qui
1257 3760 1325 3835 dat
1343 3768 1381 3835 et
1399 3758 1663 3834 necessitatem
1682 3759 1824 3834 domini

235 3881 300 3980 qui
315 3880 464 3980 accipit,
479 3889 518 3957 et
530 3881 587 3957 ita
599 3880 702 3979 quod
716 3880 913 3978 praestatio
925 3905 1005 3954 non
1017 3889 1154 3977 gravet
1168 3888 1363 3955 tenentem
1376 3903 1447 3954 nec
1462 3888 1639 3977 egentem
1654 3879 1824 3956 dimittat

235 4000 494 4099 accipientem.
508 4001 603 4076 Non
615 3999 718 4076 enim
731 4000 843 4076 debet
857 4025 937 4076 esse
950 4000 990 4075 id
1002 4001 1105 4098 quod
1118 4007 1326 4098 praestatur
1337 3999 1700 4098 marimum-neque⁸
1714 3999 1824 4076 mini-

234 4147 352 4197 mum.
367 4122 472 4198 Item
485 4147 609 4220 neque
622 4121 746 4197 maius
761 4147 877 4219 quam
892 4120 1074 4219 expediat
1087 4121 1195 4198 danti
1210 4144 1279 4194 nec
1293 4118 1420 4196 minus
1435 4118 1565 4218 quam⁸
1581 4121 1714 4196 deceat
1730 4120 1823 4195 acci-

234 4241 415 4340 pientem.
430 4243 535 4318 Item
548 4266 617 4318 nec
628 4267 815 4340 magnum
828 4266 897 4318 nec
910 4266 1087 4340 parvum,
1102 4241 1168 4317 sed
1182 4239 1361 4317 medium.
1378 4241 1430 4315 In
1444 4240 1548 4316 omni
1564 4249 1694 4316 autem
1708 4240 1824 4316 ratio·

234 4361 352 4438 nobili
374 4361 620 4461 praestatione
642 4363 866 4438 observetur
887 4361 1067 4450 medium,
1089 4386 1178 4437 cum
1201 4360 1250 4438 sit
1272 4362 1408 4437 modus
1431 4361 1472 4437 in
1494 4359 1607 4437 rebus
1631 4361 1823 4438 etcetera!

235 4481 338 4558 Cum
352 4492 481 4559 autem
495 4482 535 4556 in
548 4481 765 4558 huiusmodi
778 4483 849 4558 fiat
863 4506 1049 4571 excessus,
1064 4508 1143 4558 non
1155 4481 1301 4558 tenebit
1315 4481 1476 4558 ulterius
1491 4483 1628 4558 modus
1643 4482 1704 4558 vel
1718 4507 1823 4558 men·

234 4699 261 4734 ⁴⁰
273 4702 353 4775 Om,
367 4703 436 4779 OB,
449 4702 525 4776 MA,
539 4703 615 4762 ΜΒ.
650 4699 676 4735 ⁴²
689 4699 777 4776 illud,
791 4703 860 4775 OB,
875 4703 951 4775 MA,
966 4702 1042 4762 ΜΒ.
1078 4699 1106 4734 ⁴²
1117 4707 1206 4781 regni
1221 4705 1314 4781 regis,
1328 4703 1395 4777 OC,
1411 4704 1487 4777 ΜΒ,
1503 4702 1580 4776 MG,
1596 4702 1668 4763 CM.
1705 4699 1824 4776 4Ὀιιι,

234 4802 303 4876 OA,
323 4802 391 4879 LA,
410 4802 478 4877 00,
498 4802 577 4874 MC;
599 4823 674 4863 com.
695 4801 840 4876 Eboraci,
860 4802 938 4874 MG,
959 4802 997 4862 V.
1041 4799 1067 4833 ⁴⁴
1079 4809 1181 4861 tamen
1202 4801 1240 4864 de
1262 4805 1445 4876 necessario,
1466 4802 1506 4876 V,
1528 4803 1595 4864 ΜΘ
1621 4801 1680 4877 (-
1689 4802 1823 4878 tamen).

233 4898 260 4934 ⁴⁶
271 4900 439 4962 dominium
460 4907 493 4962 et
511 4901 627 4963 domini
647 4905 898 4981 recognitionem,
919 4901 964 4974 V;
986 4900 1101 4963 domini
1123 4905 1373 4981 recognitionem,
1394 4903 1473 4976 MG,
1495 4904 1569 4978 CM,
1591 4904 1637 4975 Y;
1659 4901 1823 4979 dominum,

233 5001 306 5076 LA;
321 5000 477 5064 dominum
492 5022 608 5082 regem,
624 5005 704 5076 MC;
720 5001 837 5064 domini
853 5023 930 5083 reg,
945 5003 1011 5065 ΟΕ.
1049 5000 1291 5081 ⁴⁸accipiantur,
1309 5004 1387 5078 MG,
1404 5005 1478 5079 CM,
1496 5004 1534 5064 Y.
1573 5002 1737 5079 ‘'domini,
1754 5005 1823 5078 OB,

234 5103 311 5180 MA,
327 5105 403 5180 ΜΒ,
420 5104 498 5181 MG,
513 5105 588 5180 CM,
603 5105 645 5180 Y,
660 5104 728 5180 00,
744 5105 818 5168 MC.
854 5102 882 5138 ⁴⁸
894 5103 975 5181 0m.,
990 5104 1060 5182 OA,
1075 5105 1143 5182 LA,
1159 5104 1224 5166 OC.

317 5204 422 5282 ²Om,
438 5205 507 5280 OA,
523 5207 592 5283 LA,
608 5206 674 5267 OC.
713 5204 751 5238 ¹⁴
763 5206 843 5280 Om.,
861 5207 930 5280 OB,
948 5207 1023 5281 MA,
1041 5206 1118 5282 MB,
1136 5205 1203 5279 ΟΕ,
1220 5207 1295 5282 CM,
1313 5206 1393 5281 MG,
1409 5206 1449 5266 Y.
1488 5203 1625 5267 ⁴donum
1643 5205 1824 5267 fiatsecun·

233 5304 307 5368 dum
326 5307 418 5386 quod,
438 5307 483 5381 V;
504 5307 559 5368 liat
578 5305 744 5369 seeundum
764 5307 856 5386 quod,
878 5307 954 5368 MG.
997 5306 1080 5383 lvel,
1101 5305 1168 5382 OC,
1189 5308 1234 5380 V;
1255 5327 1322 5381 nec,
1343 5307 1409 5381 ΟΕ,
1431 5308 1504 5368 CM.
1547 5305 1664 5386 ‘qnod
1685 5307 1725 5385 V,
1748 5309 1822 5370 MA

233 5406 338 5484 'Om.,
353 5410 422 5485 OB,
436 5410 513 5485 MA,
527 5410 602 5470 ΜΒ.
