4394 6342
861 450 923 512 na
946 449 1164 512 reasorrs
1766 456 1816 526 33

225 613 265 682 et
279 601 520 681 defendant⁴⁸
536 601 704 703 patriam
719 611 759 679 et
774 600 964 701 populum
980 601 1052 678 dei.
1072 601 1174 679 Sunt
1191 601 1307 678 etiam
1324 601 1396 678 sub
1411 626 1503 700 rege
1519 600 1628 678 liberi
1644 601 1816 679 homines

225 733 265 800 et
282 722 382 799 servi
399 720 467 799 et⁴⁴
485 719 566 799 eius
585 721 770 820 potestati
789 719 989 808 subiecti,⁴⁸
1009 731 1048 800 et
1067 718 1218 796 omnis‘⁸
1238 719 1393 818 quidem
1413 721 1484 798 sub
1504 745 1561 810 eo,
1581 730 1621 799 et
1640 720 1723 820 ipse
1744 720 1816 798 sub

225 839 333 918 nullo
347 841 420 919 nisi
433 848 590 919 tantum
604 841 675 918 sub
689 842 773 918 deo.

324 962 415 1038 Bao
427 985 506 1036 aon
519 959 633 1038 habet
647 983 794 1060 parem.

224 1079 377 1156 Parnm
394 1087 526 1158 autem
542 1079 751 1158 nonhabet
768 1077 864 1156 rex⁴⁷
882 1078 922 1154 in
938 1103 1059 1176 regno
1076 1104 1157 1168 suo,
1176 1078 1265 1178 quia
1283 1079 1336 1156 sio
1353 1079 1549 1156 amitteret
1565 1087 1815 1180 praeceptum,

224 1225 313 1276 eum
331 1225 405 1299 par
422 1199 616 1298 inparem
634 1223 714 1275 non
732 1197 901 1274 habeat⁴⁸
918 1198 1133 1298 imperium.
1155 1200 1260 1275 Item
1279 1223 1349 1275 neo
1366 1197 1492 1275 multo
1512 1197 1681 1275 fortius⁴⁰
1703 1223 1815 1298 supe·

224 1317 376 1408 riorem,
389 1345 513 1417 neque
526 1317 783 1417 potentiorem
794 1317 933 1395 habere
946 1318 1072 1407 debet,
1084 1317 1176 1416 quia
1188 1317 1241 1395 sic
1254 1326 1353 1396 esset
1365 1317 1527 1394 inferior
1541 1317 1612 1396 sibi
1625 1317 1815 1408 subiectis,

224 1447 264 1514 et
287 1436 488 1516 inferiores
512 1462 626 1538 pares
650 1463 731 1515 esse
755 1462 835 1514 non
857 1447 1021 1536 possunt
1045 1436 1337 1537 potentioribus.
1366 1437 1459 1536 Ipse
1485 1446 1615 1515 autem
1640 1463 1710 1514 rex
1736 1463 1816 1514 non

224 1559 339 1635 debet
352 1583 432 1636 esse
446 1557 517 1634 sub
530 1556 682 1634 homine
697 1555 764 1634 sed
778 1556 849 1632 sub
864 1557 936 1633 deo
951 1565 991 1634 et
1005 1557 1188 1654 sublege,
1204 1555 1295 1654 quia
1308 1558 1372 1632 lex
1388 1556 1485 1632 facit
1498 1555 1671 1656 regem.⁶⁰
1686 1557 1814 1634 Attri-

223 1805 357 1874 tatem.
374 1796 469 1872 Non
483 1805 543 1873 est
557 1794 659 1872 enim
674 1820 745 1871 rex
760 1795 825 1872 ubi
842 1793 1062 1872 dominatur
1077 1795 1256 1872 voluntas
1274 1803 1313 1872 et
1330 1793 1437 1871 n0n⁸²
1453 1794 1527 1873 lex.
1546 1794 1605 1873 Et
1622 1797 1726 1894 quod
1743 1795 1815 1873 sub

223 1915 309 2013 lege
329 1940 410 1994 esse
429 1912 578 2003 debeat,
598 1939 687 1990 cum
707 1913 757 1992 sit
775 1914 837 1990 dei
856 1913 1031 2003 vicarius,
1051 1913 1247 1991 evidenter
1269 1923 1434 2013 apparet
1456 1914 1506 1990 ad
1527 1913 1815 1992 similitudinem

225 2035 343 2111 Ihesu
360 2033 517 2123 Christi,
535 2033 642 2110 cuius
661 2033 760 2110 vices
777 2032 879 2132 gerit
897 2033 937 2108 in
954 2033 1077 2111 terris.
1098 2032 1204 2121 Quia
1222 2059 1341 2110 verax
1358 2033 1419 2110 dei
1437 2033 1706 2124 misericordia,
1726 2059 1815 2110 eum

224 2154 275 2230 ad
301 2151 637 2251 recuperandum⁶⁸
665 2152 877 2231 humanum
904 2175 1028 2251 genus
1055 2151 1303 2229 ineffabiliter
1330 2153 1366 2228 ei
1395 2153 1520 2229 multa
1549 2161 1812 2252 suppeterent,

223 2270 321 2348 hano
340 2270 579 2371 potissimum
598 2271 715 2369 elegit
733 2272 848 2360 viam,
867 2269 974 2370 qua⁸⁴
993 2272 1044 2348 ad
1062 2271 1340 2349 destruendum
1360 2297 1458 2370 opus
1478 2270 1619 2349 diaboli
1639 2297 1719 2348 non
1738 2272 1813 2348 rir-

223 2398 307 2467 tute
323 2399 500 2468 uteretur
517 2389 699 2490 potentiae
716 2390 782 2467 sed
799 2389 953 2466 iustitiae
969 2390 1129 2467 ratione.
1148 2391 1207 2468 Et
1226 2391 1278 2468 sic
1295 2417 1375 2468 esse
1393 2389 1543 2467 voluit⁸⁶
1563 2391 1634 2467 sub
1652 2389 1749 2489 lege,
1768 2401 1815 2469 ut

221 2533 287 2586 eos
304 2509 370 2608 qui
387 2510 458 2587 sub
475 2509 560 2608 lege
576 2519 687 2586 erant
703 2510 918 2587 redimeret.
937 2509 1077 2587 Noluit
1095 2511 1197 2586 enim
1214 2511 1273 2585 uti
1290 2510 1446 2599 viribus,
1466 2509 1560 2587 sed⁸⁰
1577 2510 1727 2587 iudicio,
1750 2511 1814 2588 Sic

223 2627 340 2705 etiam
353 2628 467 2707 beata
480 2627 542 2706 dei
555 2629 745 2727 genetrix,
760 2629 871 2728 virgo
886 2628 1028 2718 Maria,
1044 2638 1169 2706 mater
1185 2629 1340 2719 domini,
1358 2628 1468 2728 quae⁵²
1485 2629 1672 2728 singulari
1688 2630 1813 2728 prive-

221 2747 315 2846 ligio
330 2774 450 2848 supra
463 2749 590 2846 legem
605 2747 683 2825 fuit
698 2773 772 2847 pro
787 2747 1024 2824 ostendendo
1039 2748 1198 2825 tamen⁸⁸
1215 2747 1470 2824 humilitatis⁶'
1486 2750 1664 2848 exemplo
1680 2749 1812 2849 legali·

222 2867 294 2945 bus
318 2867 429 2944 subdi
452 2892 531 2943 non
554 2866 703 2964 refugit
725 2865 924 2944 institutis
952 2866 1017 2943 Sic
1039 2893 1134 2966 ergo
1157 2892 1239 2956 rex,
1263 2867 1340 2945 ne⁸⁰
1364 2876 1538 2967 potestas
1563 2893 1633 2945 sua
1657 2878 1814 2946 maneat

221 2985 429 3064 infrenata.
447 2986 579 3084 Igitur
593 3011 672 3063 non
687 2987 800 3064 debet
816 3011 896 3064 esse
911 2985 1034 3063 maior
1048 3012 1093 3063 eo
1108 2987 1150 3063 in
1165 2986 1275 3085 regni
1291 3013 1361 3063 suo
1376 2987 1417 3064 in
1432 2986 1663 3064 exhibitione
1677 2986 1812 3075 iuris,⁸²

221 3103 400 3182 minimus
422 3114 552 3182 autem
571 3130 651 3182 esse
670 3103 794 3208 debet,
814 3105 875 3182 vel
896 3103 1015 3204 quasi,
1035 3106 1076 3182 in
1094 3105 1234 3182 iudicio
1254 3104 1523 3205 suscipiendo⁶²
1544 3107 1575 3184 si
1596 3105 1746 3205 petat.⁸⁸
1769 3106 1813 3183 Si

222 3232 354 3302 autem
372 3223 421 3301 ab
440 3249 485 3300 eo
504 3232 674 3325 petatur,
693 3249 781 3300 cum
801 3225 915 3301 breve
934 3249 1013 3300 non
1032 3234 1164 3302 currat
1183 3234 1319 3301 eontra
1338 3225 1478 3325 ipsum,
1498 3225 1604 3303 locus
1625 3226 1698 3303 erit
1721 3251 1811 3326 sup·

221 3341 431 3441 plicationi,
456 3344 559 3441 quod
584 3344 733 3420 factum
758 3368 871 3420 suum
895 3342 1066 3442 corrigat
1089 3353 1128 3421 et
1153 3345 1342 3434 emendet,
1369 3344 1472 3443 quod
1498 3344 1652 3444 quidem
1677 3346 1708 3422 si
1734 3370 1813 3422 non

222 3460 252 3536 f.
267 3462 311 3554 6]
367 3461 513 3552 feeerit,
541 3462 633 3539 satis
659 3461 798 3540 suffieit
822 3463 857 3538 ei
885 3463 935 3540 ad
960 3487 1128 3562 poenam,
1156 3465 1259 3562 quod
1286 3463 1402 3540 deum
1428 3472 1607 3564 expectet
1633 3466 1810 3541 rdtorem.

221 3580 350 3657 Nemo
363 3579 530 3679 quidem²
545 3582 593 3658 de
605 3581 720 3658 factis
733 3581 810 3659 suis
823 3581 1046 3683 praesumat¹
1060 3582 1285 3681 disputare,⁸
1299 3608 1369 3660 nee
1383 3583 1507 3660 multo
1522 3583 1663 3661 fortius
1676 3593 1813 3661 contra

221 3698 370 3776 factum
386 3725 499 3776 suum
514 3700 655 3777 venire.

321 3936 416 4014 Alia
433 3936 567 4015 divuio
585 3962 851 4037 personarum,
870 3939 976 4037 quod
994 3939 1252 4017 aeternitati
1269 3939 1363 4017 iuria
1382 3951 1452 4017 aut
1471 3940 1586 4018 alieni
1604 3950 1673 4018 aot
1691 3939 1810 4019 dubii.

219 4054 402 4131 Drcrurr
418 4065 477 4133 est
492 4080 612 4156 supra
627 4057 675 4134 de
690 4066 796 4135 statu
811 4082 1074 4155 personarum.
1092 4059 1211 4135 Nunc
1226 4059 1482 4158 supponenda
1498 4068 1556 4137 eat
1573 4060 1648 4135 alia
1665 4060 1810 4149 divisio,

220 4182 266 4249 ut
282 4199 355 4273 per
372 4173 574 4252 divisiones
592 4175 758 4252 facilius*
774 4176 956 4253 tradatur
973 4177 1159 4268 doctrina,
1179 4177 1339 4277 partitio
1357 4177 1460 4254 enim
1479 4178 1557 4255 sive
1577 4178 1710 4255 divisio
1731 4179 1810 4255 ani·

221 4356 248 4393 ⁴⁸
259 4359 439 4436 defendent,
458 4360 527 4436 OB,
547 4363 621 4438 CM,
641 4361 713 4424 HA.
754 4361 874 4440 “Om,
892 4364 970 4440 MG,
990 4365 1065 4438 CM,
1085 4364 1158 4426 ΗΒ.
1199 4361 1226 4398 ⁴⁸
1238 4363 1364 4440 subditi,
1385 4366 1451 4441 LA,
1472 4366 1547 4426 ΜΒ.
1588 4362 1713 4443 “quas,
1733 4366 1811 4442 MG,

221 4460 295 4523 CM.
332 4459 358 4495 *τ
370 4462 451 4539 Om,
466 4463 535 4540 OA,
550 4464 616 4540 LA,
631 4464 697 4526 OC.
734 4463 877 4538 “hobet,
891 4465 960 4543 OB,
977 4467 1053 4540 MA,
1070 4465 1293 4542 MG,P;om.,
1309 4467 1383 4528 ΜΒ.
1421 4464 1449 4500 ⁴⁰
1462 4465 1574 4529 fortius
1590 4472 1634 4543 in,
1651 4466 1727 4541 MA,
1743 4467 1810 4543 ΟΕ,

221 4563 261 4639 Y,
275 4564 333 4626 OB
353 4564 447 4641 (corr.
462 4563 555 4642 nee);
571 4565 742 4641 fortiorem,
758 4567 840 4639 MB;
857 4567 970 4629 fortius
985 4565 1118 4628 inferior
1133 4572 1176 4642 in,
1192 4568 1265 4628 ΗΑ.
1303 4565 1329 4600 ⁸⁰
1342 4586 1396 4628 rex
1413 4568 1492 4629 facit
1506 4569 1618 4647 legem,
1636 4568 1713 4643 MG,
1729 4569 1809 4641 cM;

219 4662 269 4725 lex
286 4663 491 4745 feeitlegem,
508 4667 583 4727 ΜΒ.
622 4665 824 4744 ⁶²om.‚00,
842 4668 917 4742 CM,
935 4668 1013 4742 MG,
1031 4669 1067 4730 P.
1106 4667 1206 4729 ὕἰιοιι
1224 4676 1281 4742 est,
1298 4669 1374 4744 CM,
1393 4670 1428 4730 P.
1468 4666 1724 4748 “reparandum
1743 4670 1811 4744 OC,

221 4765 294 4840 OD,
315 4767 382 4841 LA,
403 4767 480 4842 MG,
501 4768 575 4842 CM,
596 4769 633 4843 P,
653 4768 691 4829 V.
734 4767 871 4846 ⁸⁴quasi,
890 4769 935 4842 V;
957 4789 1028 4847 quo,
1049 4770 1127 4844 MG,
1150 4771 1191 4842 P;
1213 4791 1289 4848 quae,
1312 4771 1392 4843 cM;
1413 4791 1514 4849 quam,
1538 4771 1611 4832 MC.
1655 4768 1682 4804 ⁶⁸
1693 4769 1810 4846 debuit,

220 4867 298 4944 MG,
315 4868 388 4929 CM.
426 4866 454 4902 ⁸⁸
465 4868 520 4931 sed
536 4873 656 4929 ratione
673 4878 715 4943 et,
731 4871 771 4946 V,
788 4870 868 4942 HA;
886 4870 941 4932 aed
959 4873 1089 4944 ratione,
1106 4869 1178 4930 OD.
1217 4868 1243 4903 ⁸⁷
1255 4875 1319 4949 qui,
1336 4871 1405 4946 OB,
1424 4872 1500 4946 MA,
1518 4871 1558 4948 Y,
1578 4872 1650 4933 ΗΒ.
1690 4869 1810 4949 ‘'Om,

221 4968 302 5041 MA3
321 4989 401 5044 eum,
420 4970 498 5044 MG,
518 4970 591 5030 HA.
633 4968 659 5003 ⁵⁹
670 4970 883 5048 humanitatis,
903 4972 973 5047 OB,
993 4972 1076 5045 MB;
1096 4972 1301 5034 humilitatem
1325 4972 1406 5049 (eius
1427 4971 1613 5052 legalibus),
1635 4972 1713 5048 MG,
1735 4973 1809 5034 CM.

220 5068 368 5148 ”noque
390 5072 458 5148 OC,
482 5072 558 5147 ΜΒ,
581 5072 621 5133 Y.
666 5069 796 5151 ⁶²legis,
820 5072 899 5147 MG,
923 5073 996 5134 CM.
1042 5070 1070 5106 ⁸²
1081 5072 1287 5151 suspiciendo,
1312 5074 1387 5148 CM,
1413 5075 1479 5135 MA
1507 5073 1632 5152 (core).
1680 5071 1809 5152 ”petit

220 5168 290 5246 OB,
305 5171 381 5233 ΜΒ.

304 5271 420 5348 ²enim,
444 5274 522 5348 MG,
546 5273 619 5335 CM.
665 5271 770 5352 ¹0m,
793 5275 870 5350 ΜΒ,
893 5275 963 5352 OB,
986 5275 1026 5336 Y.
1070 5273 1255 5354 ⁸disputare
1280 5275 1383 5354 debet,
1407 5276 1476 5354 OB,
1500 5276 1539 5337 Y.
1586 5274 1745 5351 ⁴faessior,
1769 5276 1810 5350 V,

220 5374 287 5450 LA,
301 5374 379 5450 MG,
392 5375 466 5451 HA,
480 5375 553 5437 MC.
