4432 6340
376 503 448 577 176
906 492 1129 556 BRACTON:
1151 493 1213 554 DE
1235 492 1428 555 LEGIBUS

371 647 459 724 finis
472 646 537 746 qui
549 645 723 744 sequitur
734 671 783 720 ex
794 671 850 722 ea.
865 646 968 721 Item
979 654 1062 721 esto
1075 645 1179 744 quod
1190 644 1299 720 heres
1310 668 1399 720 cum
1411 641 1463 719 sic
1475 642 1524 720 sit
1537 642 1577 717 in
1590 641 1739 731 seisina,
1752 641 1966 718 manerium

373 789 462 841 cum
477 762 718 864 pertinentiis
734 762 919 840 dimiserit
933 763 983 838 ad
998 763 1152 840 firmam
1167 765 1217 839 ad
1233 762 1441 839 terminum
1458 785 1659 849 annorum,
1675 770 1715 837 et
1731 770 1820 860 post
1837 760 1964 837 dimis-

374 884 479 962 sione
503 882 668 960 durante
691 882 855 960 termino
878 880 1164 959 confirmaverit
1187 880 1316 957 abbati
1342 879 1588 956 donationem
1613 879 1760 956 factam
1784 879 1833 955 ab
1858 888 1964 956 ante·

374 1025 522 1079 cessore
547 1026 629 1091 suo,
654 1001 789 1078 eodem
815 1000 931 1076 modo
958 1025 1034 1099 quo
1061 999 1288 1098 pradictum
1315 1007 1391 1075 estc
1420 1007 1532 1075 vacat
1559 997 1727 1087 ecclesia,
1755 1006 1964 1096 presentat

374 1121 503 1212 abbas,
519 1127 728 1221 presentat
743 1119 863 1208 heres,
879 1126 1089 1218 praesentat
1104 1117 1308 1194 firmarius.
1326 1116 1474 1193 Abbati
1489 1116 1740 1215 praesentanti
1756 1116 1965 1216 respondet

373 1242 481 1318 heres
500 1241 604 1339 quod
621 1247 730 1316 carta
747 1238 994 1316 antecessoris
1013 1236 1071 1314 sui
1089 1261 1211 1312 vacua
1229 1244 1286 1313 est
1304 1260 1376 1335 per
1394 1260 1472 1311 non
1491 1260 1615 1311 usum.
1636 1234 1705 1311 Ad
1724 1235 1828 1333 quod
1847 1235 1964 1312 abbas

373 1357 593 1458 respondet⁷
613 1358 716 1456 quod
732 1357 821 1432 ficet
838 1363 945 1432 carta
962 1353 1225 1432 antecessoris⁸
1241 1377 1363 1430 vacua
1381 1355 1430 1430 sit
1448 1352 1496 1428 ab
1515 1353 1635 1442 initio,
1653 1361 1785 1429 tamen
1801 1352 1965 1429 efficitur

373 1479 501 1556 valida
515 1504 586 1578 per
598 1475 927 1553 confirmationem
941 1483 979 1550 et
995 1499 1066 1572 per
1075 1473 1202 1549 finem.
1213 1471 1282 1548 Ad
1292 1472 1396 1570 quod
1403 1470 1512 1546 heres
1522 1470 1743 1569 respondet⁹
1753 1469 1885 1569 quod¹⁰
1894 1495 1965 1547 nec

373 1605 482 1674 carta
496 1621 566 1673 nec
580 1593 820 1670 confirmatio
835 1617 905 1670 nec
919 1591 1006 1669 finis
1021 1589 1149 1668 valere
1163 1590 1340 1680 debeant,
1355 1589 1446 1689 quia
1462 1599 1552 1668 ante
1567 1589 1646 1665 brec
1660 1590 1790 1666 omnia
1805 1591 1965 1667 dederat

373 1717 457 1815 ipse
474 1716 525 1791 ad
541 1714 749 1793 terminum
765 1711 981 1788 manerium
997 1735 1086 1787 cum
1103 1709 1363 1787 advocatione.
1382 1708 1452 1784 Ad
1469 1708 1573 1806 quod
1592 1707 1709 1785 abbas
1728 1707 1964 1808 respondet¹²

374 1834 478 1933 quod
491 1832 562 1908 boc
576 1833 611 1909 ei
626 1856 762 1908 nocere
777 1855 856 1907 non
872 1827 997 1918 debet,
1014 1828 1104 1927 quia
1120 1826 1294 1927 quamvis
1309 1827 1417 1904 beres
1434 1827 1648 1902 manerium
1664 1851 1753 1902 cum
1768 1826 1963 1926 pertinen·

374 1952 436 2028 tiis
456 1952 568 2028 daret
589 1951 641 2027 ad
659 1949 880 2038 terminum,
902 1958 1034 2026 tamen
1054 1944 1265 2024 remansit¹²
1287 1945 1321 2022 ei
1344 1945 1562 2044 proprietas
1583 1944 1651 2021 et²³
1673 1945 1837 2022 libemm
1859 1954 1963 2022 tene-

372 2079 559 2159 mentum,
575 2079 613 2146 et
629 2069 910 2168 propterquod
926 2066 1054 2143 valida
1069 2065 1183 2143 debet
1199 2090 1280 2142 esse
1295 2063 1546 2140 confirmatio.
1564 2064 1634 2139 Ad
1651 2063 1754 2162 quod
1771 2063 1963 2140 firmarius

373 2188 581 2287 respondet
601 2188 705 2287 quod
726 2187 923 2284 adipsum
942 2184 1111 2284 pertinet
1131 2181 1389 2283 presentatio,
1412 2182 1503 2281 quia
1524 2191 1613 2259 ante
1634 2182 1964 2259 confirmationem

374 2305 572 2383 dimissum
586 2304 737 2383 fuitei*
750 2304 965 2381 manerium
978 2303 1059 2380 sine
1072 2301 1285 2378 retentione
1299 2301 1350 2378 ad
1363 2300 1571 2378 terminum
1585 2325 1672 2376 cum
1686 2300 1861 2377 omnibus
1877 2326 1964 2399 per·

372 2423 584 2514 tinentiis,¹⁸
604 2434 644 2502 et
664 2424 768 2523 quod
786 2421 1027 2500 confirmatio
1048 2420 1281 2519 subsequens
1300 2419 1395 2496 nihil
1415 2419 1509 2495 iuris
1530 2420 1564 2497 ei
1586 2419 1741 2495 auferre
1763 2419 1903 2518 potuit,
1925 2428 1964 2496 et

374 2571 451 2645 quo
462 2569 552 2621 casu
564 2543 757 2620 firmarius
770 2541 966 2619 obtinebit.
982 2542 1140 2617 Etcum
1152 2541 1208 2616 ita
1220 2538 1520 2639 praesentaverit,
1535 2539 1746 2626 continuat,
1761 2538 1963 2637 possessio

373 2689 462 2740 nem
480 2661 629 2739 heredis
648 2660 755 2738 cuius
775 2660 928 2737 nomine
949 2658 1207 2758 presentavit,
1229 2667 1269 2735 et
1290 2657 1342 2734 sic
1362 2656 1601 2733 confirmatio
1624 2655 1759 2733 nulla²⁰
1780 2655 1853 2732 nisi
1875 2665 1964 2756 post

374 2781 581 2858 terminum
593 2779 786 2856 ratificata
798 2779 917 2855 luerit
931 2778 979 2854 ab
992 2778 1140 2854 herede.
1159 2778 1237 2854 Sed
1252 2785 1404 2853 retento
1415 2777 1541 2875 primo
1554 2801 1657 2864 casu,
1672 2776 1703 2852 si
1716 2776 1821 2853 infra
1834 2775 1963 2854 termi-

372 2924 468 2976 num
484 2897 640 2976 ecclesia
655 2923 733 2974 non
749 2897 953 3005 vacaverit,
971 2921 1122 2996 semper
1138 2895 1212 2974 erit
1228 2896 1469 2972 confirmatio
1487 2896 1594 2971 facta
1610 2904 1700 2995 post
1716 2895 1964 2972 traditionem

374 3021 414 3097 in
437 3019 621 3120 pendenti
643 3042 841 3116 quousque
862 3014 1049 3092 terminus
1073 3013 1311 3114 praeterierit.
1337 3015 1504 3091 Etcum
1528 3013 1684 3090 ecclesia
1707 3014 1813 3090 infra
1834 3013 1964 3091 termi-

374 3164 468 3215 num
494 3162 573 3213 non
597 3135 801 3224 vacaverit,
828 3143 971 3211 extunc
995 3133 1153 3232 incipiet
1178 3132 1419 3209 confirmatio
1445 3132 1559 3208 firma
1584 3157 1666 3208 esse
1692 3141 1731 3208 et
1757 3130 1897 3220 valida,
1924 3140 1964 3208 et

374 3265 516 3333 extunc
534 3254 741 3354 pertinebit
760 3251 1004 3351 praesentatio
1024 3252 1075 3336 ad
1093 3250 1282 3327 abbatem.
1303 3252 1361 3328 Et
1380 3251 1458 3326 baec
1477 3251 1606 3326 omnia
1624 3251 1751 3327 locum
1769 3250 1965 3326 habebunt

374 3377 415 3451 in
439 3375 544 3451 omni
568 3397 659 3450 casu
684 3373 751 3474 ubi
775 3379 1038 3449 tenementum
1065 3369 1115 3446 ad
1141 3371 1246 3468 quod
1271 3368 1472 3447 advocatio
1499 3369 1740 3468 pertinuerit,
1767 3369 1818 3444 ud
1845 3368 1964 3444 domi·

374 3519 469 3570 num
493 3490 742 3592 proprietatis
766 3498 856 3590 post
878 3499 1033 3587 tempus
1058 3498 1097 3566 et
1121 3489 1329 3565 terminum
1353 3487 1427 3565 erit
1451 3486 1733 3564 reversurum.²²
1760 3487 1821 3562 Ut
1846 3487 1878 3563 si
1904 3485 1964 3561 cui

374 3613 607 3688 concedatur
631 3618 894 3688 tenementum
920 3632 1008 3684 cum
1034 3606 1276 3706 pertinentiis
1302 3631 1423 3705 usque
1450 3607 1500 3683 ad
1526 3614 1679 3682 aetatem
1706 3605 1876 3695 alicuius,
1904 3603 1965 3680 vel

375 3731 404 3806 l.
419 3729 514 3824 59b]
570 3730 691 3805 donec
711 3728 909 3828 provisum
931 3726 1062 3815 fuerit,
1082 3727 1143 3802 vel
1164 3726 1195 3802 si
1217 3725 1301 3824 quis
1322 3725 1491 3801 tenuerit
1512 3724 1562 3801 ad
1583 3725 1703 3801 vitam
1725 3749 1965 3823 quacumque

373 3853 534 3940 ratione,
553 3851 657 3950 quod
673 3847 914 3925 confirmatio
932 3846 1088 3923 omnino
1106 3871 1185 3921 non
1203 3844 1331 3921 valeat
1348 3844 1408 3920 vel
1427 3853 1625 3928 remaneat
1642 3844 1683 3920 in
1703 3868 1898 3942 suspenso
1922 3842 1965 3919 Si

375 3981 505 4049 autem
526 3971 598 4048 fiat
618 3968 776 4045 donatio
798 3975 838 4042 ct
860 3965 1049 4042 concessio
1073 3963 1231 4040 alicuius
1254 3963 1309 4038 rei
1330 3962 1539 4061 corporalis
1563 3962 1624 4038 vel
1647 3962 1739 4039 iuris
1764 3962 1812 4038 ab
1837 3961 1964 4061 aliquo

375 4093 455 4168 sine
475 4091 603 4189 aliqua
622 4114 691 4188 spe
709 4084 945 4174 reversionis,
966 4093 1004 4160 et
1025 4091 1209 4181 sequatur
1227 4080 1397 4170 traditio,
1418 4090 1561 4157 extunc
1581 4081 1612 4157 si
1633 4081 1703 4157 fiat
1724 4080 1965 4156 confirmatio

375 4209 533 4286 alicuius
554 4205 771 4283 donationis
794 4201 1043 4303 praecedentis
1064 4227 1148 4300 quae
1168 4199 1398 4299 imperfecta
1421 4199 1551 4287 luerit,
1575 4199 1635 4275 vel
1658 4199 1765 4275 cuius
1788 4198 1965 4276 seisinam

375 4328 459 4428 quis
474 4327 643 4404 amiserit
658 4350 729 4424 per
743 4348 821 4399 non
835 4346 959 4410 usum,
976 4345 1054 4397 non
1068 4317 1222 4406 valebit,
1236 4318 1325 4395 licet
1341 4326 1476 4416 postea
1491 4342 1551 4394 res
1568 4343 1617 4393 ex
1632 4317 1708 4393 alia
1722 4342 1849 4406 causa,
1867 4317 1965 4394 sicut

375 4472 447 4546 per
471 4445 682 4533 eschaetam,
707 4448 925 4518 revertatur
950 4439 1000 4516 ad
1026 4439 1263 4526 donatorem,
1290 4436 1379 4535 quia
1405 4445 1547 4512 extunc
1574 4435 1650 4512 alia
1674 4436 1964 4512 confirmatione

376 4589 473 4664 opus
494 4563 578 4639 erit.
602 4561 645 4638 Si
666 4569 797 4636 autem
818 4558 977 4635 dubium
998 4556 1118 4632 luerit
1139 4581 1190 4632 an
1210 4563 1439 4642 revertatur,
1460 4563 1591 4630 tamen
1612 4579 1691 4630 non
1713 4553 1855 4631 valebit
1876 4578 1964 4630 con·

375 4681 543 4760 firmatio
563 4680 594 4756 si
616 4680 719 4756 forte
740 4677 860 4755 fuerit
881 4701 951 4775 per
971 4674 1305 4774 presentationem
1325 4669 1585 4771 interrupta²⁸
1607 4672 1666 4749 Et
1686 4673 1727 4748 in
1749 4672 1853 4749 omni
1874 4698 1965 4749 casu

375 4810 531 4902 oportet
554 4799 657 4899 quod
679 4797 743 4873 ille
765 4796 832 4895 qui
854 4794 1057 4871 confirmat
1081 4793 1141 4869 vel
1164 4791 1402 4890 recognoscit
1426 4792 1476 4869 sit
1499 4791 1540 4867 in
1564 4792 1801 4891 possessione
1825 4791 1880 4869 rei
1903 4791 1965 4868 vel

376 5019 572 5099 'respondit
588 5019 658 5093 ΟΛ,
673 5015 739 5089 OC,
757 5013 832 5074 MB.
871 5011 1098 5072 ⁸sntecessoris
1115 5015 1173 5086 sui,
1189 5010 1229 5085 V,
1246 5009 1314 5082 OC,
1330 5010 1370 5083 Y,
1389 5007 1465 5068 MG.
1504 5005 1701 5087 'respondit
1718 5009 1786 5086 OA,
1804 5007 1872 5085 OC,
1889 5009 1966 5085 MA,

376 5121 450 5182 MC.
489 5118 555 5154 ²²²²²
568 5119 649 5193 Om,
667 5117 737 5192 OB,
754 5117 831 5191 MA,
850 5114 926 5188 ΜΒ,
944 5113 1012 5187 CE,
1029 5112 1104 5185 CM,
1122 5111 1196 5171 MC.
1236 5107 1445 5186 ¹¹respondit,
1464 5110 1533 5186 OA,
1551 5111 1617 5172 OC.
1659 5109 1686 5144 ²²
1697 5116 1878 5190 permansit,
1897 5112 1966 5185 OB,

377 5221 453 5295 MA,
469 5220 544 5281 MB.
581 5217 671 5294 ¹⁸sd,
686 5217 755 5292 OB,
771 5217 848 5292 MA,
863 5215 939 5276 MB.
976 5212 1002 5249 ²⁴
1015 5214 1095 5287 Om,
1110 5213 1179 5289 OB,
1196 5212 1271 5286 MA,
1287 5211 1363 5285 MB,
1381 5212 1454 5272 CM.
1492 5211 1728 5291 ²⁸pertinentiis
1745 5217 1819 5290 suis,
1835 5213 1874 5286 V,
1891 5214 1965 5274 cM.

375 5319 404 5356 ¹‘
415 5319 481 5398 illa,
498 5320 568 5394 OA,
585 5319 652 5394 LA,
670 5318 743 5392 MC,
762 5316 845 5390 MG;
862 5315 919 5377 illa
936 5323 984 5378 est
1000 5335 1108 5389 vacua,
1126 5315 1163 5374 V.
1202 5311 1229 5346 ¹⁷
1241 5332 1428 5388 eversurum,
1446 5313 1515 5388 OB,
1534 5314 1609 5390 MA,
1630 5315 1704 5376 MB.
1745 5314 1773 5349 ²⁸
1784 5315 1864 5392 Om,
1883 5316 1965 5388 MB3

376 5428 594 5501 interruptam,
608 5420 686 5494 MG,
701 5418 774 5480 CM.
