4394 6342
578 1354 673 1451 DE
704 1353 1173 1467 ADQUIRBNDO
1204 1354 1452 1451 RERUM
1482 1352 1784 1451 DOMINIO

487 1593 666 1687 Qualiter
681 1593 852 1671 dominio
867 1617 997 1670 rerum
1014 1593 1273 1692 adquiruntur
1290 1594 1339 1671 dc
1355 1594 1439 1671 iure
1457 1591 1627 1670 naturali
1644 1591 1706 1670 vel
1722 1591 1908 1692 pentiurn.

493 1723 685 1802 ICTUM
708 1731 766 1800 est
788 1747 907 1822 supra
928 1723 976 1800 de
998 1748 1127 1800 rerum
1150 1722 1345 1800 divisione.
1370 1723 1488 1800 Nunc
1510 1731 1641 1800 autem
1664 1723 1868 1800 dicendum
1890 1720 1977 1800 est⁸⁸

499 1845 664 1947 qualiter
687 1845 856 1923 dominia
878 1870 1009 1922 rerum
1032 1844 1291 1944 adquimntur
1315 1847 1363 1922 de
1386 1845 1470 1922 iure
1493 1845 1662 1923 natrnnli
1687 1845 1765 1922 sive
1789 1845 1976 1943 gentium,

385 1975 431 2044 ut
443 1993 468 2043 a
480 1966 689 2043 vetustiore
703 1965 785 2042 iure
798 1964 1017 2064 incipiatur,
1033 1965 1136 2064 quod
1151 1990 1239 2041 cum
1253 1966 1338 2064 ipso
1352 1989 1493 2063 genere
1507 1965 1676 2042 humano
1692 1989 1821 2042 rerum
1836 1973 1978 2041 natura

386 2086 570 2185 prodidit,
583 2094 622 2162 et
634 2093 724 2184 post
737 2084 941 2162 dicendum
955 2084 1027 2162 erit
1042 2086 1090 2161 de
1104 2085 1186 2161 iure
1200 2083 1312 2174 civili,
1327 2083 1458 2184 quod⁸²
1473 2091 1610 2183 postea
1622 2109 1704 2161 esse
1717 2081 1874 2182 coepit,⁸⁸
1889 2109 1978 2160 cum

386 2214 426 2282 et
441 2205 613 2282 civitates
628 2204 740 2280 condi
756 2213 795 2280 et
809 2202 1061 2301 magistratus
1076 2203 1197 2279 creari
1213 2212 1252 2282 et
1267 2204 1372 2301 leges
1388 2204 1499 2280 scribi
1516 2213 1727 2302 coepenmt.

486 2325 553 2400 De
567 2322 662 2418 feria
679 2323 819 2400 bestiis.

387 2443 495 2520 Iolen
526 2452 656 2519 autem
685 2441 861 2540 gentium
890 2442 967 2518 sive
997 2442 1166 2518 naturali
1196 2441 1365 2519 dominia
1395 2467 1525 2519 rerum
1557 2441 1815 2541 adquiruntur
1845 2442 1977 2519 multis

386 2562 521 2639 modis.
540 2561 740 2661 Imprimis
758 2587 829 2662 per
847 2561 1137 2660 occupationem
1156 2587 1288 2638 eorum
1308 2587 1392 2660 quae
1410 2587 1489 2637 non
1507 2571 1599 2638 sunt
1618 2562 1659 2637 in
1678 2561 1786 2638 bonis
1806 2561 1977 2650 alicuius,

386 2690 426 2757 et
448 2704 531 2779 quae
553 2679 683 2756 nunc⁸⁹
705 2690 796 2757 sunt
816 2679 936 2779 ipsius
957 2678 1059 2777 regis
1082 2682 1129 2757 de
1151 2680 1233 2756 iure
1254 2679 1354 2755 civili
1376 2689 1416 2756 et
1438 2679 1544 2756 non⁴⁰
1566 2678 1784 2756 communia
1806 2689 1850 2757 ut
1872 2680 1975 2756 olim.

389 2798 498 2875 Sicut
516 2808 608 2876 sunt
625 2800 718 2875 ferae
734 2799 874 2890 bestiae,
893 2799 1066 2876 volucres
1083 2809 1123 2876 et
1141 2798 1274 2898 pisces,
1295 2798 1361 2874 id⁴²
1381 2798 1468 2876 est⁴²
1486 2797 1616 2875 omnia
1635 2798 1815 2876 animalia
1833 2824 1918 2898 quae
1937 2801 1978 2874 in

385 2925 492 2994 terra
509 2928 547 2995 et
565 2918 606 2994 in
622 2919 720 2995 mari
738 2927 777 2994 et
794 2917 959 3008 incaelo,
978 2917 1045 2995 id⁴⁸
1064 2918 1150 2996 est⁴⁴
1168 2919 1209 2995 in
1227 2943 1311 3008 aere,
1330 2927 1554 3007 nascuntur,
1573 2919 1802 3017 ubicumque
1821 2918 1976 3018 capian-

385 3047 462 3127 tur,
476 3047 614 3115 etcum
626 3048 743 3137 capta
756 3037 930 3114 fuerint⁴⁸
943 3039 1132 3137 incipiunt
1146 3065 1227 3115 esse
1241 3063 1337 3127 mea,
1352 3038 1442 3137 quia
1455 3063 1541 3114 mea
1555 3036 1729 3115 custodia
1742 3046 1976 3114 coercentur.

387 3159 444 3235 Et
460 3159 594 3236 eadem
609 3158 769 3246 ratione,
786 3157 817 3234 si
834 3158 1023 3234 evaserint
1039 3157 1253 3234 custodiam
1269 3183 1396 3234 meam
1412 3166 1450 3234 et
1468 3157 1509 3233 in
1525 3159 1743 3234 naturalem
1760 3157 1978 3234 libertatem

387 3301 427 3351 se
451 3274 706 3375 receperint,⁴⁰
731 3275 912 3352 desinunt
938 3301 1018 3352 esse
1042 3301 1128 3351 mea
1153 3284 1192 3352 et
1218 3301 1350 3352 rursus
1377 3276 1478 3352 fiunt
1504 3277 1739 3374 occupantis.
1767 3276 1978 3374 Recipiunt

387 3394 759 3480 autemnaturalem
784 3395 1002 3471 libertatem
1026 3392 1158 3481 tunc,⁴⁷
1186 3419 1273 3470 cum
1299 3395 1359 3470 vel
1385 3394 1514 3471 oculos
1541 3394 1675 3471 meos⁴⁸
1699 3394 1912 3492 effugerint
1937 3394 1978 3470 in

386 3539 460 3590 oere
476 3512 595 3590 libero
612 3522 650 3590 et
668 3538 747 3589 non
764 3513 834 3589 sub
851 3538 949 3612 capa
966 3538 1063 3602 mea,
1081 3513 1142 3590 vel
1159 3515 1215 3590 ita
1232 3512 1336 3590 sint⁴⁹
1354 3514 1394 3589 in
1412 3522 1619 3612 conspectu
1636 3539 1722 3591 meo
1740 3523 1785 3590 ut
1803 3513 1976 3613 impossi-

386 3632 471 3709 bilis
487 3633 537 3709 sit
552 3658 684 3709 eorum
700 3632 925 3731 persecutio.
1762 3640 1765 3645 ’

486 3755 551 3831 De
565 3753 789 3853 piscatione,
804 3753 1018 3840 uenatione,
1033 3749 1348 3851 apprehensione.

389 3875 501 3949 IrnM
529 3873 700 3948 continet
726 3871 927 3970 occupatio
954 3871 1215 3968 piscationem,
1244 3873 1497 3960 venationem,
1526 3880 1565 3949 et
1594 3870 1978 3969 apprehensionem.⁸⁰

387 3993 447 4068 Et
464 4016 533 4069 nec
551 3990 633 4068 sola
651 3991 865 4090 persecutio
884 3991 979 4066 facit
998 4015 1080 4066 rem
1098 4016 1179 4066 esse
1197 4015 1333 4066 meam.
1354 3990 1460 4066 Nam
1479 3991 1549 4067 etsi
1570 3992 1695 4066 feram
1713 3991 1874 4067 bestiam
1894 3990 1976 4066 vul·

386 4110 601 4187 neraverim
626 4119 671 4187 ut
697 4110 783 4209 capi
811 4108 944 4209 possit,
970 4134 1049 4184 non
1075 4108 1232 4186 tamen⁵²
1259 4120 1319 4187 est
1344 4135 1430 4185 mea
1457 4109 1529 4186 nisi
1556 4107 1734 4209 cepero,⁶²
1762 4111 1878 4186 immo
1904 4110 1978 4185 erit

387 4228 606 4328 posterius⁶⁸
630 4230 865 4328 occupantis,
890 4228 980 4327 quia
1002 4228 1126 4304 multa
1150 4227 1319 4305 accidere
1344 4228 1541 4304 solentne
1565 4229 1726 4327 capiam.
1742 4230 1857 4305 .Item
1881 4229 1912 4306 ai
1936 4229 1977 4304 in

384 4350 576 4447 laqueum,
590 4374 704 4447 quem
715 4349 880 4424 venandi
893 4373 1009 4423 causa
1020 4347 1193 4424 tetendi⁶⁴
1207 4372 1301 4445 aper
1314 4346 1500 4435 inciderit,
1514 4356 1552 4424 et
1565 4372 1653 4424 cum
1666 4373 1877 4424 coercerem
1890 4373 1978 4424 eum

387 4465 639 4562 exemptum⁶⁶
658 4464 810 4556 abstuli,
829 4467 902 4543 erit
919 4492 1027 4542 meus
1046 4467 1077 4542 si
1094 4465 1135 4541 in
1152 4473 1384 4565 potestatem
1403 4492 1529 4542 meam
1547 4466 1777 4565 pervenerit,
1797 4467 1868 4543 nisi
1889 4493 1977 4542 con·

388 4586 551 4661 suetudo
567 4585 628 4661 vel
643 4584 888 4684 privilegium
904 4611 943 4661 se
958 4584 1097 4662 habeat
1113 4585 1153 4660 in
1170 4585 1416 4661 contrarium.

387 4767 414 4802 ⁸⁸
425 4768 505 4846 Om,
520 4770 589 4845 OA,
603 4769 672 4842 OB,
686 4769 754 4846 OC,
769 4769 836 4841 LA,
851 4769 925 4844 HA,
940 4769 1014 4829 MC.
1051 4764 1195 4846 ⁸⁷'³⁸quoe
1210 4775 1319 4847 postea
1334 4789 1401 4830 ease
1417 4776 1585 4846 coeperunt,
1601 4769 1670 4845 OA,
1688 4770 1752 4830 LA.
1789 4766 1900 4845 ⁸⁰non,
1917 4771 1975 4832 OB

392 4869 492 4949 (qui),
512 4870 588 4944 MA,
607 4870 684 4943 ΜΒ,
703 4870 777 4943 HA,
797 4870 876 4942 MC;
896 4889 966 4942 om,
985 4870 1064 4943 MG,
1085 4871 1157 4931 CM.
1200 4867 1319 4946 ⁴⁰Om.,
1338 4869 1408 4943 OB,
1428 4871 1505 4944 MA,
1524 4870 1601 4946 ΜΒ,
1622 4871 1689 4946 CE,
1710 4872 1788 4946 MG,
1808 4872 1882 4948 CM,
1904 4871 1976 4932 MC.

387 4968 453 5004 ‘²¹⁴²
465 4978 507 5046 et,
521 4971 562 5045 V,
575 4969 644 5044 OB,
659 4969 735 5045 ΜΒ,
751 4969 828 5044 MG,
843 4970 916 5031 CM.
953 4968 1020 5003 ⁴⁸¹⁴*
1031 4977 1073 5046 et,
1088 4970 1128 5048 V,
1143 4971 1219 5045 MA,
1236 4973 1312 5045 ΜΒ,
1327 4971 1405 5046 MG,
1422 4972 1496 5045 CM,
1513 4972 1587 5045 HA,
1604 4973 1677 5033 MC.
1714 4971 1741 5005 ⁴⁶
1754 4973 1892 5048 inerunt,
1907 4975 1977 5048 OB,

388 5070 463 5131 MA.
499 5069 525 5104 ⁴⁸
538 5077 730 5148 receperunt,
745 5071 826 5144 MA;
842 5075 1021 5148 receperim,
1034 5071 1103 5132 OB.
1140 5069 1165 5106 ‘⁷
1178 5077 1250 5134 tnnc
1266 5072 1325 5148 vel,
1341 5073 1418 5146 MG,
1433 5074 1507 5134 CM.
1544 5071 1695 5135 47ἠιιιιιο
1710 5095 1780 5135 cum
1794 5075 1834 5137 ab
1850 5083 1978 5154 aspectu

387 5171 544 5232 oculorum
564 5191 710 5246 meorum,
730 5171 796 5233 OC.
839 5169 968 5247 ⁴⁹sicut,
989 5172 1066 5247 ΜΒ,
1088 5175 1145 5235 ΟΒ
1173 5172 1383 5251 (curarint).
1429 5172 1456 5207 ⁸⁰
1467 5175 1778 5253 comprehensionem,
1803 5178 1880 5252 MG,
1904 5179 1977 5239 CM.

389 5269 508 5345 ³²Om.,
531 5271 601 5347 ΟΒ,
625 5271 702 5346 MG,
727 5273 800 5332 CM.
847 5270 873 5306 ⁶²
885 5278 1030 5350 ceperim,
1053 5274 1120 5349 OC,
1146 5274 1224 5350 MG,
1248 5276 1321 5336 CM.
1370 5273 1523 5354 ⁵⁸potius,
1547 5278 1586 5352 V,
1611 5278 1678 5352 OC,
1704 5278 1774 5354 OB,
1800 5280 1875 5355 MA,
1902 5281 1976 5343 ΜΒ.

387 5370 414 5404 ⁶⁴
425 5371 569 5447 tetendit,
591 5372 660 5447 OA,
682 5372 751 5447 OB,
773 5373 849 5446 MA,
872 5375 948 5448 ΜΒ,
970 5375 1045 5448 MC,
1067 5375 1139 5447 CE;
1162 5377 1299 5452 tenendi,
1321 5375 1394 5450 OC;
1416 5377 1542 5439 tenendi
1564 5399 1631 5458 que
1652 5379 1772 5458 incidit,
1795 5382 1869 5457 CM,
1893 5383 1976 5456 MC;

388 5471 517 5546 tetendi,
531 5471 571 5548 V,
585 5473 652 5548 LA,
668 5473 740 5534 HA.
778 5471 804 5506 ⁸⁶
816 5480 1000 5552 exemptam,
1016 5475 1094 5549 MG,
1110 5476 1183 5538 CM.
