4374 6366
791 482 853 542 DE
876 481 1080 544 PLACITIS
1103 482 1292 544 CORONAE
1765 490 1840 564 397

352 631 502 708 Contra
532 630 731 730 appellum
762 631 906 731 poterat
939 631 1115 731 occipere
1146 631 1377 731 appellatus.
1410 633 1674 733 Bcceptc'ocea
1707 644 1843 711 contra

351 748 562 848 appellant.
1210 815 1213 824 .

250 871 464 945 Excmnnn
481 869 663 968 quidem²⁴
679 870 823 968 poterit
840 880 975 947 contra
993 871 1191 969 appellum
1208 882 1247 949 et
1264 872 1387 948 dicere
1406 873 1509 970 quod
1526 873 1652 972 primo
1670 873 1841 972 appella-

250 997 315 1064 tus
330 988 407 1064 fuit
423 988 470 1064 de
486 989 619 1064 eodem
635 988 741 1064 facto
758 989 806 1063 ab
822 988 924 1064 alio⁷⁶
941 999 979 1066 et
995 1014 1066 1087 per
1081 987 1263 1066 iudicium
1278 989 1367 1066 inde
1384 990 1538 1067 recessit
1555 991 1717 1089 quietus,
1736 999 1775 1068 et
1792 992 1841 1067 ad

250 1106 356 1182 illam
377 1106 618 1205 probandam
638 1131 775 1182 vocare
796 1106 940 1205 poterit
960 1107 1106 1184 rotulos
1128 1118 1166 1185 et
1188 1109 1388 1184 recordum
1410 1108 1713 1185 iustitiariorum.
1738 1110 1842 1186 Item
1936 1156 1940 1168 ·

250 1226 426 1323 excipere
440 1233 569 1323 potest
584 1235 622 1302 et
637 1224 762 1301 dicere
776 1226 880 1323 quod
894 1225 1088 1302 iustitiarii
1104 1225 1381 1302 itineravenmt
1397 1227 1438 1302 in
1452 1226 1638 1302 comitatu
1653 1227 1719 1303 illo
1735 1237 1840 1326 post·

251 1369 367 1442 quam
381 1344 531 1420 factum
544 1343 640 1419 illud
654 1343 738 1419 fieri
752 1343 895 1432 debuit,
910 1353 949 1420 et
962 1344 1003 1420 in
1016 1344 1151 1420 itinere
1165 1344 1231 1419 illo
1246 1344 1353 1420 nulla
1368 1344 1475 1420 facta
1490 1344 1568 1420 fuit
1582 1345 1671 1421 inde
1684 1345 1840 1433 mentio,

250 1462 354 1559 quod
376 1487 481 1538 secus
503 1470 602 1539 esset
624 1461 655 1538 si
677 1462 874 1560 appellum
896 1470 990 1538 tunc
1012 1472 1111 1538 esset
1133 1462 1330 1560 inceptum
1352 1462 1440 1539 licet
1463 1463 1636 1538 nondum
1657 1463 1839 1540 termina·

250 1578 279 1654 f.
297 1581 389 1672 141]
444 1587 541 1668 tum,
563 1588 602 1655 et
623 1579 673 1654 ad
693 1579 764 1654 hoc
784 1580 991 1656 concordat
1012 1579 1125 1656 breve
1148 1581 1196 1656 de
1218 1580 1522 1657 summonitione.
1546 1581 1604 1658 Et
1626 1583 1729 1680 quod
1751 1581 1839 1658 talis

250 1697 426 1795 exceptio
442 1696 571 1773 valida
587 1705 645 1774 est
662 1697 851 1795 probatur
868 1699 916 1774 de
932 1697 1097 1773 termino
1118 1698 1251 1775 Sancti
1268 1698 1454 1776 Micbaelis
1473 1698 1588 1775 anno²
1606 1699 1708 1798 regis
1727 1700 1840 1776 Hen-

250 1815 317 1891 rici
336 1840 438 1891 nono
456 1815 661 1913 incipiente
680 1815 826 1891 decimo
845 1815 1030 1892 comitatu
1050 1815 1324 1904 Herefordiae,²
1343 1817 1392 1894 de
1411 1816 1587 1892 Henrico
1607 1817 1840 1894 Rumbalde⁸

250 1933 435 2010 indictato
460 1935 507 2010 de
530 1943 654 2010 morte
678 1933 851 2023 hominis,
876 1943 915 2010 et
939 1935 1042 2032 quod
1066 1935 1305 2010 concelatum
1330 1935 1406 2012 fuit
1431 1935 1472 2011 in
1495 1935 1631 2012 itinere
1655 1937 1711 2013 ita
1737 1937 1840 2034 quod

250 2052 357 2128 nulla
370 2053 515 2128 mentio
530 2052 618 2128 inde
634 2052 740 2129 facta
755 2053 843 2140 luit,
860 2062 898 2129 et
913 2054 954 2129 in
969 2052 1135 2129 secundo
1150 2052 1286 2128 itinere
1301 2053 1571 2130 resuscitatum
1587 2053 1664 2128 fuit
1680 2054 1840 2131 indicta·

249 2178 435 2259 mentum,
452 2180 491 2247 et
508 2169 700 2269 apposita⁴
716 2171 942 2269 exceptione
957 2157 1049 2260 ista,
1060 2170 1214 2247 recessit
1232 2171 1429 2248 Henricus
1447 2171 1535 2248 inde
1554 2171 1715 2270 quietus.
1737 2172 1841 2249 Item

250 2287 465 2364 declinatur
496 2288 695 2388 appellum
725 2288 918 2387 opposita⁶
949 2289 1174 2387 exceptione
1204 2298 1243 2366 et
1274 2290 1440 2388 probata
1471 2290 1574 2388 quod
1606 2291 1690 2388 quis
1722 2289 1841 2368 alium

250 2407 504 2506 appellaverit
519 2432 590 2505 per
604 2407 735 2484 odium
748 2415 788 2483 et
804 2416 947 2507 atyarn,
962 2417 1002 2484 et
1018 2407 1070 2483 sic
1085 2433 1164 2483 non
1178 2407 1276 2484 iacet
1292 2407 1501 2506 appellum.

348 2530 612 2629 Ecceptiouca
626 2531 730 2630 qaod
745 2530 943 2630 appellum
958 2555 1037 2608 non
1051 2532 1160 2610 iacet.

251 2655 363 2730 Irmr
386 2679 466 2730 non
487 2656 585 2731 iacet
608 2655 807 2754 appellum
829 2655 930 2731 inter
954 2655 1152 2732 dominum
1176 2664 1215 2732 et
1238 2664 1434 2732 tenentem
1458 2667 1572 2732 suu'm
1597 2655 1662 2754 qui
1686 2654 1721 2730 ei
1747 2655 1839 2731 fecit

248 2776 470 2874 homagium
487 2775 613 2854 suum⁸
632 2777 797 2854 durante
815 2777 1048 2875 obligatione
1065 2776 1245 2874 homagii,
1265 2775 1347 2852 nec⁷
1367 2802 1388 2853 e
1407 2776 1611 2852 contrario.
1633 2777 1737 2852 Item
1756 2775 1840 2852 nec³

248 2899 349 2975 inter
367 2898 565 2975 dominum
585 2908 624 2975 et
643 2899 810 2976 servum⁹
829 2924 953 2987 suum,
973 2899 1045 2976 nisi
1067 2898 1320 2998 appellaverit
1342 2925 1429 2975 eum
1450 2899 1497 2975 de
1518 2899 1663 2974 felonia
1683 2907 1722 2975 et
1742 2898 1838 2975 sedi-

247 3020 352 3096 tione
374 3020 480 3097 facta
503 3020 657 3097 domino
679 3018 773 3119 regi,
795 3023 836 3097 in
857 3019 962 3120 quo¹⁰
984 3021 1103 3097 casu¹²
1126 3021 1285 3120 quilibet
1308 3021 1356 3097 de
1378 3019 1553 3119 populo²¹
1577 3019 1701 3096 audiri
1724 3019 1838 3096 debet

236 3143 448 3250 appellans
463 3153 545 3220 tam
559 3168 690 3220 servus
704 3169 821 3241 quam
836 3144 944 3232 alius,
958 3141 1025 3220 et¹⁸
1040 3143 1121 3220 sine
1134 3143 1351 3242 plegiorum
1366 3144 1532 3231 datione,
1547 3142 1620 3219 nisi
1635 3142 1836 3242 appellans

245 3265 413 3342 traditor
431 3267 480 3342 sit
499 3266 728 3343 manifestus
748 3276 787 3343 et
807 3266 1001 3343 convictus
1020 3275 1065 3342 ut
1085 3266 1176 3354 selo,
1198 3266 1263 3364 qui
1283 3289 1415 3341 versus
1435 3263 1588 3341 fidelem
1606 3289 1739 3341 vocem
1758 3289 1837 3341 non

245 3385 411 3476 habebit,
430 3385 575 3479 <sicut
591 3389 638 3464 de
655 3387 825 3464 Ricardo
841 3386 969 3464 Neel¹⁴
986 3397 1024 3465 et
1042 3387 1253 3486 Radulpho
1271 3389 1319 3464 de
1336 3388 1456 3487 Bray,
1474 3386 1597 3462 Vitali
1614 3386 1836 3486 Engaynge

246 3519 286 3585 et
299 3508 499 3586 Willelmo
512 3509 592 3585 filio
605 3509 764 3600 Elia.)
784 3510 887 3587 Item
901 3509 1004 3586 cadit
1019 3510 1217 3608 appellum
1232 3533 1362 3586 coram
1376 3508 1589 3585 iustitiariis
1604 3509 1670 3584 ubi
1686 3508 1837 3584 nullum

247 3632 324 3708 luit
344 3631 543 3730 appellum
562 3632 603 3707 in
621 3631 806 3707 comitatu
826 3656 896 3707 nec
916 3641 1020 3708 secta
1038 3632 1145 3708 facta
1165 3639 1256 3707 ante
1276 3632 1350 3707 iter
1370 3631 1673 3719 iustitian'orum,
1695 3631 1756 3706 vel
1777 3628 1836 3707 si¹⁸

247 3751 448 3851 appellans
466 3777 677 3851 numquam
696 3751 801 3830 fuit²⁸
820 3760 1057 3851 prosecutus.
1078 3753 1137 3830 Et
1156 3753 1227 3828 hoc
1244 3778 1380 3828 verum
1398 3761 1456 3829 est
1474 3752 1548 3829 nisi
1566 3777 1696 3828 recens
1716 3752 1836 3827 fuen't

247 3875 396 3951 lactum
413 3873 480 3950 et²⁷
498 3874 604 3951 infra
620 3874 694 3950 iter
711 3873 1004 3950 iustitiariorum
1021 3873 1200 3951 evenerit.
1221 3874 1325 3950 Item
1343 3874 1446 3950 cadit
1465 3873 1664 3972 appellum
1681 3874 1747 3949 ubi
1767 3897 1835 3972 ap-

246 3995 396 4094 pellans
411 4020 490 4071 non
503 3995 676 4094 loquitur
691 3995 739 4072 de
754 3995 839 4072 visu
855 4005 893 4072 et
909 3995 1056 4084 auditu,
1073 3996 1247 4094 quamvis
1263 3994 1413 4086 locutus
1431 3994 1550 4072 luerit
1567 3995 1607 4070 in
1622 3994 1837 4071 comitatu¹³

246 4127 285 4194 et
301 4117 371 4192 hoc
386 4143 458 4216 per
473 4118 698 4193 comitatum
713 4116 927 4193 testatum²⁰
945 4117 1075 4206 luerit,
1093 4126 1139 4193 ut
1157 4117 1205 4194 de
1221 4117 1357 4193 itinere
1374 4116 1540 4192 Martini
1558 4115 1605 4192 de
1624 4115 1837 4192 Pateshilla

246 4237 287 4314 in
306 4238 492 4315 comitatu
512 4237 728 4336 Wigorniae
749 4263 851 4314 anno
873 4237 1001 4336 regis'⁰
1025 4237 1190 4314 Henrici
1213 4237 1358 4337 quinto.
1385 4238 1489 4314 Item
1511 4237 1613 4314 cadit
1637 4236 1836 4336 appellum

246 4362 279 4437 si
293 4369 466 4437 erratum
482 4360 602 4437 fuerit
618 4359 659 4435 in
675 4359 890 4436 nominibus
909 4359 1194 4458 appellatorum
1210 4360 1271 4435 vel
1288 4359 1588 4457 cognominibus,
1608 4368 1653 4435 ut
1672 4359 1703 4435 si
1720 4359 1835 4435 modo

245 4482 438 4558 vocaverit
452 4506 575 4556 unum
588 4479 831 4557 Willelmum
846 4488 885 4558 et
900 4490 1036 4579 postea
1051 4481 1216 4557 eundem
1231 4479 1458 4557 Robertum.
1478 4480 1582 4556 Item
1597 4481 1629 4557 si
1643 4479 1836 4556 variatum

245 4695 364 4775 τιΟιιι,
380 4697 447 4775 LA,
464 4699 503 4758 Y.
542 4695 568 4732 ⁷⁵
580 4699 693 4776 aliquo,
711 4698 789 4774 MG,
806 4699 880 4759 ΟΜ.
926 4763 930 4773 ,

327 4795 434 4858 ¹anno
450 4801 529 4878 regl,
547 4796 625 4872 MG,
643 4797 718 4872 ΟΜ,
735 4797 802 4872 ΟΟ,
820 4798 895 4874 ΜΟ,
913 4798 978 4859 LA.
1019 4796 1249 4875 'Hertfordiae,
1265 4799 1305 4873 V,
1324 4799 1389 4860 OC.
1429 4796 1641 4875 'Rumbarde,
1660 4796 1835 4872 Bumband,

246 4897 419 4976 Rumbaud,
440 4899 604 4975 Bimbaud,
625 4899 720 4961 MSS.
742 4919 807 4960 var.
850 4898 1030 4978 ‘oppositu
1050 4900 1118 4976 LA,
1138 4901 1179 4974 Y,
1201 4899 1275 4961 MC.
1318 4897 1499 4979 ‘apparu
1521 4900 1597 4976 MA,
1619 4900 1699 4972 ΟΜ,
1722 4903 1835 4979 posita,

245 5000 322 5061 MG.
362 4998 414 5061 “st
431 5021 529 5075 suum,
547 5001 616 5076 OB,
634 5000 710 5075 MA,
728 5001 784 5061 CB
807 5001 851 5078 (cl
869 5000 1055 5079 dominum).
1094 4998 1326 5079 'appellaverit
1343 5021 1410 5077 nec,
1429 5001 1501 5073 cm
1522 5007 1553 5061 et
1571 5019 1644 5075 non,
1663 4999 1732 5077 OB,
1751 5001 1834 5073 ΜΒ;

245 5121 317 5178 non,
333 5102 411 5177 MG,
427 5103 509 5175 MA;
525 5101 605 5177 ideo,
621 5101 695 5162 ΟΜ.
732 5099 837 5177 ⁸Om.,
853 5102 931 5177 MG,
947 5103 1022 5179 ΟΜ,
1039 5102 1106 5164 OC.
1143 5100 1333 5178 'tenentem
1349 5101 1419 5177 OB,
1436 5102 1513 5176 MA,
1530 5103 1607 5178 MB,
1624 5102 1696 5174 cm
1714 5121 1835 5163 servum

245 5224 334 5265 cuum
352 5205 402 5266 vel
422 5210 588 5280 tenentem,
608 5204 648 5264 Y.
691 5200 830 5281 ¹⁰·²²qua
851 5223 954 5280 causa,
976 5203 1054 5280 MG,
1076 5203 1150 5264 ΟΜ.
1193 5201 1220 5238 ²²
1231 5202 1368 5282 appello,
1390 5204 1460 5278 OB,
1483 5204 1558 5264 ΜΒ.
1601 5201 1743 5280 ¹⁸etiam,
1765 5203 1836 5279 OB,

245 5304 322 5381 MB,
340 5305 413 5368 ΜΟ.
452 5303 754 5380 ¹⁴Noel,OA‚OC,
773 5304 851 5380 MG,
869 5305 943 5365 ΟΜ.
982 5302 1101 5380 ¹⁸Om.‚
1119 5303 1188 5382 OB,
1207 5304 1284 5379 MA,
1302 5304 1378 5366 MB.
1417 5301 1834 5380 ¹⁸fuerrt,013,rr13,css.

245 5403 404 5482 ιωὈιιι,
424 5406 503 5482 ΜΟ,
521 5407 595 5469 ΟΜ.
635 5405 882 5483 ¹⁰tcctificatnm,
900 5406 979 5481 MG,
998 5407 1073 5467 CM.
1114 5403 1141 5438 ²⁰
1151 5411 1242 5486 regni
1261 5409 1356 5485 regis,
1375 5406 1442 5482 OC,
1462 5407 1540 5483 MG,
1561 5407 1634 5467 ΟΜ.
