4374 6366
403 515 475 584 438
933 504 1157 566 BRACTON:
1179 503 1240 564 DE
1264 504 1456 566 LEGIBUS

402 667 479 735 tur.
505 657 637 755 Igitur
659 657 725 755 qui
747 657 937 732 latronem
961 653 1140 731 occiderit
1163 679 1241 730 non
1266 664 1432 743 tenetur,
1457 663 1689 731 nocturnum
1714 655 1774 730 vel
1799 655 2002 744 diurnum,

403 776 434 852 si
453 775 564 852 aliter
581 773 794 875 periculum
811 775 973 850 evadere
990 798 1069 849 non
1086 771 1248 872 possit‚¹⁵
1267 781 1421 850 tenetur
1438 782 1569 850 tamen
1587 773 1618 850 si
1637 773 1769 872 possit.
1792 773 1895 850 Item
1915 798 2003 849 non

402 903 558 972 tenetur
575 894 610 970 si
624 919 695 992 per
713 892 971 969 infortunium
988 900 1027 969 et
1045 915 1124 967 non
1143 892 1272 969 animo
1290 899 1330 967 et
1347 891 1548 968 voluntate
1566 890 1773 980 occidendi,
1793 916 1863 967 nec
1881 891 2002 967 dolus

402 1037 473 1089 nec
491 1012 607 1111 culpa
624 1011 705 1088 eius
723 1010 953 1100 inveniatur,
973 1009 1021 1088 de
1041 1036 1117 1109 quo
1137 1034 1256 1108 supra
1276 1009 1422 1086 dictum
1442 1018 1512 1098 est,
1532 1019 1571 1086 et
1592 1009 1640 1086 de
1660 1009 1789 1108 gratia
1808 1009 2001 1108 principis

402 1156 489 1207 cum
504 1156 549 1208 eo
562 1130 692 1207 mitius
708 1129 839 1226 agitur
852 1128 923 1204 hoc
938 1127 1113 1229 probato.
1131 1128 1225 1203 Non
1240 1128 1322 1204 iure
1337 1126 1523 1204 occiditur
1539 1126 1635 1226 quis,
1652 1135 1697 1204 ut
1714 1125 1772 1204 si¹⁰
1787 1127 1828 1202 in
1844 1127 1999 1203 assultu

402 1248 669 1347 premeditato
690 1257 729 1324 et
749 1245 892 1322 felonia
910 1257 950 1323 et
970 1245 1098 1322 animo
1117 1246 1312 1322 occidendi
1334 1245 1453 1322 fuerit
1473 1245 1557 1344 quis
1578 1245 1805 1322 interfectus
1826 1246 1875 1321 ob
1895 1245 2000 1321 iram

403 1376 442 1442 et
457 1365 719 1465 cupiditatem.
738 1367 842 1442 Item
857 1365 888 1441 si
904 1364 1016 1463 quis²²
1033 1390 1154 1439 unum
1170 1363 1400 1462 percusserit
1416 1372 1454 1440 et
1471 1363 1650 1440 occiderit
1666 1387 1754 1439 cum
1771 1363 1889 1439 alium
1906 1388 1999 1462 per-

403 1495 533 1561 eutere
555 1483 671 1561 vellet
693 1485 734 1560 in
758 1483 913 1572 felonia,
936 1491 1102 1560 tenetur.
1128 1482 1230 1559 Item
1255 1482 1286 1560 si
1309 1507 1398 1558 cum
1421 1481 1542 1558 levius
1566 1481 1726 1558 credidit
1751 1481 1998 1580 percussisse,

402 1603 559 1702 gravius
582 1602 813 1702 percusserit
838 1612 876 1679 et
901 1601 1091 1690 occiderit,
1115 1610 1281 1678 tenetur.
1307 1600 1437 1678 Debet
1461 1600 1563 1677 enim
1588 1598 1747 1699 quilibet
1770 1600 1929 1675 modum
1956 1608 1998 1675 et

402 1747 622 1800 mensuram
639 1721 817 1798 adhibere
832 1719 873 1795 in
889 1745 959 1796 suo
977 1720 1092 1796 facto.
1110 1719 1168 1796 Et
1185 1729 1244 1796 est
1260 1718 1399 1794 iniuria
1414 1718 1503 1794 talis
1521 1742 1605 1817 quae
1622 1716 1797 1794 inducit¹⁸
1814 1716 1998 1792 ultimum

403 1840 636 1940 supplicium
647 1864 736 1916 cum
747 1837 995 1915 criminaliter
1007 1847 1159 1936 agatur.
1174 1839 1251 1914 Est
1265 1836 1331 1915 et²⁹
1345 1837 1422 1913 alia
1434 1861 1518 1935 quae
1531 1861 1609 1912 non
1623 1835 1695 1914 nisi
1710 1859 1865 1934 poenam
1878 1859 1996 1933 pecu-

402 1959 564 2036 niariam
589 1968 755 2046 tantum,
781 1967 820 2035 et
846 1957 1076 2056 quandoque
1102 1957 1262 2032 eandem
1289 1979 1443 2054 poenam
1470 1979 1558 2030 cum
1585 1953 1745 2030 carceris
1772 1953 1995 2040 inclusione,

402 2077 612 2154 secundum
632 2076 727 2152 facti
746 2075 983 2175 qualitatem.
1006 2074 1075 2149 Fit
1094 2082 1223 2150 autem
1243 2073 1381 2149 iniuria
1401 2098 1480 2148 non
1501 2073 1624 2148 solum
1645 2097 1732 2148 cum
1753 2071 1837 2170 quis
1858 2095 1995 2170 pugno

401 2219 605 2294 percussus
625 2193 755 2282 fuerit,
775 2192 1011 2280 verberatus,
1031 2193 1092 2269 vel
1113 2192 1281 2268 fustibus
1300 2217 1429 2280 caesus,
1450 2217 1584 2266 verum
1605 2190 1721 2267 etiam
1741 2215 1829 2266 cum
1849 2190 1883 2265 ei
1904 2213 1993 2264 con-

402 2312 538 2389 vitium
551 2312 697 2388 dictum
710 2311 841 2399 fuerit,
856 2309 944 2386 vel²⁰
958 2311 1006 2386 de
1020 2337 1065 2386 eo
1079 2310 1229 2386 factum
1242 2309 1422 2385 carmen²l
1439 2310 1632 2386 famosum
1645 2317 1685 2385 et
1699 2307 1926 2384 huiusmodi.

505 2427 684 2522 Qualiter
701 2429 788 2528 quir
802 2429 955 2528 patitur
969 2427 1150 2506 iniuriam
1168 2452 1241 2526 per
1256 2452 1356 2504 actor.

403 2549 593 2624 Pamrun
607 2546 765 2624 autem²²
781 2547 960 2623 iniuriam
975 2546 1059 2645 quis
1075 2571 1153 2622 non
1169 2547 1292 2623 solum
1308 2571 1379 2645 per
1394 2572 1435 2622 se
1450 2546 1589 2645 ipsum,
1606 2545 1673 2622 sed
1690 2547 1806 2623 etiam
1821 2570 1893 2644 per
1909 2545 1993 2622 illos

402 2692 498 2765 quos
512 2664 654 2742 habet¹⁸
670 2666 710 2742 in
725 2673 930 2765 potestate,
946 2665 1044 2742 sicut
1060 2690 1131 2764 per
1144 2664 1282 2741 liberos
1299 2690 1387 2742 suos
1402 2674 1442 2742 et
1458 2689 1618 2741 uxorem
1635 2689 1755 2741 suam.
1773 2664 1847 2739 Vir
1863 2673 1995 2740 autem

402 2811 518 2883 agere
541 2785 685 2884 poterit
707 2785 756 2861 de
778 2784 917 2860 iniuria
942 2784 1048 2860 facta
1071 2784 1184 2859 uxori
1209 2808 1296 2871 suae,
1322 2781 1417 2860 sed²⁴
1441 2807 1519 2859 non
1542 2808 1564 2859 e
1588 2780 1792 2858 contrario.
1818 2780 1993 2857 Defendi

403 2905 505 2981 euim
518 2930 657 2980 uxores
673 2929 697 2978 a
711 2902 813 2992 viris,
827 2928 906 2979 non
920 2902 1021 2979 viros
1038 2901 1086 2978 ab
1101 2902 1297 2991 uxoribus,
1313 2903 1475 2999 dignum
1491 2911 1560 2978 est.
1579 2903 1682 2979 Item
1697 2901 1876 2979 iniuriam
1893 2902 1993 3002 pati·

402 3033 469 3100 tur
490 3021 602 3121 quis²⁵
625 3046 697 3120 per
718 3020 803 3098 illos
827 3047 922 3120 quos
946 3019 1122 3098 habuerit
1145 3021 1186 3096 in
1209 3019 1357 3097 familia
1381 3046 1462 3109 sua,
1487 3021 1585 3098 sicut
1610 3019 1815 3097 servientes
1841 3045 1929 3096 suos
1953 3028 1993 3097 et

403 3166 531 3219 servos
546 3141 577 3216 si
591 3139 734 3240 pulsati
749 3140 896 3216 fuerint
910 3150 949 3217 et
961 3139 1151 3216 verberati
1166 3139 1206 3216 in
1220 3138 1491 3215 contumeliam
1506 3164 1626 3226 suam,
1641 3138 1702 3214 vel
1718 3148 1908 3237 quatenus
1923 3163 1994 3214 sua

403 3260 433 3336 f.
449 3258 567 3353 155b]
622 3258 802 3336 interfuit
817 3258 998 3356 operibus
1013 3255 1174 3333 eorum”
1189 3282 1268 3333 non
1282 3257 1458 3333 caruisse.
1475 3256 1540 3333 De
1557 3256 1683 3356 plagis
1699 3280 1790 3332 vero
1806 3265 1846 3333 et
1862 3255 1993 3332 verbe·

402 3378 507 3455 ribus
523 3377 593 3454 sibi
609 3378 723 3454 factis
738 3377 880 3453 habent
896 3377 970 3476 ipsi
985 3376 1173 3453 actionem
1189 3384 1228 3452 et
1243 3401 1322 3451 non
1339 3374 1526 3451 dominus.

503 3497 559 3573 la
584 3495 723 3595 quibua
751 3494 900 3572 casibus
928 3496 1028 3572 cervi
1057 3493 1198 3572 labem
1226 3518 1431 3592 perronam
1461 3493 1591 3571 standi
1617 3494 1661 3570 ia
1687 3493 1827 3571 iudicio
1858 3503 1994 3570 eontra

503 3613 678 3692 dominor
697 3638 798 3692 utor.

404 3733 586 3809 Hannon
608 3733 709 3809 enim
729 3733 828 3809 servi
847 3756 1052 3830 personam
1073 3731 1201 3807 standi
1222 3731 1262 3806 in
1282 3729 1421 3806 iudicio
1441 3739 1576 3808 contra
1596 3728 1754 3807 omnes¹'
1777 3729 1826 3806 de
1848 3729 1994 3806 iniuriis

403 3852 473 3930 sibi
492 3853 606 3929 factis
624 3860 759 3928 contra
777 3875 912 3951 pacem
931 3851 1075 3926 domini
1094 3851 1207 3948 regis,
1227 3859 1267 3926 et
1285 3849 1409 3926 multo
1430 3849 1570 3926 fortius
1589 3849 1806 3926 servientes.
1828 3845 1993 3924 Habent

402 3971 518 4048 etiam
536 3971 634 4047 servi
651 3995 856 4069 personam
874 3969 1002 4046 standi
1020 3969 1060 4044 in
1077 3969 1215 4044 iudicio
1233 3965 1395 4043 contra²⁸
1414 3966 1587 4044 dominos
1607 3993 1694 4044 suos
1714 3967 1761 4043 de
1780 3964 1992 4042 seditione''

402 4090 546 4166 domini
564 4089 677 4187 regis,
696 4098 734 4165 et
753 4089 837 4164 aliis
855 4113 939 4186 quae
956 4084 1084 4163 fiunt²⁸
1103 4097 1238 4162 contra
1256 4111 1460 4186 personam
1481 4087 1572 4174 eius,
1593 4086 1683 4185 quia
1702 4086 1754 4161 ibi
1773 4087 1992 4163 admittitur

402 4208 560 4308 quilibet
580 4209 627 4284 de
647 4208 805 4307 populo,
826 4215 866 4283 et
886 4216 1021 4283 contra
1041 4206 1238 4283 dominum
1259 4231 1371 4281 suum
1392 4204 1441 4279 de
1461 4204 1581 4281 atroci
1602 4204 1752 4292 iniuria,
1774 4204 1840 4280 ubi
1862 4204 1992 4302 agitur

401 4330 450 4406 de
461 4329 542 4404 vita
554 4327 643 4404 vel²⁹
656 4328 848 4416 membris,
861 4329 922 4403 vel
935 4326 1095 4403 roberia.
1111 4327 1237 4402 Poena
1250 4325 1370 4424 igitur
1385 4325 1563 4401 iniuriam
1577 4325 1807 4424 quandoque
1822 4325 1894 4402 erit
1909 4349 1991 4399 cor-

402 4451 556 4550 poralis,
572 4450 802 4549 quandoque
816 4447 1048 4548 pecamiaria.
1064 4447 1150 4524 Et⁸⁰
1166 4447 1330 4524 siluerit
1345 4445 1592 4544 pecuniaria⁸¹
1610 4453 1650 4521 et
1665 4454 1771 4521 certa
1785 4455 1823 4522 et
1840 4445 1880 4521 in
1894 4443 1991 4521 iudi-

401 4573 503 4648 cium
515 4573 692 4660 deducta,
704 4580 836 4646 tamen
848 4571 921 4647 erit
934 4596 957 4645 a
970 4569 1093 4645 iudice
1106 4569 1289 4656 taxanda,
1304 4593 1392 4644 eum
1405 4568 1454 4645 sit
1468 4593 1580 4643 omne
1595 4565 1775 4642 interesse
1790 4567 1990 4653 incertum,

401 4703 440 4771 et
457 4694 687 4792 quandoque
704 4691 891 4768 minuitur
908 4716 996 4766 cum
1014 4691 1063 4767 sit
1081 4690 1121 4766 in
1139 4690 1321 4765 iudicium
1341 4690 1517 4776 deducta,
1537 4686 1746 4764 secundum
1765 4686 1991 4785 qualitatem

401 4813 528 4890 delicti
541 4823 581 4890 et
593 4837 766 4913 personae
777 4805 837 4888 cui
850 4812 1065 4889 iniuriatur.
1082 4811 1308 4909 Numquam
1320 4819 1452 4886 tamen
1464 4833 1631 4884 creseere
1645 4806 1759 4883 debet
1772 4808 1819 4883 de
1834 4807 1927 4882 iure.

401 5032 428 5068 ¹⁵
440 5037 566 5112 poterit,
584 5033 652 5108 OC,
671 5032 753 5104 MG;
774 5038 889 5110 posset,
909 5030 983 5092 ΜΒ.
1024 5027 1143 5106 ¹⁰0m.,
1162 5030 1231 5103 OB,
1252 5029 1327 5102 MA,
1347 5030 1423 5103 ΜΒ,
1442 5029 1509 5102 CE,
1531 5027 1603 5088 CM.
1645 5023 1671 5059 ²²
1683 5025 1806 5104 aliquis,
1826 5025 1904 5100 MG,
1923 5023 1990 5086 OC.

401 5131 429 5168 ²⁸
440 5133 535 5208 ducit,
552 5134 626 5209 MC,
642 5132 708 5193 LA.
748 5131 888 5204 ²⁹etiam,
905 5131 972 5206 LA,
988 5131 1028 5205 Y,
1046 5131 1122 5204 ΜΒ,
1140 5131 1213 5192 MC.
1253 5129 1280 5164 ²⁰
1291 5136 1333 5204 et,
1350 5131 1419 5205 OB,
1437 5129 1512 5202 MA,
1532 5130 1606 5189 ΜΒ.
1646 5126 1671 5162 ²²
1684 5131 1810 5203 crimen,
1828 5128 1906 5202 MG,
1924 5125 1990 5186 OC.

401 5231 543 5310 ²²etiam,
562 5234 632 5309 OB,
650 5233 727 5306 MA,
746 5235 821 5294 ΜΒ.
862 5231 888 5266 ²⁸
901 5232 981 5307 Om.,
1001 5232 1074 5306 OA;
1095 5231 1247 5308 habuerit,
1268 5232 1341 5304 LA;
1359 5230 1485 5304 habent,
1507 5229 1583 5290 MG.
1627 5228 1706 5305 ²⁴et,
1727 5229 1796 5306 OB,
1817 5229 1893 5304 MA,
1914 5228 1990 5290 ΜΒ.

400 5333 428 5369 ⁸⁸
440 5335 520 5410 Om.,
539 5333 609 5409 OB,
628 5335 704 5409 MA,
723 5334 798 5395 ΜΒ.
840 5332 866 5367 ²⁰
878 5333 958 5407 Ona,
979 5333 1056 5407 MG,
1075 5333 1140 5395 OC.
1183 5331 1249 5367 ²²²²²
1261 5333 1340 5406 Om.,
1359 5333 1429 5408 OA,
1448 5333 1517 5407 OB,
1538 5333 1614 5407 MA,
1635 5332 1711 5406 ΜΒ,
1732 5332 1799 5407 OE,
1820 5332 1895 5407 CM,
1916 5330 1989 5392 MC.

400 5432 426 5468 ²¹
438 5435 624 5509 seductione,
637 5435 703 5508 OC,
717 5435 793 5496 MG.
816 5431 842 5468 ²⁸
854 5442 936 5511 sunt,
950 5433 1027 5508 MG,
1039 5435 1106 5509 OC,
1118 5435 1193 5495 MA.
1218 5432 1244 5468 ²⁸
1255 5441 1297 5510 et,
1310 5433 1378 5511 OB,
1391 5435 1468 5511 MA,
1481 5434 1557 5496 ΜΒ.
1581 5432 1648 5468 Μ
1659 5433 1741 5506 Om.,
1750 5433 1819 5507 OB,
1828 5431 1904 5507 MA,
1915 5431 1990 5493 ΜΒ.
