4392 6352
394 520 469 590 328
927 509 1150 573 BBACTON:
1173 508 1233 569 Dll
1257 508 1450 571 LEGIBUS

396 662 449 740 eis
467 662 706 739 consentient
725 685 794 738 nec
814 686 947 736 eorum
967 658 1309 759 receptatoribus.⁴⁸
1329 660 1387 736 Et
1408 659 1439 736 si
1459 685 1554 758 quos
1574 660 1671 736 tales
1692 660 1881 749 noverint,
1902 660 1987 737 illos

396 784 626 862 attachiari⁴⁸
651 786 796 862 facient
821 793 860 861 et
884 785 956 860 hoc
979 784 1191 860 vicecomiti
1215 792 1255 860 et
1281 782 1429 860 ballivis
1456 783 1534 861 suis
1559 783 1842 860 monstrabunt.
1870 785 1929 862 Et
1955 785 1988 861 si

395 909 614 986 huthesium
644 909 706 985 vel
737 908 942 985 clamorem
974 909 1022 985 de
1054 907 1196 985 talibus
1229 907 1457 997 audiverint,
1490 908 1622 985 statim
1655 909 1788 987 audito
1821 909 1988 986 clamore

396 1031 631 1132 sequentur⁴'
643 1058 732 1109 cum
743 1033 892 1109 familia
903 1040 942 1110 et
954 1032 1169 1109 hominibus
1182 1034 1229 1109 de
1241 1041 1348 1108 terra
1360 1059 1440 1108 sua.
1456 1032 1572 1124 <Ad
1586 1033 1691 1132 quod
1703 1033 1831 1110 notari
1844 1034 1990 1133 poterit

396 1160 501 1259 quod
513 1161 545 1236 si
559 1158 644 1258 quis
659 1157 843 1234 feloniam
858 1157 993 1234 fecerit
1008 1168 1046 1233 et
1061 1156 1192 1234 statim
1208 1165 1345 1255 captus
1362 1157 1492 1246 fuerit,
1508 1156 1664 1234 levato⁴⁸
1679 1155 1893 1246 buthesio,⁴⁰
1909 1183 1988 1233 ces-

397 1282 496 1360 sabit
514 1291 627 1360 secta.
645 1283 703 1359 Et
718 1282 821 1358 unde
839 1283 870 1359 si
886 1282 1000 1358 homo
1017 1307 1088 1380 per
1104 1281 1362 1358 infortunium
1379 1306 1587 1381 oppressus
1606 1282 1737 1371 fuerit,
1757 1282 1987 1371 submersus,

396 1408 457 1484 vel
472 1407 600 1506 aliquo
613 1407 689 1483 alio
703 1405 818 1484 modo
831 1415 1019 1495 mortuus,
1034 1405 1095 1482 vel
1110 1406 1349 1494 interfectus,
1366 1405 1497 1482 statim
1511 1406 1660 1482 levetur
1675 1404 1903 1495 huthesium,
1921 1406 1988 1483 sed

397 1531 503 1630 sequi
519 1556 599 1606 non
613 1540 768 1629 oportet
785 1531 832 1606 de
848 1540 954 1607 terra
968 1530 1009 1605 in
1023 1539 1180 1619 terram,
1197 1528 1316 1605 villa⁸⁰
1332 1530 1373 1606 in
1389 1529 1531 1619 villam,
1548 1555 1636 1606 cum
1652 1529 1882 1607 malefactor
1898 1555 1987 1629 cap

397 1655 427 1731 f.
443 1656 536 1747 116]
592 1663 655 1730 tus
669 1653 730 1743 sit,
743 1652 884 1731 scilicet
896 1654 935 1730 la
947 1654 1105 1744 bane>
1122 1655 1180 1730 Et
1192 1653 1366 1730 traciam²
1379 1652 1608 1730 conducent²
1623 1680 1694 1753 per
1706 1663 1852 1730 terram
1866 1680 1987 1742 suam,

396 1779 499 1854 etin
520 1779 597 1854 fine
619 1786 732 1854 terrae
755 1803 832 1854 suae
854 1778 960 1854 illam
982 1777 1254 1854 monstrabunt
1277 1778 1439 1854 dominis
1464 1788 1657 1855 terrarum
1680 1778 1903 1855 vicinarum.
1930 1780 1988 1854 Et

397 1903 501 2001 quod
520 1902 572 1978 sic
590 1903 660 1979 fiat
679 1912 783 1979 secta
802 1904 849 1979 de
867 1912 973 1979 terra
991 1903 1031 1979 in
1050 1912 1195 1979 terram
1215 1902 1426 1979 cumomni
1447 1903 1646 2001 diligentia
1666 1904 1787 1979 donec
1807 1903 1988 1980 malefac-

395 2032 499 2102 tores
512 2025 899 2123 comprehendantur.
913 2027 970 2102 Et
984 2025 1100 2124 qu0d⁸
1114 2039 1192 2101 'non
1205 2035 1402 2102 remaneat
1415 2026 1537 2102 tracia
1551 2025 1728 2102 facienda
1741 2026 1813 2103 nisi
1828 2025 1987 2125 impedi-

396 2157 570 2225 mentum
586 2149 817 2225 interveniat
834 2157 1072 2246 pernoctem
1090 2148 1433 2246 supervenientem,
1452 2149 1513 2225 vel
1531 2149 1607 2225 alia
1624 2149 1842 2226 rationabili
1860 2174 1988 2236 causo,

397 2280 436 2347 et
453 2270 572 2370 quod‘
589 2270 672 2346 illos
691 2297 786 2368 quos
806 2278 1002 2369 suspectos
1020 2271 1215 2348 habebunt
1235 2296 1308 2369 pro
1327 2296 1439 2370 posse
1458 2297 1527 2348 suo
1546 2272 1804 2359 arrestabunt,
1824 2297 1903 2348 non
1921 2297 1988 2347 ex-

399 2404 554 2493 pectato
581 2395 766 2470 mandato
793 2393 987 2470 iustitiorii
1015 2395 1077 2468 vel
1106 2393 1346 2482 vicecomitis,
1376 2403 1415 2471 et
1444 2393 1551 2492 quid⁶
1581 2393 1671 2470 inde
1700 2393 1863 2470 fecerint
1893 2393 1988 2470 scire

397 2518 544 2593 faciant
560 2517 772 2592 iustitiariis
789 2515 850 2591 vel
866 2516 1088 2592 vicecomiti.
1109 2515 1303 2592 Iurabunt
1321 2516 1437 2592 etiam
1455 2517 1559 2614 quod
1576 2517 1608 2592 si
1627 2516 1762 2614 aliquis
1780 2517 1928 2592 venerit
1947 2517 1988 2591 in

397 2638 529 2714 villam
545 2639 607 2715 vel
625 2639 792 2736 burgum
809 2639 871 2715 vel
890 2638 990 2728 olibi,
1009 2646 1048 2716 et
1067 2639 1201 2715 emerit
1219 2664 1372 2736 panem,
1392 2639 1600 2728 cervisiam,
1619 2641 1680 2715 vel
1701 2638 1776 2715 alia
1794 2639 1987 2727 victualia,

397 2769 436 2836 et
454 2768 655 2859 suspectus
672 2759 860 2837 habeatur
879 2761 983 2859 quod
1001 2759 1072 2836 hoc
1091 2761 1141 2839 sit
1161 2763 1210 2837 ad
1231 2786 1329 2859 opus
1347 2761 1654 2850 malefactorum,
1674 2762 1804 2860 ipsum
1823 2770 1987 2838 arresta-

395 2882 493 2959 bunt
513 2891 552 2957 et
573 2892 806 2959 arrestatum
824 2883 1035 2978 vicecomiti
1054 2885 1114 2959 vel
1135 2883 1284 2960 ballivis
1304 2883 1382 2959 suis
1402 2883 1631 2960 liberabunt.
1655 2884 1849 2960 Iurabunt
1870 2883 1987 2960 etiam

396 3003 500 3104 quod
516 3004 667 3081 nullum
683 3006 732 3082 de
747 3015 859 3082 nocte
878 3005 1062 3104 recipient
1080 3006 1120 3081 in
1138 3007 1294 3082 domum
1313 3031 1423 3082 suam
1441 3008 1490 3082 ad
1507 3005 1782 3104 hospitandum
1800 3005 1873 3082 nisi
1891 3006 1987 3082 bene

396 3140 512 3207 notus
531 3130 592 3218 sit,
612 3139 651 3206 et
670 3130 701 3205 si
722 3129 825 3205 forte
843 3128 1021 3226 ignotum
1041 3128 1205 3226 aliquem
1225 3128 1516 3226 hospitaverint,
1537 3129 1641 3227 quod
1660 3153 1740 3204 non
1760 3128 1987 3227 permittent

397 3249 498 3328 eum⁸
518 3251 558 3327 in
578 3252 746 3327 crastino
765 3251 941 3327 recedere
962 3259 1051 3327 ante
1070 3251 1217 3326 clarum
1239 3251 1365 3338 diem,'
1387 3261 1426 3327 et
1445 3251 1516 3326 hoc
1537 3250 1609 3328 sub
1629 3251 1847 3328 testimonio
1869 3251 1988 3328 trium

396 3373 457 3449 vel
479 3381 647 3472 quatuor
667 3373 934 3472 proximorum
955 3373 1177 3450 vicinorum.
1202 3372 1487 3450 Convocentur⁸
1509 3374 1758 3472 postmodum
1781 3373 1987 3449 servientes

396 3508 435 3574 et
450 3497 581 3573 ballivi
597 3497 897 3585 hundredorum,
914 3506 953 3573 et
970 3522 1041 3595 per
1057 3495 1231 3572 ordinem
1246 3495 1501 3572 irrotulentur
1518 3495 1720 3571 hundreda
1737 3497 1815 3574 sive
1834 3521 1986 3594 wapen-

396 3618 504 3696 takia
517 3628 556 3696 et
567 3618 724 3695 nomina
735 3619 979 3708 servientum,
993 3645 1157 3716 quorum
1171 3619 1329 3718 quilibet
1344 3618 1514 3696 affidobit
1528 3619 1633 3717 quod
1645 3620 1694 3695 de
1707 3619 1877 3718 quolibet
1890 3619 1986 3695 hun-

397 3743 516 3822 dredo
547 3742 663 3839 eliget
692 3750 859 3841 quatuor
888 3742 1040 3830 milites,
1071 3741 1137 3840 qui
1169 3740 1300 3818 statim
1330 3740 1500 3818 veniant⁹
1532 3766 1662 3817 coram
1692 3741 1904 3818 iustitiariis
1936 3741 1987 3817 od

397 3864 618 3942 faciendum
640 3875 877 3963 praeceptum
900 3865 1044 3940 domini
1067 3864 1180 3963 regis,
1204 3874 1243 3941 et
1266 3865 1331 3962 qui
1356 3863 1486 3940 statim
1509 3863 1693 3940 iurabunt
1716 3865 1821 3962 quod
1843 3863 1987 3961 eligent

378 4073 380 4076 ,
397 3990 598 4067 duodecim
615 3989 755 4066 milites
773 3988 835 4064 vel
853 3988 991 4064 liberos
1011 3995 1051 4062 et
1068 3985 1211 4084 legales
1230 3987 1401 4063 homines
1422 3987 1453 4063 si
1472 3986 1611 4063 milites
1631 4012 1711 4062 non
1729 3987 1986 4074 inveniantur,

397 4115 463 4214 qui
485 4113 676 4190 neminem
700 4109 926 4211 appellent¹⁰
949 4136 1019 4186 nec
1043 4109 1119 4186 sint
1143 4109 1341 4207 appellati,
1366 4134 1435 4184 nec
1458 4109 1558 4185 male
1582 4108 1716 4184 crediti
1740 4111 1788 4185 de
1812 4133 1907 4208 pace
1930 4109 1987 4185 in-

398 4237 537 4325 fracta,
550 4237 597 4312 de
609 4245 734 4314 morte
746 4232 920 4322 hominis,
934 4232 995 4309 vel
1009 4233 1084 4308 alio
1096 4231 1295 4320 maleficio,
1310 4241 1349 4308 et
1363 4257 1433 4330 per
1446 4257 1542 4329 quos
1556 4232 1714 4328 negotia
1727 4231 1871 4308 domini
1885 4231 1987 4330 regis

397 4360 546 4460 possint
571 4359 706 4435 melius
732 4367 770 4434 et
794 4357 927 4433 utilius
952 4353 1136 4453 expediri.
1163 4355 1221 4430 Et
1248 4355 1403 4430 nomina
1429 4355 1601 4452 ipsorum
1628 4353 1828 4430 duodecim
1856 4355 1987 4431 statim

396 4481 614 4558 imbreviari
630 4480 777 4556 faciant
793 4479 834 4554 in
850 4478 1017 4576 quodam
1034 4476 1169 4553 cedula
1185 4485 1225 4552 et
1241 4476 1348 4552 illam
1364 4475 1527 4553 liberent
1545 4476 1768 4566 iustitiariis,
1787 4477 1853 4575 qui
1870 4476 1987 4554 etiam

398 4628 484 4678 cum
502 4600 677 4678 venerint
693 4601 877 4677 iurabunt
894 4600 935 4674 in
952 4600 1023 4675 hac
1041 4600 1179 4687 forma,
1198 4598 1345 4697 primus
1365 4598 1428 4675 sic.

397 4818 423 4853 ⁴¹⁵
436 4817 707 4897 temptationibus,
726 4818 803 4893 MG,
821 4817 894 4877 cM.
933 4815 960 4850 ‘⁸
972 4815 1152 4890 attachiore,
1170 4816 1249 4890 MG,
1268 4817 1343 4890 CM,
1361 4816 1428 4890 OC,
1445 4816 1520 4888 OB;
1540 4815 1665 4892 attach,
1684 4816 1778 4878 MSS.
1797 4835 1861 4876 var.
1902 4815 1929 4850 ⁴¹
1941 4835 1987 4876 se·

397 4926 541 4997 quantur,
564 4918 608 4992 V;
631 4925 810 4997 sequuntur,
832 4917 927 4978 MSS.
950 4937 1016 4978 var.
1061 4914 1223 4977 ⁴¹³⁴⁹levat
1244 4915 1428 4992 huthesium,
1451 4918 1521 4991 OB,
1544 4919 1621 4993 ΜΒ,
1644 4918 1711 4978 MA
1737 4916 1865 4994 (levet).
1910 4916 1987 4977 ⁶⁰de

396 5021 482 5095 villa,
496 5020 562 5095 LA,
574 5019 640 5081 OC.

480 5117 639 5198 ¹''postea
662 5125 798 5179 traceam
824 5117 1007 5192 conducant,
1032 5117 1070 5179 V.
1116 5115 1221 5193 ³0m,
1246 5118 1315 5194 OB,
1341 5117 1417 5191 MA,
1442 5119 1524 5192 MB;
1551 5122 1633 5196 quia,
1658 5120 1733 5193 CM,
1758 5121 1835 5182 Mo.
1883 5119 1988 5196 ⁴0m.,

398 5220 476 5296 MG,
492 5221 566 5281 cM.
604 5219 720 5297 ⁶quod,
736 5221 776 5296 V,
793 5220 867 5280 ΜΑ.
906 5217 1025 5280 “·ὀιιω
1043 5218 1128 5279 abire
1145 5222 1363 5279 incrastinum
1380 5226 1453 5279 ante
1470 5219 1587 5280 clarum
1603 5219 1695 5296 diem,
1714 5222 1791 5298 MG,
1809 5223 1872 5284 CM
1895 5221 1988 5300 (ire),

397 5320 453 5382 OC
474 5319 622 5398 (redire).
660 5317 911 5393 ⁸convenienter,
927 5319 1006 5392 MG,
1023 5319 1098 5392 cM,
1114 5318 1180 5378 OC.
1219 5317 1378 5393 ⁹venient,
1394 5321 1471 5394 ΜΒ,
1489 5321 1556 5396 CE,
1573 5321 1613 5395 Y,
1632 5324 1709 5398 MG,
1728 5324 1801 5384 MC.
1841 5322 1988 5402 1⁰appel-

396 5421 475 5497 lant,
490 5421 529 5496 V,
546 5421 623 5494 MG,
639 5421 706 5482 OC.
