4392 6352
834 512 895 574 un
918 513 1192 576 norroruaus
1738 525 1813 594 309

224 687 296 761 per
314 687 353 740 se
371 672 411 739 et
428 671 565 762 postea
582 663 758 740 omnibus
776 663 816 739 in
833 664 1037 740 communi.
1059 665 1206 741 Forma
1225 674 1355 742 autem
1374 663 1498 743 brevis
1518 667 1705 765 specialis¹
1724 669 1814 746 talis

223 779 322 856 erit.²

322 903 387 979 De
404 913 644 981 casamento
661 905 765 1003 qood
780 904 976 983 iustitinrti
991 906 1136 999 fodent
1154 930 1241 982 cnm
1257 907 1502 984 institioriam
1519 909 1745 1007 receperint.

222 1023 287 1098 Er
307 1031 590 1099 sacramentum
608 1023 687 1099 tale
706 1023 791 1100 erit.
813 1024 966 1100 Iurabit
986 1024 1145 1122 quilibet
1165 1034 1255 1124 post
1277 1024 1394 1102 alium
1415 1027 1520 1124 quod
1540 1037 1685 1104 rectam
1705 1029 1812 1104 iusti·

221 1141 317 1218 tiam
332 1142 477 1218 facient
492 1167 565 1241 pro
581 1167 693 1241 posse
709 1129 778 1218 suo
794 1143 834 1218 in
850 1143 1092 1220 comitatibus
1108 1144 1150 1220 in
1166 1144 1303 1242 quibus
1321 1144 1468 1222 fuerint
1484 1146 1712 1236 itineratmi,
1730 1156 1812 1225 tam

221 1262 457 1361 pauperibus
476 1287 594 1359 quam
612 1260 804 1349 divitibus,
823 1272 863 1338 et
882 1260 986 1359 quod
1005 1262 1162 1338 assisam
1182 1262 1390 1340 servabunt
1411 1264 1622 1342 secundum
1640 1266 1813 1364 capitula

221 1380 451 1481 subscripta⁸
470 1389 510 1458 et
527 1381 689 1458 inferius
709 1381 974 1480 exprimanda‚
993 1392 1033 1459 et
1052 1381 1154 1480 quod
1174 1382 1318 1460 facient
1339 1408 1470 1461 omnes
1490 1386 1737 1464 rectitudines
1758 1386 1811 1463 et⁴

219 1501 399 1580 iustitias⁸
416 1511 633 1601 spectantes
651 1503 702 1579 ad
720 1527 901 1579 coronam
918 1503 1062 1579 domini
1080 1505 1193 1602 regis.
1213 1504 1272 1580 Et
1289 1515 1379 1603 post
1398 1531 1511 1582 suum
1529 1516 1811 1584 sacramentum

220 1626 372 1702 dicatur
392 1625 445 1702 eis
466 1649 645 1724 expresse
665 1625 769 1722 quod
789 1649 862 1724 pro
882 1649 994 1723 posse
1016 1650 1085 1701 suo
1106 1625 1310 1702 intendant
1331 1627 1381 1702 ad
1403 1627 1624 1704 faciendum
1645 1654 1809 1706 commo-

220 1745 315 1823 dum
331 1745 475 1822 domini
492 1745 605 1843 regis.
754 1849 757 1855 Ι

319 1865 447 1941 Breve
461 1863 529 1940 noi
541 1887 674 1940 eoram
688 1862 872 1940 clansam.

219 1986 316 2063 Rex
331 1985 469 2062 dilecto
483 1995 522 2062 et
537 1987 641 2062 fideli
657 2011 726 2063 suo
743 1986 796 2062 N.
812 1987 987 2062 salutem.
1006 1986 1144 2063 Sciatis
1161 1988 1265 2084 quod
1280 1987 1546 2066 constituimus
1563 2016 1630 2066 vos
1647 1991 1808 2068 iustitia-

218 2110 321 2186 rium
334 2118 510 2185 nostrum
525 2133 605 2184 una
618 2133 705 2183 cum
721 2106 867 2184 dilectis
882 2116 922 2184 et
937 2107 1112 2184 fidelibus
1128 2107 1268 2184 nostris
1284 2109 1338 2184 A.
1354 2110 1403 2184 Β.
1422 2110 1467 2185 C.
1484 2111 1535 2186 ad
1549 2111 1809 2188 itinerandum

218 2255 289 2330 per
305 2231 531 2305 comitatum
547 2230 677 2316 talem,
694 2228 756 2304 vel
771 2229 976 2306 comitatus
995 2229 1103 2317 tales,
1123 2230 1176 2305 N.
1196 2229 1245 2304 de
1262 2231 1437 2307 omnibus
1456 2231 1581 2308 assisis
1600 2241 1639 2309 et
1658 2232 1809 2331 placitis

218 2358 301 2426 tam
317 2375 466 2425 coronae
482 2359 623 2426 nostrae
641 2375 757 2448 quam
775 2349 870 2438 aliis,
888 2350 1099 2427 secundum
1116 2351 1220 2449 quod
1237 2351 1277 2426 in
1296 2350 1400 2427 brevi
1420 2360 1553 2428 nostro
1572 2352 1620 2430 de
1638 2353 1809 2450 generali

218 2471 513 2548 summonitione
531 2471 619 2547 inde
637 2470 743 2548 vobis
761 2470 906 2547 directo
924 2471 1075 2570 plenius
1094 2472 1323 2549 continetur.
1343 2473 1401 2550 Et
1421 2474 1506 2549 ideo
1525 2474 1631 2551 vobis
1650 2476 1809 2551 manda·

217 2617 315 2680 mus,
339 2601 520 2689 rogantes
543 2594 648 2690 quod
669 2593 710 2667 in
733 2593 810 2668 fide
833 2618 910 2691 qua
932 2590 1041 2669 nobis
1065 2593 1246 2668 tenemini
1270 2619 1460 2670 unacum
1484 2594 1675 2693 praedictis
1700 2596 1809 2672 sociis

217 2711 368 2790 vestris⁶
389 2714 439 2789 ad
457 2714 536 2789 haec
555 2712 796 2811 expedienda
813 2713 979 2789 fideliter
998 2723 1037 2790 et
1057 2713 1263 2812 diligenter
1282 2714 1502 2803 intendatis,
1524 2724 1569 2792 ut
1588 2725 1671 2792 tam
1692 2716 1809 2793 fidem

217 2843 387 2910 vestram
398 2860 515 2933 quam
527 2834 767 2933 diligentiam
780 2835 830 2910 ad
842 2833 913 2910 hoc
927 2835 1146 2934 appositam
1159 2835 1363 2912 debeamus
1377 2835 1514 2912 merito
1528 2838 1807 2913 commendare.

218 2955 335 3031 Teste
352 2964 529 3031 etcetera.
547 2955 606 3032 Et
621 2956 699 3030 haeo
716 2955 851 3031 eadem
868 2956 996 3031 forma
1013 2955 1082 3031 fiat
1101 2955 1261 3053 singulis
1280 2981 1413 3032 eorum
1431 2982 1501 3055 per
1520 2981 1570 3032 se.

316 3074 445 3150 Breve
459 3071 636 3150 omnibns
648 3073 861 3151 iustitioria’a
876 3072 991 3150 amal
1004 3073 1109 3172 qaod
1123 3074 1195 3150 erit
1210 3097 1342 3151 eornm
1358 3085 1586 3163 omentum,
1602 3078 1641 3153 et
1655 3073 1808 3176 publice

317 3189 469 3290 legetur
485 3191 528 3268 ia
544 3191 729 3269 comitato
745 3199 896 3291 potens.

217 3313 314 3389 Rax
333 3312 479 3389 delictis
497 3322 537 3390 et
555 3313 731 3391 fidelibus
751 3315 829 3391 suis
847 3315 899 3390 A.
919 3315 968 3391 B.
989 3316 1036 3399 C.
1055 3313 1110 3390 D.
1131 3314 1307 3391 salutem.
1329 3314 1466 3392 Sciatis
1487 3317 1590 3414 quod
1610 3317 1806 3393 constitui·

217 3459 302 3510 mus
325 3459 392 3511 vos
416 3435 638 3512 iustitiarios
660 3446 813 3512 nostros
837 3437 886 3512 ad
910 3429 1169 3513 itinerandum
1192 3437 1233 3511 in
1255 3436 1440 3513 comitatu
1464 3437 1534 3514 tali
1559 3438 1606 3514 de
1631 3438 1807 3514 omnibus

217 3555 367 3654 placitis
383 3565 422 3632 et
437 3555 562 3633 assisis
576 3565 658 3633 tam
673 3581 821 3632 coronae
835 3564 975 3632 nostrae
991 3582 1107 3655 quam
1123 3556 1218 3644 aliia,
1235 3581 1319 3655 quae
1334 3556 1583 3633 emerserunt⁷
1601 3567 1806 3656 postquam

216 3676 410 3754 iustitiarii
426 3678 548 3754 nostri
564 3677 702 3754 ultimo
719 3678 997 3754 itineraverunt
1014 3678 1055 3753 in
1072 3678 1257 3755 comitatu
1274 3678 1352 3766 illo,
1371 3686 1411 3754 et
1429 3678 1544 3755 etiam
1563 3679 1612 3754 de
1629 3679 1704 3756 illis
1724 3705 1808 3778 quae

217 3799 449 3876 summonita
470 3809 509 3877 et
531 3798 781 3876 atterminata
802 3800 963 3875 fuerunt
984 3807 1023 3874 et
1045 3824 1124 3873 non
1146 3799 1258 3874 finita
1278 3823 1409 3874 coram
1430 3799 1642 3876 iustitiariis
1665 3800 1806 3877 nostris

217 3921 323 4019 apud
344 3919 747 4008 Westmonasterium,
769 3919 830 3994 vel
853 3944 981 3994 coram
1004 3919 1215 3995 iustitiariis
1239 3917 1379 3995 nostris
1404 3920 1469 4017 qui
1492 3919 1629 3996 ultimo
1652 3920 1806 3996 itinera·

216 4051 357 4118 veumt
374 4043 414 4117 in
430 4041 564 4118 eodem
582 4041 778 4129 comitatu,
797 4040 845 4115 de
862 4038 1037 4115 omnibus
1056 4039 1218 4137 placitis,
1238 4038 1299 4115 vel
1315 4047 1470 4116 tantum
1489 4040 1536 4116 de
1555 4041 1680 4117 assisis
1699 4065 1807 4116 novae

216 4162 430 4250 disseisinae,
449 4163 585 4238 mortis
605 4160 853 4238 antecessoris
873 4159 1080 4258 capiendis,
1100 4160 1162 4235 vel
1182 4159 1304 4257 gaolis
1325 4159 1591 4236 deliberandis.
1615 4161 1682 4237 Ita
1703 4161 1806 4258 quod

216 4306 347 4359 omnes
363 4281 488 4358 assisae
502 4281 575 4357 illae
590 4290 629 4358 et
644 4281 772 4357 omnia
787 4280 930 4380 placita
946 4279 1013 4356 illa
1027 4279 1104 4357 sint
1119 4304 1248 4357 coram
1264 4279 1371 4357 vobis
1386 4280 1427 4354 in
1442 4281 1577 4357 eodem
1592 4289 1699 4358 statu
1715 4280 1806 4381 quo⁸

215 4411 484 4480 remanserunt
496 4429 568 4502 per
582 4411 819 4501 praeceptum
834 4409 1021 4489 nostrum,
1037 4401 1098 4477 vel
1113 4400 1197 4499 per⁹
1213 4402 1398 4499 praefatos
1415 4401 1637 4479 iustitiarios
1653 4410 1806 4478 nostros

215 4524 438 4602 itinerantes
458 4524 519 4598 vel
538 4548 609 4621 per
626 4521 849 4599 iustitiarios
869 4530 1019 4598 nostros
1041 4521 1116 4596 de¹⁰
1136 4522 1268 4597 banco
1291 4522 1565 4599 Mandavimus
1587 4523 1688 4598 enim
1709 4524 1804 4599 vice-

215 4645 346 4720 comiti
360 4653 492 4721 nostro
508 4644 561 4719 N.
577 4643 680 4742 quod
695 4644 745 4719 ad
761 4643 861 4719 diem
877 4652 915 4719 et
930 4643 1057 4718 locum
1073 4668 1187 4740 quem
1203 4644 1236 4719 ei
1251 4643 1347 4719 scire
1363 4643 1523 4733 iacietis,
1541 4645 1660 4722 iaciat
1675 4669 1805 4721 coram

215 4767 322 4844 vobis
339 4765 651 4844 summonitiones
669 4763 752 4839 fieri
769 4771 809 4839 et
826 4761 1124 4839 attachiamenta
1141 4763 1281 4850 venire,
1300 4788 1388 4839 cum
1405 4763 1581 4841 brevibus
1599 4765 1805 4843 assisarum

215 4896 255 4964 et
278 4886 509 4986 placitorum
532 4883 814 4984 praedictorum.
841 4883 899 4958 Et
923 4882 1009 4957 ideo
1032 4882 1138 4959 vobis
1162 4883 1402 4972 mandamus,
1428 4893 1610 4982 rogantes
1635 4885 1739 4982 quod
1763 4887 1804 4961 in

215 5008 292 5084 fide
308 5033 386 5106 qua
399 5005 508 5082 nobis
524 5003 707 5080 tenemini
723 5004 773 5081 ad
789 5004 866 5078 haeo
883 5003 1107 5100 exequenda
1124 5002 1289 5079 fideliter
1305 5011 1483 5092 nectere,
1501 5011 1547 5080 ut
1564 5030 1693 5104 supra.

297 5225 403 5299 ¹0m.,
420 5224 498 5299 MG,
515 5223 583 5296 OC,
602 5222 675 5282 CM.
714 5219 796 5294 ἐπ,
814 5219 880 5293 OC,
899 5220 975 5294 MA,
993 5220 1062 5294 OB,
1081 5219 1158 5295 MG,
1177 5219 1252 5296 CM,
1270 5219 1343 5281 MC.
1383 5217 1535 5299 ⁸scripta,
1555 5223 1632 5285 MG.
1673 5221 1803 5299 4ΙῦΟιιι,

214 5326 283 5402 OB,
303 5324 379 5402 MA,
399 5325 476 5401 ΜΒ,
497 5323 564 5399 CE,
584 5323 623 5384 Y.
665 5318 815 5396 ‘nostris
836 5319 930 5382 MSS.
952 5341 1017 5381 var.
1058 5318 1274 5395 'emerserint
1297 5321 1335 5396 V,
1357 5323 1431 5384 MA.
1475 5320 1532 5382 ⁸in
1552 5344 1622 5402 quo,
1644 5324 1713 5400 ΟΛ,
1735 5327 1802 5402 OC,

214 5427 292 5503 MG,
304 5428 377 5489 MC.
411 5425 517 5500 ⁹Om.‚
529 5424 598 5501 OB,
610 5425 687 5499 MA,
700 5423 777 5497 ΜΒ,
789 5421 857 5498 GE,
870 5422 945 5496 CM,
957 5421 998 5495 Y,
1011 5422 1085 5484 MC.
1120 5419 1147 5455 ²⁰
1158 5425 1201 5496 in,
1215 5424 1284 5499 OB,
1299 5424 1375 5498 MA,
1389 5425 1465 5499 ΜΒ,
1480 5425 1547 5500 CE,
1559 5426 1600 5487 Y.
