4432 6340
648 475 709 535 DE
732 474 1034 548 ADQUIRENDO
1058 474 1215 536 RERUM
1239 474 1441 535 DOMINIO
1770 480 1842 554 173

252 625 326 704 illis
348 635 512 702 utantur
534 626 581 703 de
603 634 741 702 ceter0.
765 626 834 702 Ad
856 627 960 725 quod
982 651 1073 702 vero
1096 653 1120 701 a
1142 634 1254 724 parte
1278 625 1440 701 adversa
1461 626 1605 724 poterit
1629 624 1841 724 triplicari,¹

252 746 357 844 quod
376 745 549 844 quamvis
569 744 680 822 tales²
701 745 756 821 ita
776 745 922 821 fuerint
942 744 1111 820 restituti
1132 745 1183 820 ad
1203 743 1421 820 libertatem
1442 769 1558 842 quam
1580 743 1686 842 prius
1710 744 1840 821 amise·

251 872 345 940 runt
363 889 434 962 per
451 889 530 940 non
547 886 673 952 usum,
690 872 822 940 tamen
839 863 965 940 medio
983 873 1157 961 tempore
1176 871 1266 938 ante
1286 863 1567 939 restitutionem
1586 863 1769 939 concessit
1789 862 1842 939 eis

252 983 429 1059 dominus
447 1008 515 1059 rex
534 1008 605 1081 per
620 992 768 1059 cartam
785 1007 894 1058 suam
912 982 1129 1057 libertatem
1147 1005 1263 1080 quam
1281 1005 1384 1055 nunc
1402 981 1555 1069 babent,
1575 987 1615 1057 et
1633 981 1736 1057 uude
1755 1006 1843 1057 cum

250 1101 340 1178 talis
358 1100 516 1177 libertas
535 1101 591 1176 ita
611 1100 663 1176 eis
683 1124 860 1176 concessa
880 1100 999 1177 fuerit
1019 1125 1097 1175 non
1117 1099 1246 1199 potuit
1266 1099 1443 1175 dominus
1464 1125 1533 1174 rex
1554 1099 1621 1176 eis⁸
1641 1100 1843 1176 restituere

252 1221 470 1298 libertatem
496 1247 612 1320 quam
640 1221 722 1298 aliis
749 1218 944 1297 concessit.
973 1221 1048 1296 Vel
1076 1221 1201 1296 dicere
1229 1221 1372 1318 poterit
1400 1221 1504 1319 quod
1532 1220 1706 1319 quamvis
1734 1230 1842 1298 carta

251 1367 384 1418 eorum
406 1350 589 1441 postnata
609 1342 659 1419 sit
680 1351 718 1418 et
739 1342 895 1418 libertas
916 1341 1118 1441 posterior,
1140 1351 1271 1418 tamen
1291 1367 1364 1417 usu
1387 1342 1533 1440 priores
1556 1342 1781 1431 extiterunt,
1803 1352 1843 1418 et

252 1462 425 1562 quamvis
447 1463 551 1540 forte
571 1462 789 1540 libertatem
811 1487 921 1540 suam
940 1463 1059 1539 talem
1082 1488 1159 1561 qua
1179 1462 1238 1538 usi
1261 1462 1421 1539 fuenmt
1444 1472 1483 1539 et
1506 1489 1579 1539 usu
1601 1462 1748 1562 priores
1772 1489 1843 1561 per

251 1608 330 1660 non
347 1609 461 1660 usum
479 1585 712 1672 amitterent,
731 1584 820 1661 licet
837 1584 991 1682 utrique
1011 1583 1179 1659 restituti
1198 1592 1336 1671 essent,
1354 1592 1486 1660 tamen
1504 1583 1577 1681 ipsi
1597 1584 1675 1660 sive
1695 1584 1842 1682 priores

251 1704 330 1781 sive
348 1705 578 1804 posteriores
596 1704 867 1803 impetratione
883 1705 944 1780 vel
963 1730 1036 1780 usu
1054 1705 1220 1802 primam
1238 1703 1470 1779 habuerunt*
1490 1704 1782 1792 restitutionem,
1803 1712 1842 1780 et

251 1825 304 1902 sic
320 1835 366 1903 ut
380 1825 533 1902 videtur
549 1825 590 1900 in
606 1825 709 1901 omni
724 1824 902 1902 libertate
918 1849 1106 1914 concessa,
1122 1824 1176 1899 in‘
1193 1822 1489 1923 impetratione,‘
1507 1851 1591 1914 usu,
1609 1826 1669 1901 vel
1688 1827 1840 1902 restitu-

250 1945 355 2022 tione
370 1945 455 2023 erit²
472 1945 652 2044 prioritas
668 1945 921 2045 praeferenda.

349 2183 415 2260 De
429 2181 793 2280 confirmationibus.
851 2175 853 2180 ’

251 2304 368 2394 Qum
389 2305 595 2402 aliquando
616 2305 840 2381 donationes
861 2329 948 2380 cum
970 2304 1152 2404 perfecta
1174 2305 1250 2382 sint
1271 2306 1320 2381 ab
1341 2304 1543 2382 heredibus
1564 2306 1840 2404 impediuntur,

250 2430 339 2520 eget
367 2422 574 2522 aliquando
602 2423 827 2499 donatarius
856 2423 1145 2500 confirmatione
1174 2423 1369 2512 heredum,
1402 2421 1454 2500 et⁸
1485 2423 1691 2523 aliquando
1721 2424 1840 2500 domi·

249 2565 389 2616 norum
417 2541 642 2640 capitalium
672 2541 771 2619 sicut
802 2541 945 2618 domini
976 2541 1090 2639 regis,
1121 2550 1161 2618 et
1193 2542 1355 2618 aliomm
1386 2542 1625 2619 inferiorum.
1659 2542 1776 2620 Item⁹
1809 2542 1840 2619 si

249 2658 365 2734 cum²⁰
390 2685 413 2736 a
437 2684 528 2735 vero
553 2660 707 2735 domino
732 2661 839 2736 facta
865 2660 984 2736 fuerit
1010 2660 1166 2736 donatio
1191 2670 1230 2737 et
1256 2661 1489 2759 adquisitum
1516 2662 1726 2738 dominium
1752 2687 1839 2738 cum

248 2777 427 2874 homagio
443 2786 482 2854 et
497 2778 738 2855 solemnitate
753 2778 893 2866 debita,
910 2788 948 2855 et
964 2779 1014 2854 sit
1029 2778 1081 2853 ibi
1098 2779 1272 2855 defectus
1289 2779 1329 2854 in
1346 2779 1563 2868 donatione,
1581 2782 1684 2877 quod
1701 2781 1742 2855 iu
1759 2781 1839 2856 vita

249 2897 446 2974 donatoris
459 2922 538 2974 non
552 2895 602 2973 sit
615 2905 745 2974 secuta
759 2897 929 2986 traditio,
944 2906 982 2973 et
997 2898 1052 2974 ita
1066 2898 1170 2996 quod
1183 2898 1413 2996 imperfecta
1427 2898 1475 2974 sit
1490 2897 1659 2987 donatio,
1675 2898 1705 2975 si
1721 2900 1838 2975 dona·

247 3014 370 3094 tarius
388 3041 628 3115 quocumque
646 3040 736 3092 casu
754 3025 843 3115 post
860 3024 1024 3110 mortem
1043 3016 1239 3092 donatoris
1258 3024 1394 3091 nactus
1413 3016 1533 3092 fuerit
1553 3015 1740 3105 seisinam,
1760 3042 1838 3093 non

248 3134 350 3212 valet
374 3133 531 3211 donatio
553 3133 669 3210 cum²²
693 3134 743 3211 sit
766 3132 974 3221 invalida,²²
997 3133 1085 3210 licet
1110 3132 1277 3233 aliqua,¹⁸
1301 3133 1373 3210 nisi
1397 3132 1665 3210 confirmatio²⁴
1689 3135 1837 3211 heredis

247 3252 508 3348 intervenerit,
534 3279 619 3351 quae
645 3253 676 3328 si
701 3251 950 3329 intervenerit
975 3252 1132 3329 donatio
1158 3252 1398 3328 convalescit.
1427 3254 1531 3329 Item
1557 3253 1589 3330 si
1616 3251 1728 3352 quis¹⁵
1756 3278 1838 3330 rem

248 3372 412 3449 alienam
435 3371 594 3460 dederit,
617 3373 706 3449 licet
728 3372 777 3449 ab
799 3371 908 3448 initio
930 3369 1058 3447 valeat
1081 3372 1239 3449 donatio
1262 3381 1451 3470 quantum
1476 3372 1526 3449 ad
1549 3372 1775 3449 donatorem
1799 3380 1838 3448 et

248 3490 504 3578 donatarium,
527 3514 606 3564 non
626 3489 769 3567 valebit
789 3500 921 3566 tamen
942 3499 1131 3589 quantum
1153 3491 1204 3566 ad
1224 3516 1359 3566 verum
1381 3492 1589 3567 dominum.
1614 3491 1676 3568 Ut
1698 3491 1730 3568 si
1753 3491 1837 3590 quis

248 3629 488 3705 quocumque
502 3607 618 3683 modo
633 3608 801 3685 tenuerit
819 3609 869 3684 ad
884 3609 1093 3685 terminum
1108 3608 1196 3684 vitae
1213 3609 1273 3685 vel
1291 3633 1492 3697 annorum,
1509 3610 1570 3685 vel
1588 3609 1737 3686 ratione
1755 3634 1837 3685 cus·

247 3721 373 3814 tcdiae,
397 3724 458 3800 vel
482 3723 654 3823 pignoris
679 3725 758 3801 sive
781 3726 895 3815 vadii,
921 3726 1088 3824 aliquam
1112 3752 1206 3815 rem,
1231 3736 1270 3804 et
1294 3727 1400 3802 illam
1425 3727 1537 3804 alicui
1562 3727 1723 3815 dederit,
1749 3728 1838 3804 licet

247 3841 375 3919 valida
394 3842 443 3919 sit
461 3843 618 3920 donatio
636 3853 825 3941 quantum
844 3845 895 3920 ad
912 3845 1069 3921 dantem
1087 3852 1127 3920 et
1145 3845 1406 3943 accipientem,
1426 3845 1596 3921 invalida
1614 3855 1746 3923 tamen
1763 3845 1837 3923 erit

247 3970 287 4038 et
304 3960 346 4036 in
364 3961 548 4060 pendenti
565 3986 764 4060 quousque
782 3989 806 4038 a
823 3987 914 4038 vero
933 3961 1087 4038 domino
1107 3962 1227 4038 fuerit
1246 3963 1403 4038 donatio
1422 3964 1559 4039 talium
1579 3974 1757 4042 revocata
1776 3966 1837 4041 vel

246 4081 484 4158 confirmata.
503 4080 725 4157 Videndum
740 4079 861 4179 igitur
878 4079 971 4178 quid
988 4080 1036 4157 sit
1053 4080 1305 4156 confirmatio.
1325 4081 1383 4156 Et
1400 4090 1458 4158 est
1476 4081 1716 4158 confirmatio
1734 4082 1835 4182 prio-

247 4199 299 4277 ris
320 4198 413 4276 iuris
434 4208 473 4276 et
494 4199 651 4275 dominii
672 4198 805 4298 adepti
825 4198 993 4275 firmatio
1013 4223 1102 4274 cum
1122 4198 1249 4298 prima
1270 4198 1453 4282 firmitate
1475 4198 1702 4276 donationis.
1727 4200 1836 4276 Nihil

248 4317 349 4394 enim
375 4318 464 4394 novi
491 4316 680 4406 attribuit,
707 4318 775 4394 sed
800 4317 859 4393 ius
886 4324 996 4393 vetus
1023 4317 1236 4394 consolidat
1262 4326 1301 4394 et
1327 4318 1542 4406 confirmat,
1570 4317 1602 4394 si
1629 4344 1653 4393 a
1679 4318 1836 4418 capitali

248 4435 402 4512 domino
419 4436 480 4511 vel
499 4435 547 4511 ab
565 4436 640 4513 alio
657 4460 737 4512 non
755 4435 910 4512 domino
928 4436 1035 4511 facta
1053 4435 1172 4512 fuerit
1191 4433 1242 4511 a¹⁶
1260 4436 1391 4511 latere.
1412 4435 1470 4512 Et
1488 4434 1591 4512 unde
1610 4435 1641 4513 si
1661 4436 1709 4513 ab
1727 4437 1837 4513 initio

248 4555 405 4631 donatio
420 4555 527 4631 facta
544 4580 567 4630 a
583 4580 674 4631 vero
691 4553 846 4630 domino
861 4552 990 4630 valida
1006 4553 1137 4642 fuerit,
1155 4552 1395 4630 confirmatio
1413 4556 1519 4631 facta
1537 4554 1586 4631 ab
1603 4555 1686 4632 aliis
1705 4555 1837 4633 statim

246 4672 376 4749 vulida
393 4672 483 4749 erit:
503 4673 615 4750 etita
633 4699 768 4750 verum
787 4672 859 4750 erit
878 4673 981 4772 quod
999 4671 1140 4749 dicitur
1158 4674 1262 4770 quod
1280 4673 1346 4749 ubi
1365 4673 1523 4750 donatio
1542 4674 1670 4751 vulida
1688 4683 1729 4751 et
1747 4699 1836 4751 con·

330 4887 511 4967 ²repliceri,
530 4889 569 4965 V,
588 4890 656 4965 ΟΕ,
676 4889 751 4952 MA.
793 4889 897 4965 ¹Om.,
917 4890 986 4964 OB,
1005 4891 1082 4965 MA,
1102 4891 1179 4964 ΜΒ,
1198 4891 1266 4966 cE,
1286 4892 1359 4952 CM.
1401 4889 1465 4966 ὀὶ,
1485 4892 1554 4966 OA,
1575 4892 1646 4964 LA;
1668 4911 1737 4966 om,
1757 4891 1834 4953 MG.

246 4987 446 5066 ‘babueriut,
466 4987 535 5064 OB,
556 4988 633 5065 MA,
653 4990 731 5066 ΜΒ,
750 4991 797 5065 Υ;
818 4989 971 5066 babuerit,
993 4993 1066 5053 CM.
1110 4988 1149 5024 Μ
1159 4994 1385 5070 impetratione,
1406 4991 1474 5065 LA,
1496 4993 1570 5066 MC,
1594 4992 1676 5064 MG;
1698 4995 1759 5052 erit
1780 4995 1835 5053 im·

245 5093 432 5170 patratione,
447 5091 517 5168 OB,
532 5092 609 5168 ΜΒ,
624 5092 691 5167 CE,
707 5092 1012 5171 CM3eritinimp,
1028 5093 1103 5154 MA
1141 5091 1246 5167 τΟΜ,
1262 5093 1331 5169 ΟΒ,
1347 5092 1424 5166 MA,
1441 5093 1517 5167 ΜΒ,
1534 5094 1602 5168 CE,
1619 5094 1693 5154 CM.
1731 5091 1836 5167 ⁸Om.,

246 5192 316 5268 OB,
341 5192 418 5268 MA,
444 5193 520 5267 ΜΒ,
545 5193 619 5254 CM.
667 5191 805 5254 ’'²⁰item
830 5197 920 5268 sicut,
946 5194 1040 5256 MSS.
1067 5214 1133 5254 var.
1181 5192 1317 5272 ¹²quasi,
1344 5194 1412 5268 ΟΕ,
1438 5194 1515 5269 MA,
1542 5195 1623 5267 MB;
1651 5198 1734 5273 quia,
1760 5194 1834 5256 CM.
1971 5189 1975 5194 ’

246 5291 312 5328 ²²⁴⁸
325 5294 405 5370 0m,
427 5295 495 5356 OB.
541 5291 608 5328 ¹⁸⁴⁴
618 5293 755 5355 invalida
778 5298 839 5356 nisi
861 5293 966 5373 aliqua
988 5293 1191 5371 confirmatio,
1214 5295 1255 5371 Y,
1279 5296 1359 5368 cM;
1383 5299 1446 5357 inv.
1470 5295 1526 5356 sed
1549 5294 1716 5374 aliquando
1740 5294 1835 5370 confi,

246 5392 312 5456 OC.
346 5393 373 5428 ²⁵
385 5395 507 5474 aliquis,
520 5393 598 5471 MG,
610 5395 684 5456 CM.
717 5393 744 5428 ²⁶
756 5399 784 5455 ei
796 5417 826 5470 a,
838 5396 878 5471 V,
889 5396 929 5458 Y.
