4432 6340
392 444 465 518 174
923 385 1145 498 BBAC'I'ON:
1168 438 1229 497 DE
1252 436 1444 498 LEGIBUS

389 589 559 666 firmatio
580 588 708 666 valida
731 588 815 664 erit.
840 589 944 664 Item
966 587 998 665 si
1021 589 1128 666 facta
1150 589 1270 665 fuerit
1293 587 1450 665 donatio
1473 612 1497 663 a
1519 612 1598 663 non
1620 587 1787 676 domino,
1811 587 1908 664 sicut
1932 587 1981 663 ab

390 707 464 785 illis
489 707 555 806 qui
578 716 711 784 tenent
737 707 787 782 ad
810 707 1019 784 terminum
1042 707 1103 783 vel
1128 707 1203 783 alio
1227 708 1342 783 modo
1368 706 1466 782 sicut
1491 704 1718 805 praedieum
1743 714 1813 795 est,
1838 705 1981 782 valebit

390 825 630 903 confirmatio
648 851 672 902 a
688 825 810 902 latere
828 826 935 903 facta
953 826 1073 903 donec
1092 825 1211 902 fuerit
1231 825 1388 902 donatio
1407 851 1431 900 a
1448 850 1539 902 vero
1558 825 1713 901 domino
1731 833 1922 914 revocata,
1941 834 1982 902 et

389 970 478 1022 cum
491 953 671 1021 revocata
685 943 817 1033 fuerit,
832 943 967 1044 incipit
982 967 1061 1019 non
1076 943 1203 1020 valere
1219 952 1409 1042 quantum
1425 939 1475 1020 ad
1492 944 1649 1020 dantem
1664 952 1705 1020 et
1719 943 1981 1042 accipientem,

391 1073 431 1140 et
457 1072 646 1161 quantum
673 1063 723 1139 ad
748 1089 884 1140 verum
909 1062 1119 1139 dominum.
1148 1062 1250 1139 Cum
1277 1068 1408 1138 autem
1435 1062 1664 1137 confirmata
1691 1062 1811 1138 fuerit
1838 1087 1863 1137 a
1890 1087 1981 1138 vero

391 1183 557 1272 domino,
575 1192 669 1259 tunc
685 1182 787 1258 valet
804 1191 843 1258 et
860 1191 968 1259 tenet
985 1182 1084 1258 sicut
1101 1182 1142 1256 in
1159 1181 1268 1257 initio
1287 1181 1515 1270 donationis,
1534 1189 1573 1257 et
1590 1189 1685 1257 tunc
1702 1180 1828 1279 primo
1846 1181 1982 1280 incipit

391 1301 420 1377 f.
436 1300 531 1393 aab]
586 1301 713 1377 valere
738 1299 780 1377 in
803 1325 969 1400 persona
994 1300 1075 1375 veri
1100 1298 1255 1376 domini.
1285 1300 1328 1376 Si
1353 1308 1484 1376 autem
1510 1299 1667 1374 donatio
1692 1299 1848 1375 omnino
1873 1298 1982 1375 nulla

391 1419 480 1518 quia
495 1419 581 1517 lege
595 1419 752 1496 omnino
768 1418 973 1518 prohibita,
990 1419 1089 1494 sicut
1105 1416 1262 1495 donatio
1278 1419 1380 1495 inter
1395 1416 1522 1494 virum
1538 1425 1578 1494 et
1594 1442 1767 1507 uxorem,
1784 1418 1846 1494 vel
1863 1417 1980 1494 dona·

389 1540 445 1615 tio
462 1539 570 1614 facta
586 1537 635 1614 ab
652 1564 698 1615 eo
716 1540 781 1637 qui
799 1537 946 1614 nullam
964 1537 1120 1613 omnino
1138 1537 1315 1614 seisinam
1332 1536 1479 1625 habuit,
1499 1538 1602 1635 quod
1619 1536 1774 1613 tradere
1793 1545 1923 1635 posset
1942 1544 1982 1612 et

389 1683 471 1734 rem
486 1657 706 1756 accipientis
720 1658 860 1744 facere,
873 1656 1115 1732 confirmatio
1129 1682 1152 1732 a
1166 1656 1287 1732 latere
1302 1655 1409 1733 facta
1422 1680 1501 1731 non
1515 1655 1668 1743 valebit,
1684 1664 1723 1730 et
1737 1654 1789 1730 ibi
1804 1664 1862 1731 est
1877 1655 1982 1753 quod

390 1776 530 1853 dicitur
547 1776 651 1874 quod
667 1775 733 1850 ubi
751 1774 907 1851 donatio
925 1774 1034 1851 nulla
1049 1773 1205 1850 omnino
1223 1772 1318 1850 nec²²
1337 1773 1479 1850 valebit
1497 1771 1748 1849 confirmatio.
1770 1773 1849 1850 Sed
1866 1798 1981 1871 gene·

389 1895 523 1971 raliter
535 1919 622 1971 cum
637 1895 721 1992 quis
736 1895 776 1970 in
789 1893 1027 1994 possessione
1042 1893 1161 1974 fuerit
1177 1918 1225 1968 ex
1240 1917 1479 1992 quacumque
1493 1917 1610 1968 causa
1622 1917 1715 1968 vera
1729 1892 1790 1967 vel
1805 1888 1981 1980 fictitia,²⁸

390 2023 429 2090 et
445 2039 557 2090 verus
574 2013 749 2090 dominus
767 2013 886 2089 sciens
903 2022 942 2089 et
959 2009 1157 2112 prudens²⁰
1174 2011 1244 2087 hoc
1261 2010 1437 2099 voluerit,
1454 2020 1494 2088 et
1511 2010 1757 2086 donationem
1773 2011 1834 2086 vel
1850 2009 1981 2087 vendi·

389 2132 534 2209 tionem
565 2159 589 2207 a
617 2156 857 2230 quocumque
888 2131 1034 2207 factam
1063 2130 1359 2217 confirmaverit,
1391 2129 1631 2205 confirmatio
1662 2129 1833 2205 validum
1865 2129 1982 2205 faciet

392 2250 495 2350 quod
514 2259 643 2326 actum
661 2248 758 2338 est,²⁰
777 2275 826 2326 ex
844 2276 920 2348 quo
938 2248 1115 2326 dominus
1133 2248 1203 2324 hoc
1223 2247 1356 2336 voluit,
1376 2248 1555 2324 voluntas
1574 2248 1676 2324 enim
1697 2272 1766 2323 sua
1786 2257 1824 2324 et
1843 2246 1981 2322 confir·

391 2370 510 2444 matio
525 2395 656 2445 omnes
671 2369 828 2468 supplet
843 2369 1028 2456 delectus,
1043 2368 1131 2444 licet
1145 2367 1185 2443 id
1201 2368 1305 2466 quod
1320 2365 1477 2443 actum²²
1492 2376 1550 2443 est
1566 2367 1615 2442 ab
1630 2365 1739 2442 initio
1754 2390 1833 2441 non
1848 2365 1981 2443 valuit.

392 2487 450 2564 Et
465 2487 536 2563 hoc
550 2487 634 2563 dico
649 2486 748 2563 nisi²¹
764 2512 872 2564 error
887 2485 1033 2563 fuerit²⁸
1050 2486 1099 2562 ab
1113 2486 1222 2562 initio
1238 2485 1278 2561 in
1294 2486 1512 2574 donatione,
1528 2485 1619 2582 quia
1635 2484 1666 2560 si
1683 2510 1789 2561 error
1806 2483 1926 2560 fuerit
1942 2485 1983 2559 in

393 2606 598 2682 donatione
618 2631 698 2682 non
718 2606 806 2706 plus
827 2605 969 2683 valebit
989 2605 1230 2682 confirmatio
1252 2629 1369 2702 quam
1389 2603 1492 2680 valet
1515 2602 1683 2681 donatio.
1707 2602 1860 2679 Poterit
1880 2602 1984 2678 enim

392 2750 473 2802 esse
489 2750 596 2801 error
610 2733 692 2800 tam
706 2725 761 2801 rei
778 2749 893 2823 quam
908 2749 1081 2823 personae
1096 2723 1137 2799 in
1154 2723 1371 2812 donatione,
1388 2731 1428 2799 et
1443 2723 1577 2799 eodem
1593 2721 1708 2797 modo
1724 2721 1765 2796 in
1781 2721 1983 2797 confirma·

391 2845 508 2934 tione,
523 2855 562 2922 et
577 2843 682 2922 sive²⁴
696 2851 868 2920 erratum
882 2843 1003 2920 fuerit
1017 2842 1058 2918 in
1073 2866 1238 2941 persona
1252 2842 1331 2918 sive
1346 2840 1386 2916 in
1402 2865 1455 2930 re,
1470 2864 1548 2916 non
1564 2839 1705 2916 valebit
1721 2840 1824 2938 quod
1840 2839 1982 2936 agitur,

394 2963 484 3063 quia
509 2964 574 3062 qui
600 2970 705 3039 errat
730 2988 809 3038 non
834 2961 1041 3038 consentit:
1067 2969 1112 3036 ut
1139 2960 1170 3036 si
1197 2959 1281 3058 quis
1309 2958 1555 3036 donationem
1582 2958 1717 3034 fecerit
1746 2957 1858 3034 alicui
1885 2957 1984 3034 sicut

392 3082 533 3171 heredi,
552 3081 640 3158 talis
657 3106 744 3158 cum
762 3081 906 3157 nonsit
924 3080 1044 3168 heres,
1063 3089 1102 3156 et
1120 3089 1255 3178 postea
1272 3086 1456 3176 sequatur
1474 3075 1726 3166 confirmatio,
1745 3101 1824 3152 non
1841 3076 1984 3152 valebit

393 3200 633 3276 confirmatio
656 3198 761 3276 non²⁵
783 3198 907 3297 magis
930 3222 1047 3296 quam
1069 3197 1237 3273 donatio.
1262 3195 1392 3273 Item²⁸
1416 3196 1446 3272 si
1469 3193 1583 3272 cum²⁷
1607 3194 1783 3294 capitalis
1807 3194 1984 3272 dominus

394 3320 560 3418 aliquem
576 3318 748 3418 posuerit
763 3318 803 3391 in
819 3316 995 3394 seisinam
1011 3314 1169 3392 alicuius
1185 3315 1418 3403 hereditatis
1435 3322 1474 3391 et
1490 3313 1622 3390 credat
1637 3313 1766 3412 ipsum
1780 3339 1863 3390 esse
1877 3313 1983 3389 here·

395 3440 483 3514 dem
506 3461 594 3513 cum
619 3435 697 3513 sit²⁸
722 3445 859 3535 partus
885 3435 1121 3534 suppositus,
1145 3434 1207 3509 vel
1233 3433 1330 3510 alius
1357 3457 1381 3508 a
1405 3457 1496 3509 vero
1522 3431 1671 3520 herede,
1699 3441 1737 3509 et
1762 3432 1985 3530 homagium

396 3581 509 3632 suum
536 3555 692 3654 ceperit,
721 3564 760 3632 et
787 3553 1096 3629 confirmationes
1124 3551 1412 3640 intervenerint,
1441 3576 1521 3627 non
1549 3548 1690 3626 valebit
1720 3550 1824 3649 quod
1854 3551 1986 3648 agitur

395 3685 557 3775 propter
580 3699 748 3752 errorem
772 3697 1036 3772 personarum,
1061 3670 1128 3748 sed
1150 3671 1221 3746 hoc
1246 3668 1424 3746 detecto²⁹
1449 3668 1734 3746 dissolvendum
1758 3669 1831 3744 erit
1855 3669 1983 3744 homa-

395 3795 515 3892 gium,
533 3793 623 3892 quia
639 3793 721 3891 ipse
738 3792 804 3890 qui
821 3790 1043 3888 homagium
1061 3789 1154 3866 iecit
1171 3789 1265 3864 nihil
1283 3789 1376 3865 iuris
1394 3788 1528 3864 habuit
1545 3789 1586 3864 in
1603 3796 1823 3864 tenemento
1843 3788 1891 3866 de
1909 3811 1986 3885 quo

395 3911 617 4009 homagium
630 3911 734 3999 fecit,
747 3935 816 3986 nec
828 3910 877 3985 de
889 3935 934 3985 eo
948 3919 1078 3985 tenere
1092 3907 1204 3984 debet
1216 3916 1479 3984 tenementum
1493 3907 1541 3982 de
1555 3932 1631 4005 quo
1645 3906 1738 3982 fecit
1751 3906 1984 4003 homagium.

397 4032 500 4108 Item
517 4031 651 4107 eodem
667 4030 782 4105 modo
801 4028 944 4127 poterit
962 4053 1041 4104 esse
1059 4052 1166 4102 error
1184 4027 1231 4102 de
1250 4025 1334 4124 ipsa
1353 4052 1393 4102 re
1411 4025 1452 4100 in
1470 4024 1687 4113 donatione,
1707 4034 1752 4100 ut
1771 4024 1803 4101 si
1821 4024 1986 4100 donator

396 4148 556 4226 senserit
577 4148 625 4224 de
643 4173 723 4223 una
743 4174 785 4223 re
806 4145 872 4223 et⁸⁰
893 4147 1116 4222 donatarius
1139 4146 1186 4221 de
1208 4143 1294 4232 alia,
1316 4168 1394 4219 non
1415 4142 1558 4220 valebit
1580 4143 1736 4219 donatio
1758 4167 1827 4218 nec
1848 4141 1984 4218 confir-

395 4267 514 4344 matio
538 4293 621 4366 quae
644 4265 816 4365 sequitur
837 4292 887 4342 ex
909 4265 979 4341 tali
1001 4263 1218 4340 donatione.
1243 4264 1346 4339 Item
1369 4286 1439 4338 nec
1462 4259 1604 4338 valebit
1627 4261 1867 4337 confirmatio
1891 4261 1922 4337 si
1946 4261 1987 4336 in

396 4387 602 4464 donatione
618 4394 790 4462 erratum
805 4384 959 4472 nonsit,
976 4393 1014 4459 et
1031 4391 1202 4458 erratum
1218 4381 1268 4458 sit
1283 4381 1324 4455 in
1339 4380 1639 4456 confirmatione.
1659 4381 1762 4456 Item
1778 4379 1987 4456 videndum

396 4507 552 4604 quando
566 4505 650 4603 quis
665 4504 786 4602 possit
799 4502 1038 4589 confirmare,
1054 4510 1093 4578 et
1107 4501 1302 4578 sciendum
1317 4499 1421 4598 quod
1435 4522 1514 4574 non
1528 4499 1753 4596 priusquam
1768 4499 1827 4574 ius
1842 4498 1876 4574 ei
1892 4497 1986 4574 acci·

399 4624 511 4712 derit,
538 4621 714 4698 videlicet
742 4619 960 4696 hereditas⁸¹
989 4617 1077 4695 vel⁸²
1107 4616 1328 4706 dominium,
1359 4617 1463 4716 quod
1491 4615 1613 4716 possit
1643 4616 1838 4692 infirmare
1868 4616 1985 4691 dona-

397 4793 508 4866 11ιιοιι,
525 4791 593 4867 OB,
611 4791 687 4864 MA,
704 4789 780 4863 ΜΒ,
797 4789 863 4862 ΟΕ,
880 4789 953 4849 CM.
991 4787 1019 4820 ²⁸
1031 4785 1141 4847 fictitia
1157 4791 1190 4846 in
1206 4789 1400 4864 possessione
1418 4784 1525 4860 luerit,
1542 4784 1612 4860 OA,
1631 4784 1706 4845 MG.
1745 4781 1930 4861 ²⁰proesens,
1947 4783 1986 4844 V.

397 4893 424 4928 '⁰
436 4893 516 4970 Om.,
537 4893 593 4953 OC
601 4915 610 4966 ;
631 4895 702 4966 erit,
724 4890 793 4966 OA,
814 4890 881 4963 LA,
904 4888 977 4963 ΜΟ,
999 4889 1077 4963 MG,
1099 4888 1144 4962 Y;
1168 4888 1240 4963 fuit,
1261 4888 1299 4948 V.
1344 4885 1370 4920 ²¹
1384 4887 1512 4962 factum,
1534 4886 1603 4961 OB,
1626 4886 1702 4962 MA,
1725 4887 1802 4960 MB,
1823 4885 1890 4961 ΟΕ,
1913 4886 1986 4946 CM.

397 4992 463 5028 ²²⁴⁸
474 4993 526 5054 ubi
538 5013 625 5055 error
637 5013 699 5054 non
712 4993 818 5066 fuerit,
830 4991 897 5067 LA,
910 4991 983 5052 MC.
1018 4987 1044 5023 ²⁴
1056 4993 1093 5064 ai,
1106 4992 1175 5065 OB,
1189 4991 1265 5063 MA,
1279 4990 1355 5064 MB,
1368 4989 1436 5063 ΟΕ,
1449 4990 1523 5064 ΟΜ,
1536 4989 1575 5050 Y.
1610 4987 1636 5022 ²⁵
1649 4988 1729 5064 Om.,
1742 4989 1817 5062 ΟΜ,
1829 4988 1898 5063 ΟΒ,
1912 4985 1988 5060 MA,

397 5094 462 5155 ΜΒ
479 5093 521 5171 (c.
534 5098 658 5156 maioris
671 5093 731 5173 q.).
765 5091 830 5126 ²⁸¹²*
842 5095 916 5153 item
928 5113 1006 5167 cnm,
1019 5091 1086 5167 OC,
1100 5091 1182 5164 MG;
1196 5097 1269 5152 item
1281 5094 1318 5165 si,
1331 5091 1405 5163 OB3
1419 5095 1493 5152 item
1507 5093 1597 5166 sicut,
1611 5089 1686 5164 MA,
1701 5092 1776 5167 ΜΒ,
1790 5091 1863 5151 CM.
1888 5087 1915 5123 ²⁸
1926 5109 1988 5149 non

397 5199 439 5256 sit
454 5194 520 5270 aed,
537 5195 577 5268 Y,
593 5195 669 5270 CM,
686 5195 715 5255 V
737 5193 834 5271 (sicut
850 5193 990 5274 partus).
1030 5190 1056 5226 ²⁹
1067 5191 1106 5252 de
1124 5199 1219 5269 recto,
1237 5192 1306 5266 OB,
1323 5193 1390 5267 ΟΟ,
1408 5193 1473 5253 LA.
1514 5191 1540 5226 ⁸⁰
1552 5191 1633 5268 Orn,
1651 5192 1720 5268 OA,
1739 5193 1805 5268 LA,
1825 5192 1891 5264 OC,
1910 5191 1987 5252 MG.

397 5293 424 5329 ⁸¹
435 5294 552 5369 heredi,
564 5295 632 5370 OA,
644 5297 713 5371 OB,
726 5295 792 5369 LA,
805 5296 883 5371 MG,
895 5295 962 5355 MA
978 5294 1073 5372 (corr.
1086 5293 1274 5370 hereditas),
1287 5295 1349 5355 MC
1367 5295 1462 5373 (corr.
1475 5293 1662 5373 heredites).
1697 5293 1723 5328 ⁸²
1735 5295 1814 5370 Om.,
1828 5295 1897 5368 OB,
1913 5294 1989 5368 MB,

401 5393 457 5472 Η-
472 5394 567 5473 MA).
