4432 6336
649 495 709 556 DE
734 495 1036 568 ADQUIRENDO
1058 493 1216 555 RERUM
1240 493 1442 555 DOMINIO
1771 498 1843 566 145

253 648 333 725 rint
347 671 478 724 omnes
493 647 649 723 heredes
664 645 887 723 remotiores
902 646 1173 734 exeluduntur,
1191 645 1297 742 quasi
1314 668 1393 721 non
1409 642 1596 720 existente
1612 642 1844 732 condicione,

254 777 293 844 et
311 792 462 866 semper
478 767 552 844 erit
567 766 730 843 liberum
746 775 1008 844 tenementum
1027 763 1245 842 donatarii²²
1264 774 1303 841 et
1320 790 1533 863 numquam
1551 764 1720 841 feodum.
1741 765 1845 841 Item

255 887 485 989 quandoque
503 887 698 986 obligatur
719 912 884 987 persona
903 888 1094 964 donatarii
1114 913 1163 963 ex
1182 886 1267 984 ipsa
1288 884 1534 974 donatione‚²⁸
1555 896 1594 962 et
1615 885 1846 984 quandoque

253 1018 336 1086 tam
357 1008 580 1086 donatarius
602 1034 718 1107 quam
739 1009 824 1106 ipsa
844 1034 916 1084 rea.
938 1007 1220 1096 Donatarius,²⁴
1241 1017 1286 1084 ut
1308 1008 1339 1084 si
1361 1007 1464 1084 dieat
1486 1007 1663 1096 donator,
1685 1006 1753 1083 Do
1775 1005 1846 1084 tibi

255 1126 372 1203 talem
391 1151 472 1203 rem
489 1137 535 1204 at
552 1127 724 1204 investias
743 1127 834 1205 sest
852 1127 1075 1214 necessasia,
1094 1152 1143 1202 ex
1160 1127 1231 1202 hoc
1249 1125 1446 1224 obligatur
1463 1125 1689 1202 donatarius
1708 1133 1747 1202 et
1767 1150 1846 1201 non

254 1251 341 1349 ipsa
352 1274 425 1337 res,
438 1257 478 1324 et
491 1273 540 1324 ex
552 1246 621 1323 tali
636 1246 841 1323 donatione
855 1271 933 1321 non
947 1245 1144 1344 obligatur
1156 1246 1242 1344 ipsa
1256 1270 1316 1322 res
1331 1244 1398 1322 sed
1414 1245 1638 1322 donatarius
1654 1245 1704 1321 ad
1718 1269 1845 1321 neees-

256 1367 357 1443 saria
373 1365 613 1442 invenienda.
635 1364 678 1441 Si
698 1373 827 1441 autem
846 1363 1031 1452 dedicat,
1051 1363 1169 1457 Quod
1187 1364 1359 1442 invenias
1378 1365 1591 1441 necessario
1611 1386 1659 1439 aa
1678 1388 1721 1441 re
1741 1363 1846 1451 doto,

256 1511 304 1561 ex
321 1484 390 1561 tali
408 1484 614 1561 donatione
630 1484 826 1582 obligatur
842 1493 924 1560 tam
941 1482 1027 1581 ipsa
1044 1509 1103 1560 res
1123 1508 1239 1580 quam
1257 1507 1433 1581 persona,
1454 1481 1594 1558 seilicet
1613 1507 1685 1569 res,
1705 1507 1784 1558 non
1801 1489 1847 1557 ut

256 1606 421 1682 donator
436 1629 519 1680 rem
532 1602 655 1702 possit
670 1600 884 1701 repetere‚¹⁸
900 1603 966 1677 sed
982 1609 1028 1677 ut
1044 1627 1091 1676 ex
1107 1627 1149 1678 re
1165 1601 1259 1678 data
1274 1601 1344 1678 sibi
1359 1601 1605 1677 inveniantur
1622 1601 1845 1682 necessaria.

256 1724 286 1800 f.
301 1723 396 1816 4th
453 1723 557 1798 Item
571 1721 705 1798 eodem
718 1721 832 1797 modo
848 1721 879 1795 si
893 1721 933 1796 in
948 1720 1033 1819 ipsa
1047 1719 1254 1796 donatione
1269 1719 1489 1795 convenerit
1505 1719 1606 1796 inter
1620 1718 1847 1795 donatorem

256 1851 295 1918 et
318 1840 564 1916 donatarium
586 1865 636 1914 ne
659 1837 884 1915 donatarius
908 1837 1038 1927 faeiat,
1062 1847 1102 1915 et
1126 1837 1273 1926 fecerit,
1297 1836 1449 1913 adhue²⁸
1474 1863 1556 1914 rem
1580 1838 1765 1914 donatam
1788 1862 1846 1914 re·

256 1983 392 2035 vocare
416 1983 495 2034 non
518 1956 673 2057 poterit,
699 1981 814 2054 agere
837 1965 968 2033 tamen
993 1957 1137 2055 poterit
1162 1982 1211 2032 ex
1235 1955 1486 2032 conventione
1511 1954 1589 2031 ad²'
1615 1979 1846 2054 consequen·

257 2075 378 2153 dum¹⁸
396 2084 552 2153 tantum
571 2101 683 2152 suum
702 2076 896 2152 interesse.
918 2076 1021 2150 Item
1041 2076 1072 2150 si
1091 2073 1252 2151 ulterius
1273 2076 1505 2172 procedatur
1525 2074 1566 2149 in
1585 2072 1848 2172 obligatione²’

257 2204 302 2271 ut
319 2196 350 2270 si
367 2219 446 2271 non
463 2193 533 2271 fiat
549 2193 622 2270 ut³⁰
639 2193 829 2282 convenit,
845 2193 907 2269 vel
924 2202 1059 2270 eontra
1075 2192 1173 2269 hoe⁸²
1192 2193 1296 2292 quod
1313 2193 1491 2270 convenit
1510 2193 1613 2292 quod
1631 2191 1769 2269 fieret⁸‘
1787 2191 1848 2269 vel

258 2312 333 2390 ne³⁸
356 2312 478 2400 fieret,
501 2315 605 2411 quod
627 2312 723 2388 bene
745 2312 858 2388 liceat
882 2312 1059 2388 donatori
1083 2321 1123 2388 et
1145 2313 1346 2389 heredibus
1370 2312 1447 2389 suis
1472 2338 1512 2390 se
1537 2337 1679 2411 ponere
1702 2312 1744 2388 in
1766 2337 1848 2388 rem

257 2430 402 2520 datam,
417 2432 623 2507 tenendam
640 2429 710 2507 sibi
726 2438 765 2506 et
781 2429 982 2507 heredibus
1000 2431 1077 2506 suis
1093 2439 1139 2507 ut
1154 2431 1274 2530 prius,
1291 2430 1352 2507 vel
1369 2431 1419 2506 ad
1435 2430 1567 2519 vitam,
1585 2430 1637 2507 sie
1654 2429 1850 2529 obligatur

257 2560 339 2627 tam
358 2575 418 2626 res
438 2575 555 2648 quam
574 2549 810 2626 donatarius.
832 2549 890 2625 Et
910 2574 987 2647 quo
1008 2572 1097 2624 casu
1120 2551 1150 2625 si
1172 2548 1337 2625 donator
1357 2576 1398 2626 se
1418 2550 1591 2648 posuerit
1610 2550 1651 2626 in
1672 2549 1849 2627 seisinam

257 2695 328 2768 per
342 2669 633 2744 conventionem
647 2677 686 2744 et
700 2667 924 2744 donatarius
939 2676 1050 2766 petat
1065 2693 1136 2766 per
1151 2667 1320 2757 assisam,
1337 2667 1504 2745 obstabit
1520 2669 1554 2745 ei
1570 2668 1745 2767 exceptio
1761 2693 1849 2745 con·

257 2787 457 2863 ventionis.
476 2785 518 2862 Si
532 2795 663 2862 autem
677 2786 717 2860 in
732 2785 910 2862 saisinam
925 2809 965 2862 se
980 2810 1124 2884 ponere
1139 2810 1218 2861 non
1232 2784 1366 2884 possit,
1381 2784 1535 2862 habebit
1551 2788 1717 2862 donator
1733 2787 1849 2863 aetio·

257 2929 347 2981 nem
360 2930 409 2981 ex
424 2903 675 2980 conventione
690 2904 740 2979 ad
755 2903 933 2981 seisinam
948 2905 1262 3002 recuperandam.
1282 2903 1385 2980 Item
1402 2904 1433 2979 si
1449 2904 1600 2980 dicatur
1616 2905 1680 2993 sic,
1695 2905 1763 2981 Do
1780 2905 1851 2983 tibi

258 3025 375 3116 talem
394 3049 476 3100 rem
496 3023 709 3100 habendam
729 3021 799 3099 tibi
818 3032 857 3098 et
878 3020 1079 3098 heredibus
1100 3023 1188 3109 tais,
1209 3022 1270 3098 vel
1290 3023 1514 3122 cuicumque
1535 3023 1628 3100 dare
1649 3023 1710 3101 vel
1729 3025 1849 3122 assip-

257 3168 351 3221 sare
365 3141 542 3231 volueris,
557 3141 727 3240 eaeeptia
743 3140 833 3218 viria
849 3139 1035 3239 reliqioaia
1051 3150 1089 3217 et
1104 3140 1263 3229 Iadoeia,
1277 3141 1473 3239 obligatur
1490 3141 1542 3218 sic
1557 3151 1639 3218 tam
1656 3167 1716 3219 res
1733 3168 1850 3242 quam

259 3285 441 3360 persona:
468 3286 540 3349 rea,
564 3286 613 3337 ne
638 3261 752 3336 detur
777 3258 930 3348 talibus,
958 3283 1134 3357 persona,
1160 3285 1209 3336 ne
1235 3259 1301 3336 det
1326 3259 1479 3336 talibus.
1507 3260 1565 3337 Et
1592 3261 1645 3336 sie
1670 3285 1750 3337 non
1776 3261 1849 3338 erit

258 3379 379 3456 libera
402 3378 559 3455 donatio
585 3378 713 3477 quoad
739 3402 922 3475 personas
947 3375 1113 3453 vetitas⁸⁴
1140 3377 1230 3475 quia
1257 3376 1492 3476 prohibitum
1518 3405 1566 3454 ne
1593 3378 1703 3466 fiat,⁸⁶
1729 3380 1850 3456 libera

259 3507 389 3574 autem
410 3498 538 3596 quoad
560 3496 682 3572 omnis
705 3495 798 3571 alias
821 3520 1016 3594 personas.
1041 3496 1099 3572 Et
1123 3496 1201 3571 sive
1224 3495 1448 3573 donatarius
1472 3522 1553 3573 rem
1575 3497 1736 3574 datam⁸⁸
1759 3498 1848 3575 reti-

259 3616 386 3692 nuerit
407 3615 469 3691 vel
490 3615 597 3691 illam
617 3613 778 3692 ulterius
801 3613 961 3702 dederit,
985 3638 1064 3689 non
1085 3614 1200 3690 eredo
1224 3615 1328 3712 quod
1350 3616 1516 3692 donator
1539 3642 1588 3691 ex
1610 3615 1680 3693 tali
1703 3616 1848 3716 obliga·

257 3736 362 3812 tione
380 3759 462 3810 rem
479 3734 612 3810 datam
628 3732 751 3831 possit
769 3739 954 3830 repetere,
974 3733 1040 3808 sed
1059 3757 1107 3808 ex
1125 3734 1377 3809 conventione
1396 3757 1511 3831 agere
1531 3735 1580 3809 ad
1601 3761 1713 3811 suum
1731 3735 1849 3813 inter·

259 3879 351 3942 esse,
379 3853 451 3929 nisi
478 3853 534 3928 ita
561 3849 782 3927 convenerit
809 3851 913 3948 quod
940 3850 971 3926 si
998 3859 1134 3926 contra
1161 3851 1358 3951 praemissa
1387 3851 1536 3928 fastum
1566 3852 1697 3941 fuerit,
1726 3853 1849 3953 possit

258 3972 423 4049 donator
443 3997 483 4047 se
503 3995 647 4070 ponere
668 3969 708 4045 in
729 3968 977 4074 seisinam'ad
999 3992 1257 4066 quoscumque
1278 3994 1339 4045 res
1360 3972 1608 4068 postmodum
1630 3973 1849 4070 pervenerit

257 4099 393 4166 contra
404 4089 579 4166 vetitum.
595 4089 653 4165 Et
667 4113 743 4186 quo
757 4113 848 4164 casu
863 4087 895 4162 si
908 4086 1132 4162 donatarius
1147 4111 1229 4162 rem
1244 4086 1376 4162 datam
1390 4087 1551 4164 ulterius
1567 4088 1715 4166 dederit
1730 4089 1848 4167 libere

257 4209 424 4296 omnino,
441 4207 583 4284 nullius
600 4231 765 4305 persona
780 4213 954 4303 excepta,
969 4203 1127 4280 tamen⁸'
1146 4204 1270 4280 adhuc
1286 4204 1358 4280 erit
1375 4231 1436 4281 res
1453 4204 1625 4303 obligata
1642 4207 1746 4305 quod
1763 4209 1848 4285 dari

258 4351 336 4402 non
356 4325 490 4425 possit,
511 4324 601 4423 quia
619 4324 760 4401 transit
780 4349 868 4400 cum
889 4348 958 4399 suo
979 4347 1104 4399 onere.
1128 4323 1186 4398 Et
1207 4324 1238 4399 si
1261 4323 1408 4421 primus
1430 4325 1595 4400 donator
1615 4351 1663 4401 ex
1685 4351 1847 4402 eonven-

257 4445 361 4521 tione
374 4443 476 4520 inter
489 4445 618 4543 ipsum
631 4451 670 4520 et
685 4467 798 4518 suum
813 4441 1021 4518 feoffatum
1035 4467 1075 4517 se
1090 4442 1262 4540 posuerit
1276 4442 1316 4517 iu
1332 4441 1520 4532 saisinam,
1536 4453 1576 4520 et
1592 4443 1728 4521 ultimo
1746 4444 1846 4520 feof·

258 4563 386 4640 fatum
405 4561 567 4650 eiecerit,
585 4561 621 4638 ei
639 4561 788 4661 petenti
806 4559 1089 4637 restitutionem
1108 4586 1179 4659 per
1200 4560 1356 4638 assisam
1376 4561 1543 4638 obstabit
1563 4564 1738 4662 exceptio
1758 4590 1847 4640 con·

257 4679 458 4768 ventionis‚
475 4679 564 4757 licet
582 4679 771 4756 secundus
790 4678 1014 4755 donatarius
1032 4677 1225 4776 obligatus
1245 4704 1324 4754 non
1343 4680 1392 4757 sit
1411 4706 1459 4755 ex
1477 4681 1728 4760 conventione
1747 4683 1849 4760 inter

258 4799 351 4876 alios
374 4799 491 4887 faeta,
512 4807 553 4876 et
573 4798 661 4874 lieet
682 4797 765 4896 ipse
786 4822 864 4874 non
885 4804 1075 4886 teneatur,
1096 4805 1252 4873 tenetur
1273 4807 1405 4874 tamen
1426 4825 1475 4875 ex
1497 4825 1574 4897 quo
1597 4799 1743 4877 detinet
1765 4826 1847 4878 rem

257 5014 377 5091 ²²Om.,
395 5014 465 5089 OB,
484 5014 560 5090 MA,
581 5015 658 5090 ΜΒ,
678 5013 744 5074 CB.
780 4993 811 5047 '²⁸
823 5013 987 5073 donatione
1008 5012 1201 5092 quandoque,
1222 5015 1300 5090 MG,
1321 5015 1394 5075 CM.
1437 5013 1464 5048 '⁴
1474 5014 1644 5094 donatoris,
1666 5017 1744 5093 MG,
1766 5020 1846 5092 CM;

257 5115 423 5193 donatarii,
441 5115 508 5178 OC.
548 5113 574 5149 ¹⁸
586 5121 703 5194 petere,
721 5115 791 5188 OB,
810 5115 886 5189 MA,
905 5115 983 5190 MG,
1003 5115 1077 5188 CM,
1095 5116 1161 5177 OC.
1203 5113 1280 5176 ²⁰ad
1301 5115 1368 5192 hoc,
1386 5115 1456 5193 OB,
1476 5117 1555 5193 MG,
1573 5119 1647 5180 CM.
1689 5117 1848 5196 ²²⁴⁸Om,

257 5218 336 5293 MG,
352 5217 432 5290 cM;
448 5215 700 5295 adaequandum,
716 5215 784 5290 LA,
799 5217 872 5278 MC.
910 5214 1177 5296 ”obligationem
1194 5218 1234 5293 V,
1251 5218 1320 5291 OB,
1337 5219 1413 5294 MA,
1431 5219 1497 5280 ΟΕ.
1536 5219 1563 5254 ⁸⁰
1574 5220 1666 5299 quod,
1684 5223 1753 5298 OB,
1770 5224 1847 5300 MA,

258 5318 335 5392 ΜΒ,
354 5318 422 5391 CE,
442 5317 514 5378 MC.
555 5315 673 5392 ⁸²Om,
693 5317 760 5391 LA,
780 5317 853 5378 MC.
894 5314 1025 5392 ⁸²fierit,
1044 5318 1119 5391 OA3
1139 5323 1166 5379 ai
1186 5323 1256 5395 erit,
1276 5320 1354 5394 MG,
1373 5321 1447 5382 CM.
1489 5319 1599 5397 ⁸⁸non,
1620 5324 1689 5400 OB,
1711 5325 1787 5402 MA,
1807 5327 1846 5388 V.

257 5416 447 5480 ⁸⁴·“vetitaa
462 5415 620 5497 prohibIta
636 5417 702 5491 fiat,
717 5416 795 5491 MG,
811 5417 884 5478 CM.
921 5416 948 5451 ⁸⁸
959 5417 1115 5496 donatam,
1131 5421 1199 5496 OC,
1215 5420 1292 5494 MG,
1310 5422 1383 5483 CM.
1422 5421 1538 5502 ''eum,
1556 5425 1650 5488 MSS.
1666 5447 1731 5488 var.
