4432 6340
657 491 719 551 DE
740 491 1044 564 ADQUIRENDO
1067 492 1225 553 RERUM
1248 491 1451 554 DOMINIO
1779 499 1852 570 188

262 651 495 733 contractus,
520 643 587 718 sed
611 667 727 740 agere
751 642 894 742 poterit
918 652 1071 743 emptor
1095 651 1231 720 contra
1255 643 1493 720 venditorem
1518 643 1664 719 adhoc
1689 644 1794 743 quod
1818 643 1853 721 ei

261 767 392 838 teneat
412 760 515 859 quod
533 760 721 860 promisit.
741 761 844 838 Cum
862 761 1008 861 emptio
1026 769 1066 839 et
1084 761 1254 839 venditio
1273 770 1472 839 contracta
1491 761 1610 839 fuerit
1630 771 1675 839 ut
1695 762 1852 862 proedio·

262 888 348 956 tum
370 888 429 956 est
451 889 542 956 ante
562 879 810 958 traditionem
832 887 872 957 et
893 889 994 979 post,
1017 879 1231 979 periculum
1253 881 1308 956 rei
1332 889 1472 980 emptoe
1494 889 1533 958 ct
1556 880 1721 959 venditoe
1743 880 1853 958 illum

262 998 495 1096 generaliter
513 997 669 1098 respicit
689 999 756 1097 qui
776 1024 861 1075 eam
881 1007 999 1088 tenet,
1021 997 1093 1076 nisi
1114 998 1226 1075 aliter
1247 998 1296 1074 ab
1316 998 1426 1076 initio
1445 998 1678 1087 convenerit,
1699 999 1790 1098 quia
1811 1025 1854 1076 re

262 1141 355 1193 vera
368 1117 433 1216 qui
446 1142 529 1194 rem
541 1117 708 1216 emptori
722 1117 894 1194 nondum
908 1116 1084 1194 tradidit’
1098 1117 1223 1193 adhuc
1236 1117 1320 1216 ipse
1335 1117 1512 1195 dominus
1527 1117 1612 1207 erit,
1628 1118 1720 1216 quia
1733 1118 1853 1195 tradi·

262 1235 430 1312 tionibus
457 1246 496 1312 et
522 1235 819 1334 usucapionibus
847 1245 1024 1323 etcetera,
1050 1245 1096 1312 ut
1124 1260 1244 1334 supra
1271 1236 1318 1312 de
1347 1233 1616 1313 donationibus
1644 1237 1853 1313 secundum

263 1355 368 1454 quod
381 1353 501 1430 videri
516 1353 670 1454 poterit.
687 1354 748 1431 Ut
764 1355 795 1430 si
809 1353 950 1430 homo¹⁰
966 1355 1144 1431 venditus
1159 1364 1335 1431 mortuus
1352 1354 1472 1431 fuerit
1488 1364 1578 1433 ante
1594 1356 1853 1446 traditionem,

263 1473 325 1549 vel
344 1472 444 1549 ades
463 1473 638 1550 incendio
658 1481 907 1571 consumpta,
929 1471 990 1548 vel
1012 1473 1159 1574 fundus
1179 1473 1218 1548 vi
1238 1473 1407 1551 fluminis
1429 1473 1470 1550 in
1491 1481 1575 1551 toto
1596 1474 1658 1551 vel
1678 1474 1720 1550 in
1741 1483 1853 1574 parte

265 1600 517 1689 consumptus
546 1590 607 1666 vel
634 1590 799 1680 ablatus,
827 1599 867 1667 et
895 1590 1125 1680 huiusmodi,
1155 1591 1293 1691 quibus
1322 1591 1535 1669 rationibus
1562 1593 1718 1669 videtur
1748 1593 1852 1691 quod

261 1722 390 1790 totum
409 1711 622 1812 periculum
641 1713 834 1812 pertineat
854 1713 904 1789 ad
923 1712 1172 1789 venditorem.
1193 1713 1235 1788 A
1254 1714 1446 1789 contrario
1466 1738 1558 1789 vero
1577 1713 1731 1790 videtur
1750 1713 1853 1812 quod

263 1834 295 1910 si
313 1843 403 1932 post
421 1833 654 1931 emptionem
674 1842 764 1910 ante
782 1833 1029 1910 traditionem
1049 1835 1173 1910 fundo
1191 1834 1347 1911 vendito
1367 1833 1513 1932 aliquid
1531 1859 1602 1933 per
1622 1833 1854 1911 alluvionem

262 1952 324 2028 vel
337 1952 413 2028 alio
425 1952 540 2028 modo
554 1952 771 2040 accreverit,
787 1953 890 2050 quod
903 1953 1145 2029 commodum
1160 1952 1210 2028 ad
1225 1952 1463 2029 venditorem
1476 1950 1696 2051 pertinebit.
1714 1954 1854 2052 Ipsum

263 2070 365 2146 enim
383 2070 489 2168 sequi
508 2071 648 2147 debent
666 2070 867 2146 commoda
884 2070 1026 2168 quem²1
1046 2079 1260 2168 sequuntur
1279 2070 1531 2160 incommoda,
1552 2080 1591 2147 et
1611 2071 1853 2148 commodum

263 2187 344 2265 eius
357 2213 439 2265 esse
454 2186 633 2265 debebit²²
647 2189 755 2265 cuius
771 2197 829 2264 est
844 2187 1067 2287 periculum.
1085 2190 1189 2265 Item
1204 2189 1348 2288 poterit
1363 2189 1509 2288 emptio
1525 2199 1564 2266 et
1580 2188 1748 2266 venditio
1764 2213 1852 2265 con·

261 2306 364 2383 trahi
379 2307 481 2383 inter
497 2306 644 2404 aliquos
660 2315 742 2383 tam
759 2306 830 2383 sub
847 2306 1066 2383 condicione
1083 2332 1199 2406 quam
1217 2333 1326 2406 pure.
1347 2307 1430 2383 Sub
1447 2307 1668 2384 condicione
1684 2308 1740 2384 ita
1757 2316 1803 2383 ut
1822 2307 1853 2382 si

261 2426 351 2504 talis
371 2452 432 2503 res
451 2434 584 2525 empta
602 2424 732 2502 intra¹⁸
752 2433 901 2502 cerbrm
921 2424 1022 2502 diem
1042 2425 1207 2524 emptori
1228 2425 1428 2524 placuerit,
1449 2426 1499 2503 sit
1519 2426 1553 2502 ei
1574 2434 1707 2524 empta
1728 2427 1853 2503 aureis

262 2554 334 2635 tot,
354 2555 394 2623 et
414 2545 446 2623 si
465 2545 703 2644 displicuerit
723 2545 889 2642 emptori
910 2546 1148 2621 restituatur.
1174 2545 1215 2621 Si
1238 2544 1323 2642 quis
1345 2551 1476 2620 autem
1496 2569 1578 2621 rem
1600 2569 1748 2622 sacram
1769 2569 1854 2643 quae

263 2664 377 2740 vendi
400 2689 481 2740 non
505 2671 634 2761 potest
658 2689 681 2739 a
705 2662 905 2739 venditore
929 2661 1075 2751 emerit,
1100 2685 1188 2738 cum
1213 2671 1433 2739 contractus
1459 2670 1561 2739 stare
1586 2687 1666 2738 non
1691 2661 1853 2762 possit,¹⁴

262 2791 417 2880 emptor
437 2808 461 2858 a
479 2781 678 2858 venditore
697 2788 951 2879 consequetur
973 2789 1162 2879 quatenus
1185 2804 1255 2857 sua
1274 2780 1454 2857 interfuit
1475 2806 1554 2857 non
1576 2781 1696 2858 fuisse
1718 2782 1853 2880 decep

262 2909 360 2989 turn,
377 2899 550 2998 quamvis
566 2907 719 2998 emptor
735 2898 830 2976 scire
845 2907 1025 2976 teneatur
1041 2923 1125 2998 quae
1141 2907 1181 2976 et
1197 2898 1320 2996 qualis
1338 2899 1388 2976 sit
1404 2897 1477 2976 ea²⁵
1494 2923 1555 2975 res
1571 2925 1689 2997 quam
1706 2899 1852 2988 emerit,

264 3043 373 3095 sacra
390 3019 452 3094 vel
469 3043 548 3094 uon
567 3043 687 3107 sacra,
705 3016 877 3115 obligata
894 3017 956 3093 vel
975 3042 1054 3093 non
1071 3017 1254 3115 obligata
1276 3017 1461 3116 Emptori
1481 3043 1572 3093 vero
1592 3026 1632 3094 et
1651 3017 1853 3095 heredibus

263 3139 340 3217 suis
357 3146 513 3216 tenetur
530 3135 707 3213 venditor
724 3145 764 3213 et
780 3135 938 3212 heredes
958 3136 1016 3213 sui
1035 3160 1117 3211 rem
1135 3143 1307 3234 emptam
1326 3136 1587 3225 warantizare,
1607 3136 1685 3212 sive
1704 3135 1853 3212 mobilis

264 3257 314 3334 sit
327 3257 406 3334 sive
419 3254 634 3344 immobilis,
650 3256 743 3331 dum
756 3263 887 3331 tamen
903 3254 934 3331 si
948 3253 1151 3331 immobilis
1166 3255 1236 3330 fiat
1251 3263 1297 3332 ut
1311 3254 1417 3330 infra
1433 3254 1581 3331 dicetur
1596 3256 1644 3331 de
1659 3255 1852 3332 warantis.

266 3376 309 3452 Si
326 3383 455 3451 autern
470 3373 632 3462 mobilis,
648 3374 719 3451 fiat
734 3382 780 3450 ut
795 3373 901 3449 infra
917 3373 1067 3449 dicetur
1083 3374 1131 3448 de
1147 3373 1275 3449 furtis.

362 3493 428 3570 De
445 3492 571 3569 locato
588 3501 626 3568 et
643 3491 844 3568 corrdooto.

265 3613 370 3689 Cum
391 3619 522 3688 autem
540 3610 679 3687 locatio
700 3620 738 3686 et
758 3609 961 3686 conductio
982 3609 1160 3709 proxima
1182 3611 1233 3687 sit
1252 3609 1438 3710 emptioni
1460 3619 1499 3687 et
1519 3610 1741 3699 venditioni,
1765 3610 1855 3710 quia

264 3730 361 3807 sicut
387 3730 532 3829 emptio
555 3737 596 3805 et
619 3729 790 3805 venditio
815 3727 1056 3804 contrahitur
1081 3737 1288 3828 postquam
1315 3730 1362 3805 de
1388 3728 1515 3828 pretio
1540 3729 1771 3817 convenerit,
1798 3728 1855 3806 ita

262 3848 402 3925 locatio
424 3857 464 3925 et
485 3848 699 3925 conductio.
723 3847 791 3922 Ex
813 3847 939 3923 locato
962 3847 1064 3923 enim
1086 3856 1125 3923 et
1147 3848 1338 3923 conducto
1361 3848 1459 3924 solet
1481 3873 1541 3924 res
1565 3847 1695 3924 deberi
1717 3849 1779 3924 vel
1804 3847 1854 3924 ad

262 3995 377 4046 usum
395 3968 456 4044 vel
475 3969 526 4044 ad
543 3964 858 4044 habitationem.¹⁸
879 3966 940 4041 Ut
960 3965 991 4042 si
1010 3964 1094 4064 quis
1113 3990 1196 4041 rem
1215 3989 1325 4041 suam
1343 3964 1522 4041 mobilem
1541 3966 1603 4041 vel
1621 3964 1854 4043 immobilem

264 4088 377 4164 alicui
389 4085 572 4164 locaverit
585 4111 706 4184 usque
720 4084 771 4161 ad
784 4091 933 4160 certum
946 4093 1100 4183 tempus
1116 4109 1188 4183 pro
1203 4093 1309 4160 certa
1323 4083 1497 4161 mercede
1511 4083 1733 4173 constituta,
1749 4093 1853 4161 tene·

263 4215 331 4283 tur
356 4205 504 4282 locator
528 4204 722 4302 obligatus
748 4227 830 4279 rem
855 4202 1022 4280 locatam
1048 4202 1099 4278 ad
1124 4227 1239 4278 usum
1265 4202 1369 4290 dere,
1396 4211 1436 4278 et
1462 4203 1673 4278 conductor
1699 4211 1855 4279 tenetur

262 4325 475 4402 mercedem
491 4323 647 4400 solvere.
662 4323 721 4399 Et
735 4323 766 4399 si
780 4347 840 4398 res
853 4320 1056 4398 immobilis
1070 4319 1197 4397 locata
1212 4320 1332 4397 luerit
1346 4329 1386 4397 et
1400 4321 1589 4398 conducta
1605 4320 1703 4397 sicut
1719 4321 1854 4397 domus

264 4443 325 4519 vel
347 4441 575 4530 huiusmodi,
598 4439 726 4518 omnia
748 4439 899 4516 invecta
920 4449 959 4516 et
981 4438 1091 4514 illata
1111 4448 1194 4516 tam
1217 4464 1290 4537 pro
1311 4437 1486 4514 mercede
1508 4463 1625 4537 quam
1647 4436 1746 4538 pro²²
1772 4437 1854 4516 aliis

265 4561 295 4636 f.
310 4560 404 4654 62b]
461 4559 615 4657 pignori
629 4568 719 4636 sunt
734 4583 896 4634 annexa.
912 4559 970 4635 Et
984 4556 1078 4656 quid
1092 4558 1124 4634 si
1138 4556 1231 4632 nihil
1245 4557 1285 4632 in
1299 4556 1474 4634 domibus
1488 4556 1621 4634 locatis
1637 4566 1676 4634 et
1691 4557 1854 4634 conduc·

265 4679 315 4756 tis
341 4678 580 4754 inveniatur?
606 4677 901 4754 Recurrendum
927 4676 1000 4753 erit
1027 4677 1078 4752 ad
1104 4699 1268 4775 corpora
1295 4676 1573 4751 conductorum
1600 4676 1632 4753 si
1658 4675 1854 4752 invenian-

262 4806 341 4887 tur,
355 4798 459 4896 quod
471 4797 631 4873 locatori
645 4795 904 4895 prospiciatur
919 4796 966 4871 de
982 4794 1185 4872 securitate
1200 4795 1231 4870 si
1247 4795 1295 4871 ab
1310 4793 1419 4870 initio
1434 4819 1513 4870 non
1529 4794 1578 4870 sit
1593 4801 1852 4893 prospectum.

266 4916 309 5022 Si
327 4924 458 4992 autem
474 4939 637 5013 corpora
654 4939 733 4990 non
749 4913 995 4989 inveniantur
1011 4913 1083 4988 hoo
1101 4911 1245 5012 poterit
1262 4913 1409 4988 locator
1427 4937 1504 4988 suae
1522 4911 1717 5010 imputare
1733 4911 1853 5009 negli-

264 5033 405 5132 gentiae
430 5033 491 5109 vel
515 5031 716 5132 imperitias
741 5033 846 5130 quod
871 5030 942 5108 sibi
967 5030 1116 5107 cautius
1142 5055 1221 5106 non
1247 5029 1459 5128 prospexit.
1489 5029 1532 5105 si
1559 5037 1691 5106 autem
1718 5029 1854 5128 aliquis

264 5214 465 5292 ’amaena
485 5216 553 5290 LA,
574 5215 649 5277 na.
691 5213 796 5291 ¹⁰bos,
817 5215 855 5276 v.
898 5214 924 5248 ²¹
937 5234 1013 5294 que,
1035 5213 1102 5289 m,
1123 5213 1196 5275 nc.
1241 5211 1381 5288 eacan,
1403 5213 1472 5288 oa,
1494 5211 1571 5287 nu,
1593 5212 1670 5288 na,
1692 5212 1759 5290 cu,
1780 5212 1854 5274 cM.

264 5314 292 5352 ¹·
303 5317 400 5392 ursa,
416 5317 456 5392 v,
473 5317 549 5392 na,
567 5317 649 5390 no;
666 5319 759 5392 aar,
777 5317 850 5377 cu.
889 5314 916 5350 ¹⁴
927 5318 1054 5393 areat,
1071 5315 1110 5389 v,
1128 5316 1195 5391 oe,
1214 5315 1297 5388 uo;
1314 5322 1431 5392 posset,
1449 5315 1523 5376 cu.
1563 5312 1589 5348 ¹⁶
1601 5314 1682 5391 om,
1700 5312 1769 5391 on,
1788 5315 1855 5390 an,

266 5417 344 5494 no,
359 5418 425 5481 oc.
461 5415 712 5493 ²⁶heredrutem,
728 5416 806 5495 uo,
821 5417 887 5480 oc,
924 5415 1348 5494 1ὀιιι,ν,οΛ,ιΑ,οο,
1366 5417 1442 5478 uo.
