4394 6342
622 494 682 556 DE
706 493 1007 568 ADQUIRENDO
1031 495 1188 557 RERUM
1211 495 1414 557 DOMINIO
1765 502 1814 577 57

224 671 340 744 quam
357 654 465 723 tenet
480 645 521 722 in
539 643 743 736 communi,
762 646 860 724 sicut
878 646 984 724 illam
1002 672 1119 745 quam
1137 655 1244 723 tenet
1262 645 1471 744 separatim
1490 656 1529 723 et
1548 671 1619 746 per
1638 673 1688 723 se.
1709 647 1814 724 Item

224 766 317 841 dare
341 773 471 863 potest
495 765 580 863 quis
605 775 749 843 terram
774 792 891 864 quam
916 766 1013 842 alius
1038 775 1145 843 tenet
1170 767 1220 843 ad
1245 766 1453 842 terminum
1480 790 1681 854 annorum,
1708 765 1814 842 salvo

222 891 354 960 tamen
371 883 541 959 firmario
557 884 723 960 termino
741 909 821 973 suo,
840 883 931 982 quia
947 884 1030 960 istae
1048 885 1134 960 duae
1152 883 1406 983 possessiones
1425 909 1505 960 sese
1523 884 1814 984 compatiuntur

222 1003 263 1078 in
279 1026 427 1091 unare,
445 1004 548 1100 quod
564 1027 664 1079 unus
681 1002 821 1081 habeat
837 1003 1000 1079 liberum
1017 1013 1280 1082 tenementum
1298 1012 1337 1080 et
1356 1003 1452 1079 alius
1469 1001 1691 1082 terminum.
1710 1004 1814 1080 Item

223 1121 367 1197 donare
381 1129 511 1222 potest
525 1121 610 1220 quis
624 1146 711 1198 cum
726 1121 870 1198 effectu
884 1148 966 1199 rem
981 1147 1064 1220 quae
1079 1149 1149 1198 sua
1163 1122 1324 1221 propria
1338 1131 1408 1210 est,
1425 1132 1464 1199 et
1479 1146 1559 1198 non
1573 1122 1815 1199 revocabitur

223 1240 391 1316 donatio.
409 1241 593 1317 Alienam
609 1266 700 1317 vero
718 1242 810 1318 dare
827 1267 906 1318 non
922 1240 1067 1340 poterit
1083 1266 1171 1317 cum
1187 1241 1342 1330 effectu,
1362 1241 1452 1340 quia
1468 1242 1639 1318 revocari
1657 1241 1813 1342 poterit,

224 1360 290 1435 sed
312 1358 454 1436 valebit
476 1361 605 1456 quoad
627 1385 740 1437 suum
763 1361 983 1449 leoffatum,
1006 1369 1051 1437 ut
1073 1386 1165 1437 suus
1190 1360 1376 1437 feoffatus
1399 1360 1539 1437 babeat
1561 1361 1812 1438 excambium.

226 1477 332 1568 <Et
358 1478 554 1555 sciendum
581 1480 685 1577 quod
710 1479 986 1578 multipliciter,
1014 1478 1271 1578 quaudoque⁸⁹
1300 1478 1441 1557 scilicet
1467 1480 1509 1556 in
1537 1480 1664 1570 feodo,
1693 1505 1813 1578 quan·

223 1599 348 1696 doque
368 1598 418 1674 ad
437 1596 569 1687 vitam,
590 1599 745 1695 quando
765 1600 816 1676 ad
836 1598 941 1675 feodi
960 1596 1154 1687 firmam?
1175 1599 1404 1697 quandoque
1425 1597 1475 1674 ad
1496 1599 1705 1676 terminum
1725 1599 1814 1674 vitae

222 1718 283 1792 vel
302 1741 503 1795 armorum.
524 1717 567 1794 Si
586 1726 716 1794 autem
735 1718 785 1794 ad
803 1719 924 1794 vitam
942 1717 1281 1816 qualitercumque,
1303 1718 1435 1795 statim
1453 1718 1568 1796 habet
1588 1719 1813 1796 donatarius

143 1896 144 1908 ,
222 1835 386 1914 liberum
408 1844 684 1928 tenementum,
708 1845 748 1912 et
771 1837 804 1914 si
827 1837 948 1915 fuerit
972 1837 1113 1914 eiectus
1138 1861 1365 1935 recuperare
1390 1836 1534 1935 poterit
1559 1863 1630 1936 per
1655 1839 1813 1915 assisam

136 1981 137 1986 ¹
222 1979 330 2030 novae
348 1954 563 2031 disseisinae.
584 1956 643 2032 Et
662 1956 806 2054 poterit
824 1956 888 2032 ille
907 1957 968 2032 cui
987 1955 1040 2033 sic
1061 1956 1223 2032 datum·²
1244 1956 1364 2033 fuerit
1382 1964 1527 2033 terram
1546 1955 1681 2033 illam⁶²
1701 1956 1814 2034 alteri

224 2076 328 2166 dare,
350 2075 412 2154 vel
433 2075 474 2152 in
497 2075 613 2150 feodo
636 2074 697 2150 vel
720 2075 913 2152 advitam
937 2074 967 2149 si
991 2075 1167 2163 voluerit,
1191 2075 1257 2151 sed
1281 2077 1451 2152 revocari
1475 2076 1619 2176 poterit
1643 2077 1811 2154 donatio.

226 2195 304 2271 Sed
318 2194 350 2271 si
363 2194 426 2272 ille
440 2195 507 2294 qui
522 2195 572 2271 ad
586 2194 707 2271 vitam
721 2195 888 2271 tenuerit
904 2193 956 2270 sic
971 2192 1039 2270 et⁸⁸
1054 2193 1194 2271 talibus
1211 2192 1335 2271 verbis
1351 2194 1597 2271 donationem
1613 2195 1749 2272 fecerit
1764 2196 1813 2273 de

221 2322 327 2391 terra
343 2338 460 2411 quam
477 2314 528 2390 ad
544 2313 665 2390 vitam
680 2314 806 2391 tenuit
824 2313 948 2401 alicui,
965 2313 1033 2390 Do
1051 2321 1089 2390 et
1108 2313 1272 2390 concedo
1290 2312 1361 2389 tali
1377 2313 1565 2413 quidquid
1580 2315 1674 2392 iuris
1694 2313 1813 2391 babeo

221 2430 264 2507 in
283 2430 354 2509 tali
375 2441 491 2520 terra,
511 2429 628 2508 licet⁶⁴
649 2429 740 2507 ille⁶⁸
762 2431 828 2530 qui
850 2432 918 2509 dat
938 2431 1078 2507 habeat
1098 2431 1261 2509 liberum
1282 2441 1558 2522 tenementum,
1580 2459 1660 2509 non
1681 2444 1813 2510 tamen

223 2551 318 2627 facit
336 2550 371 2627 ei
389 2550 450 2625 cui
468 2549 520 2627 sic
539 2549 708 2628 donatur
726 2551 889 2627 liberum
907 2559 1181 2640 tenementum,
1202 2551 1293 2650 quia
1312 2552 1365 2629 sic
1384 2551 1556 2641 dicendo,
1575 2554 1643 2631 Do
1664 2553 1735 2632 tibi
1752 2553 1813 2631 ius

222 2695 363 2759 meam,
379 2671 450 2746 hoc
465 2679 525 2748 est
542 2679 686 2747 terram
702 2671 820 2746 talem
838 2671 889 2746 ad
906 2669 1027 2747 vitam
1043 2695 1180 2758 meam,
1199 2670 1340 2747 scilicet
1358 2670 1566 2762 donatoris,
1586 2698 1665 2748 non
1682 2673 1814 2771 agitur

223 2790 274 2865 ad
295 2789 416 2866 vitam
438 2788 640 2866 donatarii.
665 2788 723 2867 Et
746 2788 832 2865 ideo
856 2789 1021 2865 donator
1043 2789 1133 2865 licet
1155 2789 1318 2866 liberum
1340 2789 1526 2866 haberet⁸⁶
1549 2798 1813 2869 tenementum

222 2906 424 2985 donatario
439 2905 597 2984 tamen⁶'
615 2933 686 3006 per
701 2908 779 2983 haec
795 2907 912 2984 verba
927 2907 1091 2985 liberum
1106 2916 1370 2984 tenementum
1387 2908 1516 2985 facere
1532 2934 1611 2986 non
1628 2908 1813 3009 poterit,⁸⁸

222 3025 312 3126 quia
328 3026 495 3103 donator
508 3026 672 3103 liberum
686 3034 950 3103 tenementum
965 3050 1053 3103 cum
1070 3024 1239 3116 haberet,
1255 3026 1352 3103 illud
1370 3028 1473 3126 quod
1490 3028 1574 3128 ipse
1590 3028 1724 3107 habuit
1742 3055 1813 3127 per

221 3144 300 3222 haec
313 3145 431 3222 verba
444 3145 647 3224 donatario
660 3143 800 3222 habere
815 3146 943 3222 facere
956 3171 1036 3222 non
1051 3145 1207 3246 poterit,
1223 3145 1314 3244 quia
1330 3146 1360 3223 si
1376 3146 1545 3236 dixisset,
1562 3148 1630 3224 Do
1645 3147 1716 3225 tibi
1730 3172 1812 3224 rem

223 3265 340 3343 talem
361 3266 403 3344 in
423 3265 626 3344 donatam
648 3265 771 3342 velia
792 3263 922 3359 feodo,
942 3264 1014 3339 hoc
1036 3289 1115 3340 non
1137 3275 1236 3342 esset
1258 3265 1317 3341 ius
1341 3292 1453 3342 suum
1477 3267 1544 3343 sed
1567 3266 1716 3344 iniuria.
1743 3269 1812 3346 Ius

224 3393 355 3461 autem
374 3409 488 3460 suum
507 3383 578 3458 hoc
599 3383 689 3471 fuit,
708 3382 803 3458 dare
823 3381 863 3459 id
884 3383 988 3481 quod
1008 3381 1154 3471 habuit,
1176 3383 1317 3459 scilicet
1337 3394 1482 3461 terram
1504 3386 1597 3462 dare
1619 3386 1670 3462 ad
1691 3387 1813 3463 vitam

222 3528 344 3593 suam,
359 3500 528 3580 scilicet⁸⁹
543 3501 739 3579 donatoris
754 3511 793 3579 et
807 3525 886 3578 non
901 3502 951 3578 ad
964 3499 1085 3578 vitam
1101 3502 1333 3602 accipientis,
1350 3502 1526 3601 quiahoc
1541 3513 1641 3581 esset
1656 3505 1812 3581 iniurio-

223 3646 309 3699 sum
327 3629 367 3697 et
385 3646 464 3697 non
482 3621 638 3711 iustum,
656 3630 697 3698 et
715 3646 764 3696 ex
782 3620 853 3695 hoc
871 3620 1035 3697 liberum
1053 3630 1316 3698 tenementum
1334 3621 1474 3698 habere
1495 3648 1573 3698 non
1592 3625 1732 3723 potuit.
1754 3624 1812 3702 Et

221 3739 454 3838 generaliter
472 3739 617 3840 poterit
637 3765 697 3816 res
718 3739 1046 3839 qualitercumque
1067 3739 1187 3817 fuerit
1208 3740 1399 3838 adquisita
1420 3741 1545 3830 dari,'⁰
1567 3743 1660 3818 dum
1681 3752 1813 3820 tamen

222 3867 356 3936 tenens
380 3859 486 3936 illam
508 3867 639 3936 teneat
661 3857 815 3935 nomine
838 3857 1010 3958 proprio,
1034 3858 1114 3935 sive
1137 3884 1208 3959 per
1231 3859 1467 3937 disscisinam
1492 3861 1571 3937 sive
1594 3887 1666 3962 per
1689 3863 1812 3940 intru-

223 3975 253 4052 f.
269 3978 337 4070 14]
393 3977 539 4054 sionem
560 3978 621 4054 vel
645 3976 720 4053 alio
742 3977 869 4066 modo,
894 3986 933 4053 et
958 3977 1099 4053 facere¹
1122 3976 1286 4054 liberum
1308 3979 1586 4056 tenementum²
1611 3981 1812 4058 donatario

223 4097 326 4194 quod
343 4097 425 4196 ipse
442 4121 521 4172 non
538 4095 664 4186 babet,
682 4106 722 4173 et
740 4095 871 4173 statim
889 4105 1080 4195 quantum
1098 4097 1149 4173 ad
1166 4097 1393 4174 donatorem
1411 4107 1451 4175 et
1470 4099 1726 4189 donatarium,
1746 4101 1812 4177 sed

221 4241 302 4293 non
320 4223 509 4315 quantum
528 4216 579 4291 ad
597 4241 733 4291 verum
751 4215 1008 4304 dominum>
1030 4213 1197 4290 Donari³
1218 4212 1362 4290 autem⁴
1382 4240 1462 4291 non
1481 4217 1626 4316 poterit
1646 4243 1707 4294 res
1728 4242 1813 4317 quae

222 4334 409 4435 possideri
430 4359 509 4410 non
528 4343 669 4433 potest,
691 4332 789 4410 sicut
809 4359 869 4410 res
891 4357 1000 4411 sacra
1020 4334 1081 4410 vel
1102 4332 1281 4431 religiosa
1301 4335 1363 4411 vel
1383 4334 1503 4432 quasi,
1526 4335 1649 4433 qualis
1672 4346 1730 4414 est
1752 4363 1812 4415 res

223 4452 315 4544 fisci,
334 4453 409 4530 vel⁵
427 4478 511 4552 quae
530 4463 621 4532 sunt
640 4454 749 4552 quasi
768 4477 895 4541 sacrae,
914 4452 1011 4529 sicut
1031 4462 1123 4530 sunt
1140 4451 1243 4529 muri
1262 4462 1301 4530 et
1321 4462 1443 4553 portae
1462 4454 1639 4532 civitatis.
1660 4455 1811 4533 Huius·

221 4575 326 4652 modi
339 4600 430 4652 vero
444 4601 504 4652 res
519 4599 634 4651 sacrae
648 4600 672 4650 a
686 4574 792 4650 nullo
807 4574 891 4651 dari
905 4583 1069 4675 possunt
1083 4599 1154 4651 nec
1168 4575 1366 4675 possideri,
1383 4575 1472 4673 quia
1486 4577 1528 4652 in
1543 4577 1686 4655 nullius
1703 4577 1811 4656 bonis

222 4703 325 4785 sunt,
346 4696 387 4772 id
406 4704 466 4773 est
485 4696 526 4772 in
546 4694 655 4772 bonis
677 4695 835 4771 alicuius
856 4693 1062 4794 singularis
1084 4719 1268 4794 persona,
1291 4697 1358 4774 sed
1380 4706 1535 4776 tantum
1556 4698 1598 4774 in
1618 4697 1727 4776 bonis
1751 4699 1812 4777 dei

222 4903 249 4938 ³⁹
260 4903 297 4966 rt
313 4904 439 4967 donata
456 4905 648 4983 quandoque,
666 4906 740 4980 rm,
758 4905 796 4966 v.
835 4879 862 4940 ³0
874 4903 1003 4982 firmam,
1021 4913 1090 4979 aa,
1108 4906 1183 4980 ou,
1202 4906 1278 4967 uc.
1318 4903 1346 4939 ·¹
1357 4905 1514 4982 donatum,
1533 4906 1614 4978 cu;
1632 4906 1717 4983 aaa,
1737 4908 1810 4969 ua

221 5003 374 5067 ⁰²·”data
392 5005 455 5067 fuit
473 5013 559 5067 terre
577 5005 643 5081 illa,
662 5007 702 5068 V.
741 5004 769 5040 ⁰⁸
779 5009 823 5081 in,
842 5006 908 5090 003
949 5004 1017 5040 *Μ’
1028 5013 1070 5082 et,
1091 5007 1171 5080 cM;
1192 5006 1257 5083 sed,
1278 5007 1362 5081 MG;
1383 5011 1452 5083 etsi,
1473 5007 1511 5069 V.
1553 5005 1745 5083 “habuerit
1766 5009 1810 5082 V;

220 5103 597 5267 boaaet,33.c;10m,
617 5107 780 5181 carmon
798 5115 913 5181 tamem
933 5107 1009 5169 MG.
1051 5105 1202 5187 ‘'potuit
1224 5109 1298 5184 HA,
1319 5107 1357 5170 V.
1400 5107 1519 5186 ⁸⁹0m,
1541 5111 1619 5186 MG,
1640 5111 1715 5187 CM,
1737 5109 1810 5171 HA.

303 5249 436 5368 ²iacerci
465 5251 591 5385 poterit,
623 5307 697 5368 CM.
749 5306 980 5370 'tenementum
1011 5329 1090 5383 esse,
1122 5311 1195 5372 cM.
1250 5309 1288 5345 ³⁴
1299 5315 1373 5372 item
1405 5312 1526 5389 donari,
1558 5312 1629 5388 OB,
1662 5314 1738 5388 ΜΒ,
1771 5313 1809 5376 V.

221 5404 326 5482 ⁸0m.,
341 5407 411 5484 OB,
427 5408 503 5469 ΜΒ.
