4394 6342
795 1069 1264 1167 INTRODUCTIO

335 1324 435 1418 Qooe
451 1333 542 1400 auat
559 1324 643 1422 regi
658 1325 881 1402 accessoria

285 1459 327 1534 N
345 1485 437 1558 rege
456 1459 521 1557 qui
539 1468 641 1535 reete
659 1458 760 1556 regit
779 1460 992 1536 necessaria
1009 1469 1100 1537 sunt
1121 1461 1198 1536 duo
1217 1460 1306 1549 haec,
1328 1485 1436 1536 arma
1455 1460 1630 1536 videlicet
1650 1469 1689 1536 et
1709 1459 1825 1557 leges,

297 1577 435 1677 quibus
465 1586 673 1676 utrumque
703 1589 858 1676 tempus
888 1578 1077 1655 bellomm
1108 1589 1148 1656 et
1179 1579 1285 1679 pacis
1316 1588 1419 1656 recte
1451 1579 1573 1678 possit
1605 1578 1823 1677 gubernari.

236 1698 460 1796 Utrumque
486 1696 599 1809 enim·
614 1698 777 1775 istorum
804 1697 960 1776 alterius
988 1698 1136 1796 indiget
1163 1698 1319 1787 auxilio,
1348 1724 1424 1797 quo
1451 1706 1534 1775 tam
1561 1724 1622 1774 res
1649 1697 1824 1774 militaris

235 1817 356 1915 possit
371 1843 452 1893 esse
465 1817 506 1892 in
520 1827 619 1906 tuto,
635 1843 752 1916 quam
767 1817 871 1915 ipsoe²
886 1818 997 1915 leges*
1007 1843 1203 1894 armorum
1218 1818 1335 1917 podio
1351 1819 1428 1895 sint
1445 1825 1614 1894 servatae.
1635 1818 1677 1892 si
1695 1826 1825 1893 autem

235 1962 344 2013 arma
361 1937 573 2014 defecerint
589 1946 726 2013 contra
742 1936 869 2013 hostes
887 1936 1046 2014 rebelles
1064 1935 1117 2014 et²
1136 1936 1354 2026 indomitos,
1374 1937 1427 2013 sic
1444 1936 1517 2013 erit
1536 1961 1700 2033 regnum
1718 1935 1824 2010 inde·

236 2057 406 2133 sensum:
433 2057 464 2133 si
489 2065 620 2133 autem
643 2056 759 2154 leges,
786 2057 839 2133 sic
863 2055 1183 2134 exterminabitur
1208 2055 1366 2144 iustitia,
1394 2080 1463 2131 nec
1489 2056 1561 2132 erit
1588 2056 1653 2154 qui
1679 2056 1824 2132 iustum

235 2175 368 2251 faciat⁸
384 2175 578 2252 iudicium.
598 2176 700 2252 Cum
715 2184 847 2252 autem
864 2176 946 2252 fere
963 2176 1004 2251 in
1021 2173 1197 2252 omnibus
1215 2175 1433 2273 regionibus
1451 2173 1600 2251 utatur*
1618 2174 1766 2272 legibus
1786 2185 1825 2252 et

235 2295 317 2372 iure
334 2295 490 2393 scripto,
508 2295 591 2372 sola·
607 2295 756 2393 Anglia
773 2321 844 2371 usa
861 2305 919 2371 est
936 2295 977 2370 in
994 2294 1071 2371 suis
1091 2293 1230 2370 finibus
1248 2296 1331 2371 iure
1349 2320 1428 2370 non
1447 2293 1591 2391 scripto
1609 2304 1649 2370 et
1667 2318 1824 2370 consue·

233 2414 378 2491 tudine.
398 2415 450 2491 In
463 2440 510 2489 ea
525 2413 679 2520 quidem
694 2439 743 2490 ex
757 2438 836 2489 non
852 2413 1009 2512 scripto⁵
1024 2414 1083 2490 ius
1100 2414 1205 2489 venit
1222 2414 1326 2512 quod
1341 2437 1434 2490 usus
1450 2413 1725 2512 comprobavit.
1746 2414 1824 2491 Sed

233 2534 399 2611 nouerit
414 2534 624 2610 absurdum
638 2534 743 2631 leges
758 2533 998 2631 Anglicanas
1014 2533 1102 2610 licet
1117 2559 1196 2609 non
1210 2533 1374 2631 scriptas
1389 2533 1494 2631 leges
1511 2533 1720 2632 appellare,
1737 2558 1824 2610 cum

233 2651 329 2750 legis
352 2653 526 2750 vigorem
541 2651 699 2728 habeat⁸
722 2651 910 2750 quidquid
931 2651 980 2728 de
1003 2651 1160 2728 consilio
1182 2659 1221 2728 et
1244 2676 1431 2728 consensu
1454 2662 1683 2749 magnatum
1707 2660 1746 2729 et
1768 2652 1824 2729 rei

233 2772 395 2870 publicae
419 2772 611 2848 communi
636 2771 851 2870 sponsione,
877 2770 1106 2847 auctoritate
1131 2770 1233 2868 regis
1258 2771 1337 2858 sive
1362 2771 1546 2870 principis
1560 2773 1823 2870 praecedente,

232 2892 332 2968 iuste
347 2891 466 2968 fuerit
480 2890 683 2967 definitum
699 2900 737 2967 et
753 2890 1024 2988 approbatum.
1044 2890 1147 2966 Sunt
1162 2888 1291 2965 etiam*
1307 2890 1349 2965 in
1365 2890 1515 2987 Anglia
1529 2890 1822 2967 consuetudines

233 3009 364 3109 plures
386 3020 426 3087 et
447 3009 606 3086 diverse
628 3009 837 3086 secundum
860 3008 1120 3085 diversitatem
1142 3010 1325 3084 locorum.
1351 3009 1515 3086 Habent
1539 3009 1640 3085 enim
1664 3009 1823 3108 Anglici
1942 3077 1946 3084 .

233 3129 349 3228 plura
360 3154 410 3206 ex
423 3127 698 3205 consuetudine
711 3153 795 3227 quae
809 3153 887 3204 non
899 3128 1042 3205 habent
1056 3153 1104 3204 ex
1116 3127 1213 3226 lege,
1228 3128 1327 3205 sicut
1340 3128 1381 3204 in
1395 3127 1553 3204 diversis
1567 3130 1822 3220 comitatibus,

233 3245 462 3337 civitatibus,
482 3247 614 3346 burgis
633 3255 672 3323 et
691 3247 802 3336 villis,
821 3247 887 3322 ubi
906 3272 1057 3345 semper
1075 3246 1346 3345 inquirendum
1366 3247 1439 3324 erit
1458 3274 1541 3347 quae
1561 3248 1610 3326 sit
1630 3248 1730 3325 illius
1750 3249 1823 3325 loci

233 3369 470 3444 consuetudo
487 3376 526 3443 et
545 3367 710 3465 qualiter
726 3375 889 3442 utantur
906 3366 1180 3442 consuetudine
1198 3366 1264 3465 qui
1282 3367 1576 3444 consuetudines
1596 3367 1778 3466 allegant.

333 3489 380 3566 Si
394 3487 578 3586 iusipiens
595 3496 634 3564 et
650 3487 828 3564 indoctas
845 3486 1066 3564 cathedram
1082 3488 1278 3566 {radicandi
1294 3489 1517 3566 ascenderit.

102 3599 113 3614 ’
234 3608 340 3683 Cura
367 3615 496 3684 autem
520 3607 737 3682 huiusmodi
761 3607 866 3704 leges
891 3617 930 3684 et
954 3607 1249 3683 consuetudines
1275 3632 1346 3705 per
1370 3606 1607 3706 insipientes⁸
1632 3617 1671 3684 et
1697 3608 1823 3684 minus

233 3729 377 3815 doctos,
409 3726 475 3825 qui
504 3725 726 3802 cathedram
756 3726 949 3801 iudicandi
978 3727 1191 3802 ascendunt
1222 3735 1428 3825 antequam
1460 3727 1563 3825 leges
1595 3726 1823 3815 didicerint,⁹

234 3844 372 3942 saepius
390 3844 596 3920 trahantur
614 3843 664 3918 ad
683 3843 857 3932 abusum,
877 3853 916 3920 et
935 3845 1000 3941 qui
1020 3853 1125 3921 stant
1144 3844 1185 3919 in
1204 3842 1327 3920 dubiis
1347 3854 1386 3921 et
1404 3843 1473 3919 in¹⁰
1493 3845 1735 3944 opinionibus
1756 3846 1823 3923 et¹²

232 3963 455 4040 multotiens
482 3971 760 4062 pervertuntur
786 3990 809 4037 a
834 3963 1053 4050 maioribus,
1082 3964 1147 4061 qui
1175 3963 1304 4061 potius
1332 3963 1492 4062 proprio
1520 3965 1678 4041 arbitrio
1706 3992 1823 4063 quam

232 4086 364 4182 legum
383 4084 611 4161 auctoritate
629 4109 763 4160 causas
781 4083 975 4172 decidunt,
994 4085 1044 4160 ad
1063 4084 1353 4161 instructionem
1372 4085 1508 4161 saltem
1526 4086 1717 4161 minorum
1737 4111 1822 4183 ego,

234 4202 432 4279 Henricus
455 4203 502 4279 de
522 4201 754 4291 Brattone,²²
776 4202 948 4279 animum
970 4203 1074 4278 erexi
1097 4204 1147 4278 ad
1169 4202 1328 4278 vetera²⁸
1349 4203 1489 4280 iudicia
1512 4203 1712 4291 iustorum,
1735 4229 1822 4303 per·

234 4320 469 4398 scrutando²‘
488 4321 693 4418 diligenter
712 4320 737 4354 ²³
758 4348 837 4397 non
856 4321 936 4396 sine
955 4320 1094 4418 vigiliis
1114 4332 1153 4399 et
1172 4322 1314 4409 labore,
1336 4323 1444 4397 facta
1462 4323 1646 4420 ipsorum,
1666 4325 1824 4402 consilia

233 4451 272 4517 et
290 4466 487 4539 responsa,
506 4450 545 4518 et
563 4439 750 4539 quidquid
769 4439 857 4516 inde
876 4449 970 4516 nota
990 4441 1151 4538 dignum
1170 4441 1297 4516 inveni
1318 4441 1358 4516 in
1377 4467 1495 4517 unam
1515 4468 1704 4520 summam
1724 4444 1823 4520 redi·

233 4560 361 4657 gendo
386 4560 457 4636 sub
482 4561 615 4636 ordine
639 4558 842 4636 titulonrm
868 4569 906 4636 et
932 4560 1279 4658 paragraphorum,
1305 4560 1386 4635 sine
1412 4561 1631 4659 praeiudicio
1656 4564 1823 4640 melioris

234 4678 442 4767 sententiae,
474 4677 689 4776 compilavi,
724 4678 923 4776 scriptura
956 4678 1146 4775 suffragio
1179 4686 1378 4777 perpetua
1409 4680 1600 4755 memoriae
1633 4705 1823 4759 commen·

317 4879 413 4954 ²u1ae,
435 4880 512 4955 uo,
534 4879 607 4939 cu.
650 4878 756 4952 ²0m,
777 4880 846 4954 on,
868 4878 944 4952 uA,
966 4879 1005 4940 r.
1029 4861 1162 4952 'mam
1185 4879 1260 4952 un,
1283 4879 1361 4954 uo,
1384 4880 1456 4941 cu.
1500 4879 1661 4955 *aanor
1684 4882 1723 4957 v,
1747 4881 1822 4941 us.

233 4977 320 5041 ⁸uon
337 5000 376 5041 ex
393 4984 522 5058 scripto,
540 4980 610 5056 OB,
629 4979 706 5056 MA,
723 4979 799 5041 ΜΒ.
840 4976 1008 5056 ‘habeant
1028 4980 1104 5056 MA,
1124 4980 1202 5055 MG,
1222 4981 1296 5056 CM,
1316 4981 1356 5056 Y,
1377 4981 1449 5042 ΗΒ.
1492 4979 1629 5057 τιιιιιειιι,
1650 4983 1728 5057 MG,
1749 4984 1823 5059 CM,

233 5081 274 5157 V,
294 5082 368 5143 ΗΒ.
410 5081 628 5160 'incipientes
649 5080 726 5155 MA,
747 5082 812 5143 OC.
856 5079 980 5160 'legem
1002 5080 1193 5158 didiscerint,
1216 5083 1291 5154 0133
1313 5081 1505 5157 didiscerint,
1527 5085 1600 5157 oc;
1623 5083 1823 5159 addiscerint,

234 5184 317 5258 MA3
340 5182 565 5260 dididiscerint,
590 5183 665 5245 ΜΒ.
711 5181 738 5218 ²⁰
750 5183 830 5259 Om,
855 5183 922 5260 ΟΕ,
947 5184 1022 5244 MA.
1068 5181 1187 5259 ¹¹Om.,
1212 5184 1252 5260 V,
1277 5184 1355 5259 MG,
1381 5185 1454 5260 ΗΒ,
1479 5183 1545 5246 OC.
1591 5183 1689 5264 ²²ego
1713 5186 1758 5247 H.
1783 5185 1823 5247 de

234 5286 397 5362 Brattone,
412 5287 487 5360 LG;
504 5306 563 5366 ego
580 5286 625 5348 H.
641 5285 681 5347 de
697 5287 852 5348 Bractoue
869 5283 953 5362 talis,
969 5284 1120 5365 OB3⁷ego
1143 5285 1199 5362 (-{-
1219 5286 1280 5365 H.)
1301 5285 1384 5359 talis,
1403 5287 1482 5360 MC;
1501 5307 1559 5366 ego
1576 5286 1650 5349 talis
1669 5288 1724 5362 H,
1743 5288 1823 5362 HA;

234 5408 291 5469 ego
310 5387 396 5463 talis,
416 5388 510 5452 MSS.
531 5407 601 5469 gem
643 5386 795 5463 ”cetera
816 5387 894 5462 MG,
915 5389 988 5449 cM.
1031 5385 1059 5421 ²⁴
1069 5386 1305 5466 perscrutanda,
1327 5388 1405 5464 MG,
1426 5389 1464 5450 V.
1507 5387 1627 5465 ¹⁸0m,
1649 5390 1727 5466 MG,
1749 5389 1822 5451 CM.
