4432 6340
628 473 689 535 DE
712 472 1015 547 ADQUIRENDO
1038 475 1196 536 RERUM
1220 474 1421 535 DOMINIO
1748 482 1820 552 261

233 622 274 699 in
287 623 503 722 maritagio.
521 625 614 702 Non
630 625 732 702 enim
746 624 885 703 sufficit
901 628 1004 724 quod
1020 635 1195 725 petentes
1212 651 1251 702 se
1267 626 1433 724 probent
1450 625 1507 702 ius
1523 626 1673 714 habere,
1692 651 1822 702 omnes

232 741 294 818 vel
312 743 469 841 quidam
487 768 631 832 eorum,
652 743 791 820 adhoc
810 744 913 842 quod
933 745 1136 821 auferatur
1155 743 1342 844 possessio
1364 770 1387 820 a
1406 754 1573 832 tenente,
1593 743 1665 820 nisi
1687 744 1736 821 sit
1757 745 1822 842 qui

233 859 372 960 probet
384 886 423 936 se
436 862 559 937 maius
572 862 631 938 ius
644 861 793 938 hahere.
810 863 965 939 Paritas
979 863 1080 938 enim
1093 863 1186 938 iuris
1200 888 1278 938 non
1292 862 1424 938 aufert
1439 862 1615 938 seisinam
1630 887 1654 937 a
1667 872 1823 939 tenente

231 991 395 1080 propter
414 983 657 1058 commodum
678 981 898 1080 possidendi
917 989 958 1057 et
977 981 1222 1080 privilegium
1243 981 1502 1079 possessionis.
1525 981 1657 1078 Igitur
1678 981 1751 1057 nisi
1773 981 1822 1058 sit

232 1098 368 1198 aliquis
386 1100 451 1198 qui
467 1099 633 1198 probare
651 1100 772 1199 possit
789 1125 829 1176 se
846 1126 926 1176 esse
944 1100 1112 1198 primum
1130 1109 1169 1176 et
1186 1099 1438 1198 principalem
1457 1100 1716 1187 feoffatorem,
1735 1124 1823 1175 cum

230 1225 366 1292 tenens
385 1216 596 1315 negaverit,
616 1242 705 1293 cum
723 1243 794 1316 per
813 1217 1057 1316 negationem
1077 1218 1147 1295 fiat
1166 1243 1226 1294 res
1247 1218 1374 1306 dubia,
1395 1228 1529 1294 tenens
1550 1217 1761 1296 remanebit
1782 1218 1823 1294 in

231 1335 368 1412 seisina
382 1336 491 1434 quasi
503 1335 703 1413 deficiente
717 1335 955 1435 probatione,
968 1335 1083 1411 licet¹'
1099 1362 1142 1412 re
1154 1361 1246 1412 vera
1258 1337 1318 1412 ius
1332 1335 1520 1425 habuerit,
1535 1361 1623 1413 cum
1638 1337 1821 1414 defecerit

231 1454 421 1553 probatio,
438 1454 527 1530 licet
544 1454 603 1531 ius
620 1480 699 1531 non
716 1454 880 1530 deficiat.
903 1455 945 1530 Si
965 1465 1094 1530 autem
1112 1455 1215 1530 dicat
1233 1454 1428 1552 inquisitio
1447 1456 1550 1552 quod
1570 1480 1700 1532 omnes
1721 1456 1820 1532 feof·

232 1573 306 1648 fati
327 1581 417 1649 sunt
438 1598 516 1648 uno
536 1582 575 1649 et
596 1574 730 1649 eodem
749 1582 924 1671 tempore
945 1571 1149 1672 petentes¹⁸
1171 1583 1211 1649 et
1231 1582 1378 1661 tenens,
1401 1573 1542 1649 scilicet
1565 1599 1588 1648 a
1610 1582 1821 1673 conquestu

230 1692 398 1790 Angliae,
415 1691 540 1768 adhuc
556 1692 629 1768 erit
645 1691 891 1767 iudicandum
907 1717 980 1790 pro
997 1691 1228 1791 possidente,
1246 1717 1291 1768 eo
1308 1691 1412 1789 quod
1429 1718 1541 1791 pares
1560 1701 1651 1769 sunt
1668 1692 1708 1767 in
1724 1703 1820 1768 tem·

231 1834 325 1908 pore
349 1820 387 1887 et
408 1810 449 1886 in
469 1811 563 1898 iure,
586 1817 625 1886 et
647 1810 794 1909 paritas
816 1834 894 1885 non
917 1811 1047 1887 aufert
1069 1809 1357 1908 possessionem,
1380 1808 1453 1884 ut¹⁹
1478 1809 1637 1909 supra.²⁰
1661 1811 1765 1886 Item
1790 1811 1820 1886 si

231 1927 260 2003 i.
275 1928 370 2021 90b]
427 1928 512 2004 sciri
528 1953 607 2004 non
622 1929 744 2027 possit
760 1929 915 2004 omnino
930 1953 1000 2004 nec
1015 1929 1172 2027 probari
1188 1927 1295 2004 cuius
1313 1929 1610 2006 feoffamentum
1627 1930 1677 2006 sit
1694 1937 1820 2006 vetus·

230 2047 318 2134 tius,
336 2046 397 2122 vel
415 2047 445 2123 si
464 2047 567 2123 forte
585 2047 772 2124 iuratores
791 2047 1063 2136 dubitaverint,
1083 2047 1207 2123 adhuc
1225 2048 1437 2123 remanebit
1455 2048 1642 2146 possessio
1660 2049 1819 2136 tenenti,

230 2166 339 2264 quasi
356 2166 554 2244 deficiente
572 2165 815 2265 probatione:
834 2166 924 2264 quia
941 2167 1006 2264 qui
1022 2165 1176 2241 dubitat
1192 2166 1254 2241 vel
1271 2166 1429 2243 obscure
1446 2166 1617 2264 loquitur
1634 2192 1713 2241 non
1730 2191 1819 2265 pro·

229 2284 308 2373 bat,
324 2284 416 2382 quia
430 2284 770 2383 quotienscumque
786 2285 986 2361 dubitatur
1004 2310 1054 2360 an
1072 2285 1164 2382 quid
1182 2285 1242 2373 sit,
1261 2285 1421 2383 perinde
1439 2295 1497 2362 est
1514 2309 1558 2360 ac
1576 2285 1608 2361 si
1624 2310 1704 2361 non
1721 2292 1820 2361 esset

229 2403 336 2478 illud.
361 2403 462 2480 Cum
484 2413 614 2480 autem
636 2404 819 2502 loquatur
841 2403 1019 2502 probatio
1043 2405 1090 2480 de
1112 2429 1191 2478 uno
1214 2413 1400 2502 tempore,
1424 2403 1548 2479 adhuc
1572 2405 1716 2502 poterit
1739 2429 1821 2480 esse

230 2520 411 2619 prioritas
430 2522 477 2596 de
496 2522 557 2597 die
576 2522 636 2598 vel
654 2523 760 2610 hora,
780 2523 827 2598 de
847 2522 983 2620 quibus
1004 2522 1035 2598 si
1055 2521 1274 2599 dubitatum
1294 2522 1425 2610 fuerit,
1445 2521 1506 2597 vel
1526 2523 1682 2621 penitus
1702 2523 1819 2599 nesci·

229 2639 353 2728 tum,¹²
375 2640 500 2716 adhuc
519 2665 598 2715 non
617 2641 721 2716 valet
741 2639 918 2738 probatio
939 2639 1118 2739 petentis.
1141 2640 1244 2716 Item
1265 2641 1561 2717 cumiuratores
1582 2640 1676 2716 nihil
1698 2642 1820 2717 sciant

230 2759 278 2834 de
302 2759 503 2856 prioritate
527 2757 752 2857 temporis,²²
776 2759 862 2845 diei,
886 2759 947 2834 vel
971 2759 1083 2847 horae,
1110 2760 1176 2835 sed
1201 2759 1331 2835 dicant
1355 2760 1458 2857 quod
1482 2765 1618 2857 petens
1643 2759 1820 2836 ultimam

229 2874 390 2952 habuit²⁸
413 2877 601 2965 seminam,
623 2877 747 2952 adhuc
767 2877 839 2952 hoc
860 2902 939 2952 non
960 2875 1160 2964 sufficiet,²⁴
1183 2903 1258 2976 quo
1279 2877 1403 2953 maius
1425 2886 1560 2954 tenens
1583 2877 1819 2977 possessione

197 2991 202 3000 '
230 2994 416 3093 privetur.
433 2995 586 3072 Poterit
601 2996 702 3072 enim
717 3022 798 3072 esse
812 2995 897 3094 quis
911 2995 952 3071 in
968 2995 1106 3072 seisina
1120 2996 1293 3094 quamvis
1310 2996 1368 3072 ius
1384 3022 1463 3071 non
1478 2996 1666 3085 habuerit,
1684 2997 1745 3072 vel
1761 2996 1820 3072 ius
1931 3045 1938 3057 -

230 3115 365 3190 maius.
383 3115 484 3191 Cum
500 3123 629 3191 autem
646 3115 852 3191 descendat
867 3114 1058 3190 hereditas
1074 3124 1157 3191 tam
1174 3140 1222 3189 ex
1239 3122 1351 3213 parte
1368 3116 1491 3213 patris
1508 3140 1625 3213 quam
1643 3140 1690 3190 ex
1709 3124 1821 3214 parte

229 3233 376 3321 matris,
393 3242 432 3309 et
447 3242 560 3331 patre
576 3242 821 3332 praemortuo,
838 3258 927 3309 cum
942 3232 1050 3309 heres
1066 3258 1145 3308 non
1161 3234 1376 3321 maritetur,
1395 3234 1533 3310 reddat
1550 3242 1674 3309 mater
1690 3233 1820 3309 heredi

230 3349 493 3441 hereditatem,
519 3362 558 3428 et
581 3352 760 3429 instituat
783 3361 829 3428 ut
853 3351 1031 3428 heredem
1054 3350 1292 3428 tenendum²⁵
1318 3353 1366 3428 de
1390 3351 1619 3450 capitalibus
1645 3351 1819 3440 dominis,

230 3471 424 3548 tenebitur
445 3471 553 3547 heres
578 3470 710 3547 statim
732 3470 909 3546 omnibus
933 3469 1161 3568 capitalibus
1186 3470 1349 3546 dominis
1373 3470 1574 3569 utriusque
1598 3470 1820 3548 hereditatis

231 3590 281 3664 ad
296 3588 530 3686 homagium,
549 3589 638 3686 quia
654 3589 771 3664 feoda
786 3587 985 3664 omnium²⁶
1002 3597 1092 3665 sunt
1111 3588 1337 3664 deliberata:
1356 3599 1395 3664 et
1412 3597 1506 3663 tunc
1523 3588 1593 3665 fiat
1610 3599 1655 3664 ut
1674 3587 1820 3687 supra²'

231 3706 375 3782 dictum
395 3718 453 3785 est
472 3708 520 3784 de
538 3707 740 3807 prioritate
759 3707 1041 3783 deliberationis
1061 3707 1219 3783 alterius
1238 3706 1471 3795 hereditatis
1490 3716 1530 3783 et
1551 3708 1598 3782 de
1618 3707 1820 3806 prioritate

231 3824 470 3901 ieoffationis
494 3825 663 3901 eiusdem
687 3824 921 3913 hereditatis,
947 3834 986 3901 et
1010 3850 1090 3900 non
1114 3824 1325 3923 utriusque,
1352 3834 1560 3922 antequam
1585 3824 1819 3924 postquam²⁸

229 3943 271 4019 in
287 3969 453 4044 persona
468 3944 582 4019 unius
597 3943 746 4020 heredis
763 3942 879 4020 semel
895 3942 1099 4018 coniuncta
1116 3941 1235 4019 fuerit
1251 3952 1417 4040 utraque
1433 3942 1636 4032 hereditas,
1655 3954 1694 4021 et
1711 3944 1819 4020 heres

230 4063 346 4138 semel
365 4062 484 4138 fuerit
501 4062 705 4138 maritatus
724 4061 872 4137 ratione
891 4060 1025 4160 primae
1044 4060 1337 4138 deliberationis.
1357 4061 1520 4135 Extunc
1539 4062 1640 4136 enim
1660 4062 1691 4137 si
1712 4060 1819 4137 heres
1897 4079 1898 4082 ’

230 4179 335 4256 inira
350 4190 503 4257 aetatem
520 4191 559 4258 et
577 4181 716 4257 iterum
732 4179 985 4268 maritandus,
1003 4204 1081 4254 non
1099 4178 1364 4255 observabitur
1382 4179 1476 4255 ordo
1494 4178 1716 4255 hereditatis
1736 4205 1820 4278 quoe

229 4300 356 4399 primo
379 4300 590 4377 deliberata
615 4308 689 4376 est:
718 4297 860 4390 <sed²⁹
885 4297 1095 4373 coniunctis
1121 4297 1296 4373 omnibus
1322 4297 1592 4374 feoffatoribus
1618 4298 1819 4396 utriusque

228 4416 529 4509 hereditatis>⁸⁰
543 4418 607 4493 ille
622 4415 705 4493 aliis
720 4417 793 4493 erit
809 4416 1072 4515 praeferendus
1089 4415 1155 4513 qui
1171 4415 1318 4514 primus
1335 4423 1373 4490 et
1389 4415 1611 4514 principalis
1628 4415 1701 4493 erit
1718 4416 1817 4491 feof·

229 4540 337 4615 fator
351 4538 392 4614 in
406 4535 671 4614 coniunctione
685 4535 886 4632 utriusque
899 4533 1132 4610 hereditatis.
1151 4534 1254 4610 Item
1271 4542 1353 4609 esto
1369 4535 1473 4632 quod
1489 4544 1602 4632 pater
1617 4534 1679 4610 vel
1694 4545 1819 4612 mater

229 4654 478 4732 feoffaverit⁸²
495 4653 673 4729 heredem
689 4679 801 4730 suum
818 4652 931 4728 simul
947 4662 986 4729 et
1004 4652 1119 4727 semel
1137 4653 1183 4728 de
1201 4650 1376 4750 pluribus
1394 4652 1518 4728 feodis
1536 4677 1620 4749 quae
1636 4661 1819 4730 tenentur

229 4775 277 4849 de
299 4773 457 4850 diversis
478 4771 706 4871 capitalibus
729 4771 903 4860 dominis,
925 4768 1108 4846 tenendi⁸²
1132 4771 1180 4845 de
1203 4797 1242 4846 se
1265 4770 1358 4867 ipsis
1382 4779 1420 4846 et
1443 4796 1576 4846 eorum
1598 4770 1817 4846 heredibus:

227 4939 588 5019 ²'quamvis,MG‚CM.
623 4937 833 5016 ¹⁸petens,V,
846 4940 914 5014 OB,
927 4939 1005 5014 MG,
1018 4938 1058 5011 Y,
1072 4939 1145 4998 cM.
1180 4934 1246 4970 ²⁹⁴⁰
1258 4935 1338 5012 Om,
1351 4938 1420 5012 OB,
1434 4938 1510 5013 MA,
1523 4937 1598 4997 ΜΒ.
1634 4934 1818 5011 ²²nescitur,

226 5041 302 5116 MC,
315 5041 379 5101 ΟΕ.
415 5040 441 5074 ²²
452 5045 600 5119 tempor-ts
612 5039 672 5114 vel,
685 5041 725 5116 V,
738 5040 806 5114 ΟΑ,
821 5041 888 5114 LA,
901 5039 968 5112 OC,
982 5038 1054 5100 Mc,
1090 5036 1116 5070 ²⁸
1128 5036 1280 5111 habuerit,
1294 5039 1362 5113 OA,
1377 5038 1453 5111 MA,
1468 5037 1535 5112 OC,
1549 5037 1622 5098 MC.
1659 5035 1816 5112 '‘suffieit,

227 5140 296 5218 OB,
313 5141 390 5218 MA,
407 5143 490 5214 MB;
507 5141 645 5214 sufficiat,
663 5141 737 5201 cM.
777 5139 802 5173 ²⁸
814 5139 989 5215 tenendam,
1009 5140 1081 5211 LA3
1098 5136 1233 5214 tonend,
1253 5139 1347 5200 MSS.
1367 5158 1431 5199 var.
1474 5137 1501 5171 ²⁸
1512 5142 1624 5212 omnia,
1644 5138 1722 5214 MG,
1742 5140 1815 5199 cM.

226 5239 252 5275 ²⁴
265 5241 456 5318 predictum,
469 5241 509 5317 V,
523 5241 601 5314 MG,
615 5241 688 5301 CM.
724 5237 751 5273 ²⁸
762 5249 794 5301 et
807 5241 1124 5319 postquam,V;om.,
1140 5239 1206 5314 LA,
1221 5240 1260 5300 Y.
1297 5237 1362 5272 ²⁹⁴⁰
1375 5240 1455 5314 Om,
1470 5241 1539 5314 OB,
1555 5240 1631 5316 MA,
1646 5241 1723 5315 ΜΒ,
1738 5241 1816 5318 MG,

227 5342 294 5416 ca,
316 5341 356 5402 v.
401 5340 651 5418 unornane,
674 5341 743 5415 on,
766 5341 833 5415 oc,
857 5341 923 5416 ca,
946 5339 1023 5401 uo.
1069 5338 1242 5417 ⁸¹anenu
1265 5341 1334 5415 on,
1359 5341 1425 5418 LA,
1449 5340 1516 5419 oc,
1540 5343 1610 5420 oa,
1633 5343 1711 5418 uo,
1735 5343 1815 5416 cru

224 5442 375 5518 tenenda,
389 5441 429 5516 V,
443 5442 518 5517 MC,
532 5441 578 5515 Y3
593 5440 728 5516 tenend,
745 5441 821 5515 MA,
836 5441 913 5515 ΜΒ,
928 5439 994 5502 CE.
