4432 6336
414 465 486 533 122
944 431 1166 521 sincrou:
1188 459 1250 520 ns
1272 459 1466 522 iromus

412 607 558 684 dictum
577 606 686 686 nobis
704 609 868 687 retinere
886 609 999 687 lioeat
1018 609 1134 688 libere
1153 620 1193 687 et
1212 610 1351 710 quiete,
1371 609 1467 686 bene
1485 621 1526 688 et
1544 609 1729 710 pacifice*
1752 609 2000 710 possidemus.

411 725 677 803 Restituendoe
698 727 800 804 enim
819 727 1066 827 possessionis
1087 730 1182 806 ordo
1204 754 1277 828 per
1296 729 1486 806 actionem
1507 728 1724 828 expeditur.
1747 729 2002 807 Retinendae⁸⁸

411 872 503 922 vero
518 846 665 945 duplex
679 845 778 935 est‚'⁹
793 857 862 925 sut
875 848 1051 947 exceptio
1067 849 1127 925 vel
1142 847 1401 925 interdictum.
1418 848 1614 947 Exceptio
1631 874 1723 925 vero
1737 849 1854 926 dstrrr
1870 849 2001 928 multis

412 964 460 1042 de
476 966 611 1042 causis.

511 1091 577 1168 De
594 1089 796 1167 dissona
813 1089 979 1190 qualiter
995 1091 1191 1168 dividetur
1208 1092 1407 1191 possessio.

411 1213 639 1290 Drvmrrun
664 1223 793 1291 sutem
820 1215 1007 1314 possessio
1033 1215 1101 1291 sic:
1130 1216 1414 1315 possessionum
1440 1214 1516 1292 elia
1540 1215 1671 1306 civilis,
1700 1215 1775 1293 slis
1802 1215 1999 1294 naturalis.

412 1333 544 1411 Civilis
565 1343 694 1410 autem
712 1343 770 1412 est
788 1360 873 1433 quae
891 1335 1019 1411 animo
1036 1343 1192 1412 tantum
1210 1335 1409 1412 retinetur.
1431 1333 1646 1425 Naturalis,
1666 1361 1751 1434 quae
1769 1360 1942 1434 corpore,
1961 1345 2002 1412 et

412 1450 618 1551 aliquando
639 1452 768 1530 iusta⁸⁰
789 1463 847 1531 est
868 1462 908 1529 et
929 1453 1163 1553 eliquand0⁰²
1184 1454 1338 1531 iniusto.
1362 1455 1420 1533 Et
1442 1464 1572 1555 potest
1594 1455 1678 1553 quis
1701 1464 1866 1554 utroque
1887 1457 2001 1532 modo

411 1573 617 1672 possidere,
637 1574 778 1650 scilieet
797 1572 924 1650 animo
943 1584 983 1651 et
1001 1597 1174 1673 corpore,
1193 1575 1249 1652 ita
1268 1575 1371 1673 quod
1390 1599 1515 1674 neque
1533 1600 1693 1673 corpore
1714 1600 1785 1674 per
1805 1599 1856 1663 se,
1878 1600 2000 1674 neque

411 1692 538 1768 errimo
553 1717 690 1792 perse,
706 1702 745 1769 et
761 1693 963 1792 adquirere
978 1719 1090 1770 nemo
1106 1701 1236 1792 potest
1252 1693 1529 1792 possessionem
1545 1694 1617 1769 nisi
1635 1703 1800 1793 utroque
1816 1695 1944 1770 animo
1961 1703 2001 1771 et

410 1836 582 1912 corpore,
598 1822 638 1890 et
653 1813 751 1889 sicut
765 1837 845 1889 non
859 1821 989 1912 potest
1004 1812 1191 1912 possessio
1207 1813 1279 1889 nisi
1296 1812 1424 1889 animo
1440 1821 1480 1890 et
1496 1838 1658 1912 corpore
1674 1813 1836 1912 adquiri,
1854 1813 1907 1891 sie
1922 1839 2001 1890 non

410 1932 439 2009 f.
454 1935 524 2027 89]
580 1941 708 2032 potest
725 1933 797 2009 nisi
814 1941 979 2030 utroque
996 1931 1133 2020 amitti,
1151 1941 1293 2008 etcum
1310 1941 1475 2030 utroque
1492 1931 1720 2031 adquiratur
1736 1933 1824 2010 licet
1841 1958 2001 2032 corpore

410 2051 638 2140 emittatur,²
660 2051 788 2128 animo
809 2051 890 2128 solo
909 2052 1054 2150 poterit
1074 2051 1241 2128 retineri.
1265 2052 1368 2127 Item
1390 2051 1672 2150 possessionum
1694 2051 1769 2128 alia
1790 2053 1903 2141 iuste,
1926 2051 2001 2128 slis

409 2169 562 2259 iniuste,
585 2170 794 2248 secundum
815 2172 918 2269 quod
939 2169 1100 2246 inferius
1120 2169 1242 2246 videri
1263 2169 1408 2269 poterit
1430 2170 1470 2246 in
1490 2178 1662 2248 tractatu
1684 2172 1732 2246 de
1755 2171 1872 2247 assisa
1892 2195 2000 2247 novae

409 2288 624 2366 disseisinae.
644 2289 748 2365 Item
766 2288 841 2366 alia
857 2315 960 2378 vers,
979 2289 1054 2365 alia
1071 2288 1299 2386 imaginaris
1317 2289 1409 2366 sive²
1427 2289 1611 2367 colorata·
1631 2291 1708 2367 sive
1727 2289 1874 2366 fictitia.
1896 2291 1999 2368 Ima·

408 2407 586 2506 ginsris,⁴
605 2407 663 2486 ut⁸
684 2409 715 2484 si
734 2406 833 2508 quis⁸
852 2435 893 2486 se
911 2408 1072 2507 gesserit
1092 2431 1136 2485 sc
1156 2409 1187 2486 si
1208 2408 1421 2508 possideret
1441 2434 1529 2485 cum
1550 2409 1647 2486 alius
1668 2410 1873 2509 possideat.
1897 2411 2000 2487 Item

410 2530 486 2606 alis
503 2530 620 2618 nuda,
640 2529 717 2606 alia
733 2530 884 2608 vestita.
905 2531 1037 2619 Nuda,
1057 2530 1123 2606 ubi
1143 2531 1227 2629 quis
1247 2530 1342 2607 nihil
1360 2531 1453 2606 iuris
1473 2531 1588 2609 hebet
1608 2532 1649 2607 in
1668 2557 1722 2620 re,
1743 2556 1812 2608 nec
1832 2531 1999 2630 aliquam

408 2649 501 2728 iuris
516 2650 731 2740 scintillam,
747 2652 814 2728 sed
827 2660 982 2728 tantum
997 2652 1142 2729 nudam
1157 2653 1301 2751 pedum
1317 2652 1547 2752 positionem
1555 2650 1578 2726 τ’
1594 2653 1745 2741 vestita,
1760 2653 1855 2742 iure,
1872 2652 1998 2740 titulo,

408 2771 469 2847 vel
491 2781 676 2872 tempore.
701 2773 805 2849 Item
826 2774 1002 2872 quaedam
1024 2773 1216 2872 adquisita
1237 2783 1277 2851 et
1299 2773 1475 2872 quaedam
1497 2773 1746 2873 adquirenda.
1772 2774 1876 2851 Item
1899 2799 1998 2873 quae·

408 2895 499 2971 dam
518 2894 619 2971 bons
638 2902 677 2972 et
697 2897 821 2985 firme,
842 2895 1033 2994 quaedam⁸
1052 2895 1206 2994 adepta,
1228 2905 1267 2972 et
1288 2896 1464 2995 quaedam
1485 2896 1741 2994 adipiscenda,
1764 2906 1803 2974 et
1824 2898 2000 2995 quaedam

407 3017 514 3094 nude
527 3028 566 3095 et
581 3016 761 3094 infirme.⁹
777 3019 881 3094 Item
896 3016 1071 3115 quaedsm
1085 3017 1257 3116 propria,
1273 3017 1448 3116 quaedsm
1464 3017 1600 3106 aliena,
1616 3027 1656 3094 et
1670 3017 1883 3094 alienarum
1898 3042 1997 3116 quae·

408 3138 499 3215 dam
513 3138 733 3238 propinqua
748 3148 786 3216 et
802 3139 976 3237 quadam
993 3147 1150 3214 remota.
1170 3140 1273 3214 Item
1290 3139 1465 3237 quaedsm
1480 3148 1603 3228 vetus,
1621 3148 1660 3215 et
1677 3139 1851 3238 quadem
1868 3163 1998 3215 recens

408 3272 447 3338 et
463 3287 573 3336 nova.
594 3262 697 3338 Item
713 3268 771 3336 est
787 3260 963 3357 quadam
980 3285 1064 3358 quae
1079 3257 1172 3336 nihil
1189 3259 1282 3336 iuris
1300 3259 1414 3337 habet
1432 3262 1499 3336 sed
1515 3259 1660 3359 aliquid
1677 3261 1935 3360 possessionis,
1953 3269 1998 3336 ut

409 3384 438 3459 si
457 3382 541 3481 quis
559 3381 679 3458 fuerit
695 3382 735 3456 in
751 3381 987 3480 possessione
1005 3406 1076 3480 per
1092 3381 1355 3459 intrusionem.
1375 3382 1451 3458 Est
1469 3391 1509 3458 et
1528 3381 1604 3458 slis
1621 3381 1809 3481 possessio
1828 3406 1912 3481 quae
1930 3381 1996 3458 sli-

408 3502 501 3601 quid
520 3502 635 3580 hebet
656 3501 914 3602 possessionis,
937 3502 1010 3578 sed·
1024 3501 1118 3578 nihil
1139 3503 1243 3592 iuris,
1264 3512 1309 3579 ut
1331 3503 1361 3579 si
1383 3504 1467 3602 quis
1490 3503 1609 3579 fuerit
1631 3505 1672 3580 in
1694 3505 1931 3603 possessione
1952 3513 1998 3580 ut

407 3630 535 3699 custos
560 3622 621 3699 vel
645 3623 823 3712 creditor,
849 3632 888 3700 et
914 3622 1140 3700 huiusmodi.
1168 3624 1245 3701 Est
1271 3623 1338 3699 et¹⁰
1365 3625 1440 3700 alis
1465 3650 1550 3723 quae
1575 3625 1742 3701 multum
1768 3623 1882 3702 hebet
1909 3650 1996 3724 pos·

407 3742 581 3820 sessionis
614 3743 681 3821 et²²
714 3768 854 3842 perum
886 3743 991 3831 iuris,
1025 3745 1124 3821 sicut
1157 3754 1215 3821 est
1248 3745 1436 3845 possessio
1470 3746 1745 3822 antecessoris²²
1780 3746 1821 3821 in
1854 3744 1997 3822 eausa²⁸

406 3863 654 3963 possessionis
674 3864 767 3940 ubi¹⁴
790 3864 885 3942 alius
907 3864 1101 3942 hebetius
1123 3892 1272 3943 merum
1293 3876 1333 3944 et
1355 3876 1571 3944 antecessor
1594 3869 1752 3944 feodum
1774 3878 1813 3946 et
1834 3867 1996 3944 liberum

406 3992 680 4061 tenementum.
707 3986 784 4064 Est
811 3997 849 4063 et
876 3985 952 4063 alia
978 3987 1165 4086 possessio
1193 4013 1278 4088 quse
1303 3989 1514 4087 plurimum
1540 3988 1655 4066 habet
1682 3989 1929 4089 possessionis
1958 3997 1996 4066 et

406 4105 551 4205 aliquid
570 4106 674 4196 iuris,
695 4106 761 4182 ubi
781 4108 946 4184 vertitur
966 4132 1082 4185 osuss
1101 4109 1363 4208 proprietatis,
1383 4120 1429 4188 ut
1450 4111 1481 4187 si
1503 4110 1587 4209 quis
1607 4111 1775 4188 tenuerit
1797 4111 1846 4186 ad
1865 4111 1996 4188 termi-

405 4251 500 4303 num
515 4225 602 4303 vitae
617 4228 677 4303 vel
695 4227 924 4304 annorum.²⁵
943 4228 1048 4306 Ess‘
1064 4230 1208 4306 etiam¹¹
1226 4231 1413 4330 possessio
1431 4256 1516 4330 quae
1532 4231 1699 4309 multum
1716 4232 1830 4309 habet
1848 4257 1995 4332 posses·

406 4346 521 4424 sionis
539 4355 578 4424 et
594 4348 762 4424 multum
778 4349 883 4439 iuris,
902 4349 999 4428 sieut
1017 4349 1084 4426 ille
1100 4351 1166 4427 ubi
1185 4351 1297 4450 quis²⁸
1316 4350 1431 4430 habet
1447 4353 1488 4429 in
1505 4379 1547 4430 re
1565 4354 1695 4453 aliqua
1711 4355 1770 4430 ius
1787 4379 1938 4431 merum
1957 4362 1996 4430 et

406 4562 476 4625 ”tn
497 4585 585 4644 pace,
606 4567 684 4641 MG,
705 4567 778 4641 ΟΜ,
799 4569 837 4630 Y.
882 4566 909 4602 ⁸⁸
921 4570 1092 4646 retinendo,
1114 4571 1192 4646 MG,
1214 4573 1288 4632 CM.
1332 4569 1451 4647 ⁸⁹Om.,
1473 4571 1542 4649 OB,
1566 4572 1641 4647 MA,
1664 4572 1738 4634 ΜΒ.
1783 4570 1849 4607 ⁰⁰⁰⁰⁰
1860 4577 1942 4633 iuste
1964 4579 1996 4633 et

406 4664 582 4744 aliquando,
598 4666 664 4744 ΟΕ,
678 4668 759 4741 ΜΑ;
773 4673 856 4729 iusta
870 4669 1046 4747 aliquando,
1061 4672 1129 4747 OB,
1146 4672 1221 4747 MB,
1235 4674 1274 4734 Υ.

489 4763 629 4844 ¹poterit
648 4771 759 4844 smlttr',
779 4769 818 4843 V,
838 4771 917 4845 MG,
935 4772 1009 4833 CM.
1050 4770 1180 4848 ²'⁸Om.,
1201 4775 1269 4850 OA,
1290 4775 1357 4851 LA,
1378 4775 1451 4837 Mc,
1493 4774 1623 4853 ²'⁴Om.‚
1643 4777 1712 4853 OB,
1734 4777 1810 4852 MA,
1831 4777 1908 4852 ΜΒ,
1928 4777 1995 4850 ΟΕ,

405 4866 444 4928 Y.
484 4865 522 4900 Μ
533 4889 606 4931 vero
621 4868 675 4930 ubi
691 4874 770 4947 quis,
787 4871 827 4946 V,
844 4870 911 4947 OC,
929 4873 996 4935 MG
1018 4873 1126 4953 (nisi),
1143 4877 1205 4936 CM
1229 4876 1335 4954 (nisi).
1375 4874 1633 4954 'possessionem
1652 4879 1727 4952 MC,
1745 4879 1801 4938 LA
1823 4879 1883 4955 (—-
1892 4876 1994 4956 ped).

405 4965 537 5045 ⁸'⁹Om,
556 4970 624 5047 LA,
645 4970 715 5045 OB,
735 4971 802 5048 ΟΕ,
823 4973 863 5047 Y,
885 4975 961 5050 MA,
985 4975 1060 5050 MB,
1083 4976 1156 5037 MC.
1200 4975 1225 5010 ²⁰
1238 4981 1343 5051 etism,
1365 4978 1443 5052 MG,
1465 4978 1538 5039 ΟΜ.
1583 4978 1609 5013 ²²
1621 4980 1676 5040 sed
1696 4986 1739 5053 et,
1763 4980 1832 5056 OB,
1855 4980 1932 5056 MA,
1954 4979 1993 5039 Y.

405 5067 471 5104 ²²²²²
482 5077 684 5134 antecessoris
699 5072 815 5152 deque
830 5078 899 5152 quis
915 5079 1045 5138 mor-Itur
1061 5079 1184 5139 seisitua
1199 5081 1233 5138 tn
1248 5098 1352 5154 cauas,
1367 5079 1433 5141 OC.
1472 5078 1537 5113 ²⁸⁴⁴
1549 5099 1642 5140 cause
1658 5083 1861 5159 possessionis
1879 5080 1994 5159 deque

405 5175 473 5248 quis
493 5177 623 5234 moritur
644 5177 767 5237 scisitaa
788 5176 852 5252 nbi,
872 5178 912 5253 V,
933 5178 1010 5254 MG,
1031 5178 1105 5239 CM.
1148 5177 1175 5212 ¹⁸
1187 5198 1336 5240 ennorum
1357 5201 1414 5258 per
1435 5184 1661 5243 concessionem
1682 5181 1811 5242 alicuius
1834 5187 1887 5260 qui
1908 5181 1994 5242 illem

404 5275 450 5334 sle
468 5272 586 5334 dImisit
605 5279 638 5336 in
657 5280 722 5337 vita
742 5297 809 5353 sus,
829 5284 862 5338 et
880 5298 942 5338 non
962 5277 1040 5338 obiit
1059 5278 1131 5340 inde
1152 5283 1285 5356 seisltus,
1307 5281 1346 5355 V,
1368 5281 1435 5358 OC,
1456 5282 1629 5357 MG,(JM.
1673 5280 1738 5317 *Μ’
1750 5287 1823 5343 ttem
1846 5291 1903 5358 est,
1925 5283 1995 5356 OB,

405 5371 481 5449 MB,
500 5374 567 5451 ΟΕ,
583 5377 624 5453 Y,
642 5379 708 5438 MA
730 5377 875 5457 (—est).
915 5378 942 5413 ²⁸
953 5378 1076 5458 aliquis,
1095 5381 1173 5457 MG,
1191 5383 1264 5443 CM.
