4432 6336
619 505 679 564 DE
702 503 1006 577 ADQUIBENDO
1029 504 1187 566 BBBUM
1210 503 1412 565 DOMINIO
1741 513 1813 579 105

223 655 409 732 damnum
435 654 603 732 minoris.
632 656 710 732 Est
737 655 854 732 etiam
881 655 1037 732 ecclesia
1066 654 1235 732 eiusdem
1262 655 1491 731 condicionis
1521 680 1605 753 quae
1633 655 1815 752 fungitur

223 775 304 850 vice
318 775 487 862 minoris,
505 775 603 851 sicut
619 775 660 851 in
675 775 860 851 comitatu
878 774 1089 850 Lincolniae
1107 775 1154 850 de
1171 775 1339 873 quadam
1357 773 1513 850 ecclesia
1530 774 1570 850 in
1588 774 1813 874 Hoylande,

223 891 289 970 ubi
308 894 483 992 quaedam
500 901 605 969 terra
623 892 749 993 primo
768 892 861 969 data
880 893 958 970 fuit
976 918 1149 991 personae
1167 902 1206 970 et
1226 892 1389 969 ecclesiae
1407 902 1446 970 et
1467 892 1755 982 successoribus,
1776 901 1815 970 et

223 1021 359 1112 postea
376 1012 543 1089 mutavit
560 1013 725 1088 donator
744 1012 990 1088 donationem
1008 1013 1056 1088 de
1075 1012 1231 1089 ecclesia
1249 1013 1291 1087 in
1309 1011 1481 1111 privatas
1500 1037 1698 1111 personas,
1718 1012 1814 1088 scili·

224 1141 284 1208 cet
298 1155 471 1230 personae
482 1140 522 1208 et
535 1131 736 1208 heredibus
751 1130 840 1219 suis,
854 1131 958 1230 quod
971 1156 1053 1208 esse
1066 1156 1145 1208 non
1158 1130 1302 1219 debuit,
1318 1130 1492 1230 quiahoc
1508 1141 1607 1208 esset
1621 1131 1663 1207 in
1678 1131 1814 1231 praeiu-

224 1251 365 1328 dicium
384 1261 424 1327 et
445 1251 630 1327 damnum
649 1249 823 1326 ecclesiae.
845 1250 904 1326 Et
924 1250 977 1326 sic
996 1250 1141 1349 poterit
1162 1251 1326 1326 donator
1345 1258 1498 1326 mutare
1517 1275 1674 1326 causam
1694 1251 1815 1350 possi·

225 1371 340 1448 dendi
358 1371 406 1448 de
425 1396 503 1446 una
521 1393 637 1446 causa
655 1368 695 1444 in
715 1368 829 1444 aliam
848 1370 929 1445 sine
948 1368 1161 1446 mutatione
1182 1368 1440 1468 possessionis,
1461 1379 1500 1446 et
1521 1369 1569 1446 de
1589 1393 1755 1468 persona
1775 1371 1815 1444 in

224 1515 429 1590 personam
443 1513 523 1565 non
537 1488 681 1587 poterit
697 1489 778 1564 sine
792 1477 1006 1565 mutatione
1022 1487 1281 1586 possessionis,
1298 1513 1367 1564 nec
1383 1489 1431 1565 de
1447 1488 1604 1565 ecelesia
1620 1488 1670 1564 ad
1686 1488 1814 1587 priva·

222 1618 305 1686 tam
316 1632 522 1708 personam
534 1630 622 1682 cum
634 1607 775 1682 danino
789 1606 1011 1697 ecclesiae>
1029 1607 1133 1683 Item
1145 1616 1227 1683 esto
1241 1607 1343 1706 quod
1357 1608 1441 1705 quis
1454 1606 1702 1684 donationem
1715 1607 1815 1685 fece·

223 1729 275 1805 rit
291 1728 374 1803 viro
391 1728 439 1803 de
456 1727 546 1803 dote
562 1727 701 1812 uxoris
711 1751 828 1825 quam
843 1725 977 1801 habuit
995 1727 1042 1802 de
1060 1727 1265 1803 donatione
1283 1726 1397 1825 primi
1415 1725 1488 1801 viri
1504 1726 1574 1814 sui,
1592 1727 1815 1825 et—qualiter

224 1846 448 1924 donatarius
465 1845 523 1921 uti
541 1845 678 1922 debeat
696 1845 833 1922 seisina
851 1870 932 1933 sua,
951 1844 1148 1921 nonenim
1167 1845 1311 1943 poterit
1328 1844 1468 1922 habere
1487 1870 1648 1922 vacuam
1667 1871 1814 1944 posses·

225 1963 382 2041 sionem⁰
402 1989 472 2040 nec
490 1965 549 2041 uti
567 1990 638 2086 pep
657 1989 707 2040 se.
728 1965 787 2039 Et
806 1965 836 2041 si
855 1990 955 2040 uxor
973 1963 1088 2042 vellet
1109 1964 1303 2062 resignare
1322 1964 1363 2040 in
1382 1989 1541 2040 manum
1560 1963 1705 2040 domini
1725 1990 1813 2064 pro-

223 2085 400 2183 prietatis
425 2083 555 2161 dotem
579 2109 700 2171 suam,
725 2090 772 2158 ut
795 2081 884 2160 inde
910 2083 1093 2160 feoffaret
1119 2082 1285 2169 virum,²⁰
1311 2083 1363 2159 sic
1388 2091 1487 2160 esset
1513 2083 1698 2159 donatio¹²
1724 2109 1813 2182 pro-

223 2203 344 2282 hibita
360 2204 462 2280 inter
478 2203 605 2279 virum
624 2213 662 2280 et
680 2228 854 2291 uxorem,
873 2211 913 2278 et
930 2202 1040 2278 fieret
1060 2202 1169 2279 fraus
1189 2201 1463 2278 constitutioni.
1487 2201 1529 2278 Si
1550 2211 1680 2279 autem
1699 2202 1814 2279 vellet

223 2324 421 2400 servitium
431 2323 564 2399 uxoris
577 2331 774 2398 attornare
786 2322 869 2396 viro
882 2347 951 2398 suo
964 2345 1043 2396 non
1055 2321 1212 2409 valeret,
1227 2346 1314 2396 cum
1328 2320 1456 2396 omnia
1470 2346 1554 2419 quae
1565 2321 1696 2396 uxoris
1711 2331 1813 2408 sunt,

223 2453 313 2520 sunt
333 2443 452 2542 ipsius
470 2442 555 2530 viri,
574 2466 644 2518 nec
661 2438 800 2518 habeat
820 2465 920 2515 uxor
939 2448 1171 2538 potestatem
1192 2439 1262 2528 sui,
1283 2440 1349 2515 sed
1369 2440 1438 2515 vir.
1460 2441 1520 2515 Et
1539 2438 1642 2516 unde
1662 2440 1815 2516 videtur

223 2561 326 2660 quod
341 2559 430 2637 talis
446 2559 603 2656 donatio
620 2558 746 2635 valere
762 2583 841 2634 non
858 2557 1006 2635 debeat.
1027 2558 1105 2635 Sed
1121 2567 1358 2657 praemortua
1373 2584 1494 2636 uxore
1511 2584 1599 2635 cum
1617 2558 1675 2635 vir
1694 2559 1813 2636 fuerit

223 2679 264 2756 in
284 2679 532 2779 possessione,
554 2679 585 2754 si
606 2678 770 2755 donator
790 2677 946 2776 petierit
966 2678 1027 2754 vel
1049 2678 1128 2755 eius
1149 2678 1257 2755 heres
1280 2677 1446 2754 obstabit
1469 2679 1617 2776 petenti
1638 2678 1814 2777 exceptio

224 2798 451 2874 donationis.
471 2797 514 2874 Si
528 2806 658 2874 autem
675 2804 797 2886 extra,
814 2796 907 2872 vix²²
925 2823 995 2895 per
1012 2797 1200 2873 actionem
1216 2795 1413 2872 obtinebit.
1433 2796 1476 2872 Si
1494 2805 1623 2874 autem
1639 2796 1699 2872 vir
1716 2821 1812 2896 prae·

222 2916 421 3006 moriatur,
444 2916 549 2993 non¹⁸
574 2915 730 2992 dabitur
751 2917 881 2991 heredi
905 2942 974 2992 suo
997 2916 1095 2991 actio
1120 2941 1168 2990 ex
1192 2940 1268 3013 quo
1291 2941 1391 2992 uxor
1413 2940 1625 3014 numquam
1647 2916 1813 2992 mutavit

223 3045 369 3113 statum
386 3061 509 3112 suum.
531 3035 610 3112 Sed
627 3044 709 3112 esto
726 3037 830 3135 quod
848 3043 1004 3112 tantum
1020 3035 1091 3111 fiat
1110 3035 1266 3111 donatio
1284 3035 1396 3110 uxori
1416 3036 1496 3112 sine
1515 3035 1597 3110 viro
1616 3061 1687 3134 per
1707 3061 1746 3112 se
1765 3034 1813 3111 de

223 3163 328 3231 terra
348 3180 465 3252 quam
485 3154 525 3230 in
546 3154 636 3231 dote
656 3155 834 3244 tenuerit,
856 3154 953 3231 bene
972 3153 1075 3230 valet
1096 3162 1134 3230 et
1153 3163 1261 3231 tenet
1282 3153 1450 3243 donatio,
1472 3155 1579 3232 facta
1598 3153 1813 3231 mutatione

223 3274 270 3350 de
287 3272 407 3350 libero
424 3281 644 3351 tenemento
661 3299 783 3372 usque
800 3272 841 3348 in
859 3273 1028 3349 feodum.
1051 3273 1093 3348 Si
1112 3281 1242 3349 autem
1260 3273 1413 3372 utrique
1431 3273 1585 3349 illorum
1605 3273 1675 3350 fiat
1695 3273 1812 3350 dona·

222 3391 289 3481 tio,
305 3402 345 3469 et
358 3418 492 3468 eorum
507 3391 708 3469 heredibus
725 3392 912 3490 separatis
928 3392 990 3467 vel
1006 3392 1282 3481 communibus,
1299 3393 1394 3469 bene
1411 3392 1514 3469 valet
1532 3391 1689 3470 donatio
1707 3393 1814 3469 facta

221 3510 435 3588 mutatione
451 3536 574 3587 causae
591 3510 848 3610 possessionis.

323 3631 370 3710 Si
382 3631 454 3729 fiat
469 3630 627 3707 donatio
642 3629 801 3707 alicuius
816 3630 872 3706 rei
887 3639 1050 3729 eccepto
1064 3629 1193 3729 atiquo
1207 3638 1331 3729 parte.

224 3749 253 3825 f.
268 3749 363 3842 aab]
420 3751 532 3825 Iram
553 3749 599 3824 fit
621 3748 777 3823 donatio
799 3747 957 3824 alicuius
977 3749 1032 3825 rei
1053 3758 1216 3846 excepta
1237 3748 1366 3848 aliqua
1386 3758 1499 3848 parte
1520 3757 1637 3838 certa,
1660 3758 1699 3826 et
1719 3759 1813 3826 tune

223 3868 345 3944 refert
365 3876 499 3944 utrum
518 3893 610 3966 pars
631 3867 697 3943 illa
716 3867 932 3965 excipiatur
951 3867 992 3942 in
1011 3866 1120 3943 initio
1140 3867 1374 3944 donationis:
1395 3877 1440 3944 ut
1461 3869 1493 3944 si
1513 3869 1615 3944 dicat
1637 3870 1813 3956 donator,

223 3989 290 4063 Do
310 3986 380 4065 tibi
399 3986 476 4063 tate
494 3986 707 4064 maneriam
727 4011 814 4062 cant
831 3986 1087 4086 pertinentiis,
1107 4012 1177 4084 per
1195 3985 1273 4061 haec
1293 3986 1410 4062 verba
1429 3987 1667 4063 transfertur
1686 3996 1814 4064 totum

223 4106 448 4183 manerium.
474 4107 533 4181 Et
558 4129 646 4181 cum
671 4104 790 4182 addat
815 4114 854 4182 et
879 4104 982 4181 dicat
1006 4104 1270 4193 incontinenti,
1297 4113 1460 4203 eccepto
1485 4105 1555 4182 tali
1579 4114 1705 4204 porte,
1730 4104 1815 4183 ita¹⁴

223 4235 334 4301 extra
359 4225 539 4324 capitur²⁶
565 4249 657 4323 pars
682 4222 750 4300 illa
775 4233 865 4322 post
891 4224 1137 4301 donationem
1163 4224 1336 4322 quamvis
1365 4233 1456 4300 ante
1481 4223 1739 4300 traditionem.
1770 4224 1813 4300 Si

224 4353 354 4421 autem
372 4344 426 4420 sic
444 4344 557 4431 dicat,
577 4345 644 4419 Do
663 4341 733 4421 tibi
753 4343 829 4420 tole
848 4343 1061 4418 manerium
1080 4367 1167 4418 corn
1186 4341 1441 4441 pertinentiis,
1462 4351 1613 4419 retenta
1633 4342 1724 4420 mibi
1744 4342 1815 4420 tati

222 4473 348 4562 parte,
366 4461 428 4539 vel
444 4463 563 4550 salva,
582 4462 687 4538 aliud
705 4462 790 4550 erit,
809 4461 900 4560 quia
918 4462 957 4536 in
975 4462 1046 4538 hoc
1065 4486 1155 4537 casu
1176 4461 1269 4537 nihil
1288 4462 1477 4538 transfert
1498 4463 1547 4557 ad
1568 4462 1814 4539 donatarium

223 4581 295 4658 nisi
313 4582 353 4657 id
369 4589 525 4658 tantum
542 4581 647 4679 quod
663 4580 868 4658 transferri
886 4579 1019 4669 voluit,
1039 4589 1077 4657 et
1095 4579 1189 4654 illa¹⁰
1209 4605 1300 4678 pars
1320 4579 1463 4678 quam²²
1484 4581 1643 4658 retinuit
1663 4607 1814 4680 semper

223 4724 312 4777 cum
330 4727 375 4777 eo
394 4709 452 4778 est
471 4708 617 4776 etcum
636 4726 681 4776 eo
701 4699 789 4775 fuit.
810 4700 869 4776 Et
888 4699 992 4776 unde
1013 4698 1043 4776 si
1063 4698 1171 4775 heres
1193 4699 1389 4777 donatoris
1411 4709 1546 4798 postea
1567 4700 1813 4778 donationem

223 4819 519 4908 confirmaverit,
540 4815 661 4895 nihil¹⁸
681 4818 885 4894 confirmat
906 4815 1135 4894 donatario¹⁹
1156 4816 1229 4893 nisi
1249 4843 1331 4893 rem
1351 4817 1457 4894 illam
1478 4819 1688 4896 secundum
1710 4820 1813 4919 quod

223 5023 402 5102 ⁹seisinam,
423 5026 487 5086 LA.
530 5024 667 5086 ¹⁰virum
688 5045 785 5100 auum,
805 5025 845 5100 V,
866 5024 935 5098 OB,
956 5024 1032 5099 MA,
1054 5025 1130 5098 ΜΒ,
1151 5024 1190 5084 Υ.
1232 5022 1259 5057 ¹²
1270 5022 1396 5084 donatio
1418 5044 1483 5102 quoe
1504 5031 1563 5099 est,
1584 5025 1624 5100 V,
1646 5025 1713 5099 OC,
1735 5025 1813 5099 MG,

224 5126 298 5187 CM.
341 5125 437 5199 ²²vir,
458 5127 498 5200 V,
520 5126 596 5203 MA,
618 5127 657 5186 Y.
701 5124 820 5201 1⁸Om.,
843 5125 912 5199 OB,
936 5126 1012 5198 ΜΒ,
1035 5126 1075 5201 Y,
1101 5124 1157 5202 (-Ι-
1171 5124 1267 5202 ΜΑ).
1312 5122 1379 5159 ²²²²²
1390 5130 1434 5186 ita
1456 5133 1546 5186 extra
1569 5131 1722 5204 capiatur,
1745 5127 1813 5201 OC,

225 5227 301 5301 MA,
318 5227 394 5300 ΜΒ,
409 5228 455 5299 Υ;
473 5231 517 5287 ita
533 5231 697 5305 excipitur,
714 5227 792 5302 MG,
809 5228 889 5300 CM;
907 5230 951 5286 ita
968 5233 1056 5287 extra
1072 5231 1205 5304 capitur,
1222 5226 1262 5300 V,
1279 5225 1347 5303 OA,
1365 5227 1431 5302 LA,
1450 5227 1516 5303 ΟΕ,
1535 5229 1607 5290 MC.
1646 5227 1673 5262 ¹⁰
1684 5233 1729 5290 ita
1746 5229 1812 5304 illa,

223 5327 268 5401 V;
286 5333 343 5404 ita,
358 5329 439 5402 CM3
456 5329 523 5405 illa,
540 5327 609 5404 OA,
627 5329 693 5402 ΟΕ,
712 5330 788 5403 ΜΒ,
805 5328 845 5402 Y,
863 5329 942 5402 MC;
962 5334 1012 5403 ia,
1030 5329 1099 5405 OB,
1117 5328 1184 5401 OC,
1202 5328 1285 5400 MG;
1304 5349 1374 5402 om„
1391 5328 1457 5389 LA.
1497 5327 1562 5364 '''''
1575 5331 1607 5392 id
1626 5330 1717 5408 quod,
1736 5332 1810 5392 MA.

224 5426 380 5490 ²⁸·10nihil
395 5429 481 5492 aliud
496 5430 658 5492 confirmat
674 5451 731 5509 per
747 5429 833 5489 illam
852 5427 1086 5509 generalitatem
1103 5428 1277 5504 donatario,
1294 5429 1334 5504 V,
1351 5428 1419 5492 OB.
