4432 6340
397 470 471 538 222
930 463 1153 526 BRACTON:
1175 465 1237 526 DE
1260 465 1453 528 LEGIBUS

396 613 502 713 quod
518 613 729 690 includitur
746 639 834 691 cum
849 613 1022 712 gardinis
1040 625 1079 692 et
1096 612 1266 692 vivariis:
1285 615 1342 692 ita
1357 624 1490 693 tamen
1505 616 1610 716 quod
1628 617 1736 694 facta
1752 617 1990 717 partitione‘

397 730 678 830 primogenitus
695 731 757 808 vel
774 731 1034 832 primogenita
1050 734 1189 811 habeat
1207 733 1431 811 electionem
1449 743 1613 834 propter
1630 735 1858 814 aesnesciam.
1877 737 1989 815 Divi·

397 848 504 926 ditur
521 848 650 925 enim¹⁵
667 851 898 950 quandoque
917 851 1007 927 aula
1023 851 1064 927 in
1082 853 1179 930 duas
1196 860 1328 952 partes
1346 853 1408 929 vel
1426 853 1570 953 plures,
1589 855 1819 955 quandoque
1838 880 1990 935 camera

397 966 583 1044 dividitur
604 969 654 1044 ab
676 967 778 1058 aula,
802 978 841 1046 et
864 969 917 1046 sic
939 967 1037 1046 fiat¹⁸
1060 970 1108 1048 de
1131 969 1307 1071 pluribus
1332 971 1507 1049 domibus
1530 973 1572 1048 in
1595 971 1702 1049 curia
1725 973 1987 1053 existentibus.

398 1085 514 1163 Uxor
529 1095 661 1163 autem
675 1097 766 1185 post
779 1096 943 1165 mortem
958 1087 1030 1164 viri
1045 1088 1104 1166 sui
1120 1088 1160 1164 in
1176 1088 1435 1188 assignatione
1451 1089 1552 1167 dotis
1568 1090 1662 1168 nihil
1678 1092 1805 1191 capiet
1821 1094 1870 1170 de
1885 1095 1988 1195 capi·
2054 1091 2064 1106 '

397 1206 466 1282 tali
485 1206 682 1305 mesuagio
701 1231 790 1282 cum
807 1206 1010 1284 heredibus
1029 1206 1205 1306 pluribus
1224 1208 1286 1284 vel
1304 1233 1395 1297 uno,
1415 1208 1481 1284 ubi
1501 1235 1580 1284 non
1601 1209 1721 1288 fuerit
1740 1211 1813 1288 nisi
1834 1213 1989 1289 unicum

397 1324 563 1425 capitale
583 1325 836 1423 mesuagium,
858 1325 925 1402 aed
946 1325 1101 1402 habebit
1122 1325 1345 1404 electionem
1367 1327 1416 1403 de
1438 1351 1516 1404 uno
1538 1328 1735 1428 mesuagio
1757 1331 1862 1429 quod
1884 1342 1987 1410 tene·

397 1451 464 1519 tur
478 1443 519 1519 in
532 1443 749 1542 villenagio.
768 1443 811 1520 Si
827 1453 957 1521 autem
973 1443 1124 1522 nullum
1138 1444 1216 1521 tale
1233 1443 1364 1534 luerit,
1379 1455 1474 1523 tunc
1490 1445 1709 1544 assignetur
1726 1448 1760 1524 ei
1776 1447 1860 1524 loco
1876 1449 1989 1525 cirria

398 1565 448 1640 ad
468 1562 677 1641 valentiam
695 1562 819 1640 tertiae
839 1562 963 1661 partis
982 1562 1158 1663 capitalis
1179 1563 1378 1661 mesuagii,
1400 1564 1440 1639 in
1460 1564 1585 1641 latum
1604 1575 1644 1642 et
1665 1564 1733 1642 in²¹
1755 1566 1927 1666 longum,
1950 1577 1989 1645 et

397 1683 648 1760 aedificabitur
668 1682 716 1760 de
738 1681 947 1758 communi:
970 1690 1010 1759 et
1030 1681 1101 1757 hoc
1122 1680 1196 1758 erit
1216 1681 1288 1758 nisi
1310 1681 1480 1780 ubique²⁸
1501 1682 1637 1761 dotata
1660 1684 1781 1760 luerit
1803 1687 1851 1763 de
1872 1686 1990 1763 tertia

398 1815 522 1904 parte,
536 1815 575 1883 et
589 1805 621 1883 si
634 1803 746 1881 aliter
760 1802 858 1880 fiat¹⁰
873 1802 1114 1902 quandoque,
1128 1803 1199 1879 hoc
1213 1826 1292 1879 non
1306 1803 1380 1880 erit
1394 1803 1442 1881 de
1456 1804 1539 1880 iure
1554 1805 1621 1882 sed
1636 1806 1685 1882 de
1699 1806 1827 1903 gratia
1841 1807 1902 1883 vel
1919 1834 1989 1907 per

396 1926 668 2025 ignorantiam.
689 1925 775 2002 Nec
793 1924 909 2002 etiam
928 1922 1073 2024 aliquid
1091 1925 1222 2022 capiat
1241 1925 1289 2001 de
1309 1925 1558 2003 advocatione
1577 1926 1822 2003 ecclesiarum
1841 1927 1989 2004 ratione

397 2047 520 2124 tertiae
538 2046 661 2146 partis
679 2071 755 2123 suae
772 2070 851 2121 non
867 2044 991 2142 magis
1009 2070 1125 2144 quam
1144 2045 1192 2122 de
1208 2045 1417 2143 mesuagio,
1436 2045 1509 2122 nisi
1528 2047 1631 2123 forte
1649 2047 1785 2126 dotata
1803 2048 1922 2125 fuerit
1940 2047 1989 2124 de

398 2166 526 2267 aliquo
545 2167 717 2243 manerio
737 2163 915 2263 integrc¹⁰
935 2190 1023 2241 cum
1043 2165 1297 2265 pertinentiis,
1318 2166 1427 2242 nulla
1448 2167 1555 2244 lacta
1576 2168 1812 2266 exceptione,
1833 2169 1895 2244 vel
1916 2169 1989 2254 nisi

396 2289 438 2364 in
453 2288 725 2365 constitutione
742 2287 842 2364 dotis
858 2286 1040 2363 adiuncta
1057 2287 1176 2363 fuerit
1194 2286 1409 2387 specialiter
1427 2287 1627 2364 advocatio
1645 2313 1716 2364 sua
1731 2289 1855 2366 tertiae
1874 2288 1987 2388 parti.

396 2409 463 2486 De
483 2408 553 2485 hoc
574 2415 704 2484 autem
725 2408 829 2507 quod
850 2407 991 2484 dicitur
1011 2408 1115 2506 quod
1136 2408 1184 2484 de
1206 2407 1323 2484 feodo
1342 2407 1500 2484 militari
1521 2410 1682 2486 veniunt
1703 2409 1744 2483 in
1765 2408 1988 2487 divisionem

398 2529 428 2605 f.
442 2536 466 2610 7
468 2527 537 2622 6b]
593 2529 774 2628 capitalia
794 2527 1002 2626 mesuagia
1024 2539 1063 2605 et
1082 2529 1183 2604 inter
1204 2527 1406 2605 coheredes
1427 2527 1664 2619 dividuntur,
1684 2529 1755 2606 hoc
1775 2555 1911 2607 verum
1931 2538 1989 2607 est

397 2650 470 2728 nisi
488 2650 652 2750 capitale
670 2650 911 2749 mesuagium
928 2649 1024 2726 illud
1043 2651 1092 2726 sit
1111 2658 1229 2748 caput
1249 2650 1453 2727 comitatus
1473 2657 1636 2749 propter
1655 2650 1714 2727 ius
1733 2650 1864 2748 gladii,
1884 2653 1988 2750 quod

398 2771 515 2848 dividi
532 2797 610 2847 non
628 2770 751 2860 debet,
769 2771 830 2848 vel
847 2781 965 2870 caput
983 2770 1161 2858 baroniae,
1180 2779 1361 2859 castrum,
1378 2770 1439 2846 vel
1459 2769 1564 2846 aliud
1582 2769 1794 2848 aedificium.
1814 2771 1900 2847 Εἰ*
1918 2771 1989 2848 hoc

397 2892 549 2969 ideone
568 2893 599 2969 si
616 2902 735 2991 caput
753 2891 851 2991 per²²
870 2891 1001 2990 plures
1021 2890 1231 2990 particulas
1250 2881 1457 2980 dividatur,
1477 2900 1516 2968 et
1535 2889 1707 2990 pluries²⁸
1727 2892 1813 2968 iura
1831 2893 1988 2968 comita·

396 3022 509 3090 tuum
526 3022 565 3090 et
581 3013 829 3090 baroniarum
846 3013 1050 3090 deveniant
1067 3013 1117 3088 ad
1134 3012 1306 3101 nihilum,
1325 3039 1395 3111 per
1412 3014 1515 3111 quod
1533 3012 1687 3089 deficiat
1703 3038 1868 3111 regnum
1886 3015 1988 3112 quod

398 3159 446 3210 ex
463 3135 706 3212 comitatibus
724 3143 762 3210 et
778 3132 944 3211 baroniis
963 3133 1103 3210 dicitur
1119 3159 1201 3210 esse
1217 3135 1481 3211 constitutum.
1503 3132 1545 3209 Si
1563 3140 1692 3210 autem
1710 3133 1825 3232 plura
1842 3132 1919 3211 sint
1936 3133 1988 3209 ibi

365 3245 367 3253 Α
397 3253 556 3330 aedifieia
571 3280 656 3354 quae
672 3264 762 3332 sunt
778 3254 908 3353 capita
923 3253 1101 3343 baroniae,
1119 3252 1236 3330 dividi
1253 3263 1416 3353 possunt
1432 3253 1534 3329 inter
1550 3255 1751 3331 coheredes
1770 3255 1878 3331 facta
1893 3253 1987 3332 elec·

396 3375 502 3452 tione
521 3374 627 3451 salvo
647 3375 729 3452 iure
750 3375 943 3464 aesnescioe,
966 3373 1082 3474 quia¹⁴
1103 3375 1191 3451 cum
1212 3375 1327 3473 plura
1348 3376 1424 3452 sint
1445 3375 1497 3451 ibi
1519 3374 1616 3464 iura,
1639 3375 1835 3473 quodlibet
1856 3401 1989 3474 perse

398 3499 548 3597 integre
569 3496 712 3596 poterit
734 3495 938 3585 observari,
959 3496 1064 3595 quod
1086 3495 1240 3594 quidem
1261 3520 1340 3571 non
1361 3503 1419 3572 est
1440 3496 1481 3571 in
1502 3522 1581 3571 uno
1602 3505 1647 3572 ut
1669 3496 1896 3594 praedictum
1917 3506 1988 3585 est,

397 3619 486 3697 licet
504 3645 528 3695 a
547 3615 775 3718 quibusdam
795 3617 945 3694 dicatur
966 3617 1069 3716 quod
1087 3617 1129 3693 in
1148 3616 1230 3694 aliis
1251 3616 1470 3715 regionibus
1491 3616 1698 3715 aliquando
1718 3618 1766 3692 de
1786 3625 1988 3693 consuetu·

398 3738 487 3814 dine
510 3736 716 3814 dividatur.
744 3737 822 3812 Sed
847 3738 950 3835 quod
973 3735 1091 3811 dividi
1115 3760 1194 3811 non
1218 3735 1366 3825 debeat,
1391 3760 1602 3833 numquam
1626 3735 1667 3811 in
1690 3734 1840 3833 Anglia
1864 3735 1989 3812 visum

398 3857 503 3934 fuit²⁵
527 3857 774 3935 contrarium.
800 3857 859 3932 Et
882 3857 955 3933 erit
979 3857 1216 3933 consuetudo
1239 3854 1406 3953 regionis
1432 3855 1681 3943 observanda,
1706 3854 1772 3932 ubi
1797 3855 1989 3932 hereditas

398 3977 483 4056 est²⁰
498 4003 582 4078 quae
595 3979 744 4079 petitur
758 3988 796 4055 et
810 4002 983 4077 personae
996 3986 1209 4053 nascuntur
1225 4001 1308 4075 quae
1323 3983 1481 4074 petunt:
1497 3984 1536 4052 et
1551 3976 1656 4052 unde
1671 3975 1703 4050 si
1719 3974 1870 4052 dicatur
1884 3976 1989 4074 quod

397 4104 438 4180 in
454 4101 603 4200 regn0''
619 4099 776 4199 Angliae
794 4097 1027 4199 aliquando¹⁸
1045 4099 1152 4175 lacta
1170 4094 1275 4173 fuit²⁹
1292 4094 1463 4195 partitio,
1481 4095 1552 4171 hoc
1571 4095 1648 4172 fuit
1667 4095 1863 4172 iniustum.
1884 4096 1990 4173 Item

396 4225 557 4302 veniunt
571 4224 656 4299 iura
671 4223 712 4297 in
727 4219 962 4306 divisionem,
976 4242 1099 4293 unum
1113 4216 1174 4292 vel
1189 4213 1316 4314 plura,
1333 4215 1399 4290 sed
1415 4223 1546 4290 tamen
1562 4238 1641 4290 non
1656 4213 1882 4290 dividuntur
1897 4213 2008 4313 quia·

397 4343 621 4419 divisionem
639 4364 717 4416 non
735 4337 937 4435 recipiunt,
957 4335 1054 4412 sicut
1071 4344 1162 4411 sunt
1180 4333 1447 4410 advocationes
1466 4332 1710 4409 ecclesiarum
1728 4342 1766 4410 et
1786 4332 1988 4409 servitutes

396 4459 640 4561 praediorum.
663 4459 803 4534 Plures
825 4455 926 4532 enim
947 4455 1215 4530 advocationes
1237 4451 1356 4528 dividi
1376 4460 1539 4551 possunt
1561 4451 1663 4528 inter
1684 4451 1815 4550 plures
1837 4451 1987 4527 cohere-

397 4677 424 4714 ¹⁴
436 4680 687 4758 participatione,
710 4674 804 4736 MSS.
826 4694 892 4734 var.
936 4671 1087 4747 ²⁸autem,
1111 4671 1188 4745 MG,
1212 4671 1252 4746 Y,
1274 4669 1348 4729 CM.
1393 4666 1497 4744 ²⁶fiet,
1520 4668 1599 4744 MG,
1622 4667 1662 4742 Y,
1687 4667 1761 4742 CM,
1785 4667 1823 4729 V.
1869 4666 1988 4742 ²'0m.,

398 4782 467 4856 OB,
484 4780 551 4854 OC,
567 4779 607 4854 Y,
624 4778 701 4853 MG,
719 4777 799 4849 CM;
819 4775 869 4852 (in
883 4773 1050 4836 latitudine
1066 4779 1098 4833 et
1112 4769 1317 4852 longitudine,
1335 4769 1422 4848 OC).
1461 4766 1488 4804 ²⁸
1499 4767 1622 4847 ubique,
1639 4770 1706 4846 OC,
1724 4770 1801 4846 MA,
1819 4771 1895 4847 ΜΒ,
1914 4771 1988 4845 ΜΟ,

398 4883 465 4957 CE,
481 4881 521 4956 Y,
540 4881 619 4954 CM;
636 4879 828 4956 ubicumque,
845 4876 920 4949 OB;
936 4874 1000 4950 ubi,
1018 4875 1102 4947 MG;
1120 4873 1173 4935 ubi
1190 4871 1313 4950 ubique,
1331 4871 1400 4946 OA,
1417 4872 1490 4945 LA;
1507 4871 1620 4951 ubique
1637 4870 1701 4945 ubi,
1718 4871 1758 4934 V.
1797 4871 1824 4906 ²⁹
1836 4872 1901 4949 liet,
1919 4873 1988 4946 ΟΒ,

398 4985 475 5059 MA,
491 4983 566 5044 ΜΒ.
604 4981 631 5016 ²⁰
641 4985 775 5059 integro
792 4979 867 5053 MA,
883 4977 961 5052 MG,
977 4975 1022 5049 V;
1038 4995 1108 5051 om,
1125 4973 1200 5035 ΜΒ.
1238 4971 1304 5008 **·**
1315 4981 1347 5033 et
1363 4973 1432 5034 ideo
1448 4972 1506 5034 boc
1522 4973 1690 5036 cavendum
1706 4994 1746 5034 ne
1763 4977 1804 5035 sit
1820 4994 1888 5053 per,
1906 4975 1987 5047 MA;

398 5093 430 5146 et
446 5084 505 5146 hoc
520 5083 590 5144 ideo
607 5102 648 5143 ne
665 5087 707 5142 sit
723 5078 891 5140 cavendum
908 5097 976 5156 per,
996 5076 1078 5149 MB;
1096 5095 1136 5135 ne
1156 5081 1289 5137 castrum
1309 5079 1350 5136 sit
1368 5094 1425 5153 per
1444 5073 1535 5151 tales,
1554 5076 1621 5138 ΟΒ.
1663 5074 1803 5154 ”,plura
1822 5076 1889 5151 OC,
1910 5077 1988 5151 MG,

398 5184 496 5246 Μ
507 5203 583 5264 que,
596 5183 665 5256 ΟΒ,
678 5180 754 5255 MA,
767 5181 848 5242 ΜΒ·
840 5181 924 5258 ,qui,
936 5177 1019 5239 Μ
1021 5177 1103 5254 ‘est
1116 5177 1155 5251 Y,
1168 5178 1248 5250 CM;
1261 5183 1392 5250 nonest,
1406 5178 1488 5250 MG;
1501 5179 1746 5252 viaumestluit,
1759 5177 1883 5240 ΜΒ.*
1885 5177 1989 5253 *.,Οπι

399 5289 467 5362 ΟΒ,
485 5286 562 5360 MA,
580 5286 657 5360 ΜΒ,
674 5284 714 5360 Υ,
732 5282 800 5357 ΟΕ,
818 5281 896 5355 ΜΟ,
915 5278 1041 5342 MC.²
1043 5277 1204 5359 regione,
1223 5278 1292 5352 OB,
1311 5280 1387 5355 MA,
1406 5278 1535 5340 ΜΒ.*
1536 5277 1767 5359 ⁸'²⁹aliquando
1786 5281 1893 5357 luerit,
1913 5281 1989 5356 MA,

399 5389 475 5463 ΜΒ,
491 5385 558 5448 ΟΒ.
