4394 6342
617 505 678 564 DE
701 502 1003 576 ADQUIRENDO
1026 503 1184 565 RERUM
1207 503 1409 565 DOMINIO
1760 512 1807 578 51

219 657 363 734 tionem
383 658 463 732 veri
482 655 631 733 heredis
650 654 768 755 post⁸⁴
787 663 952 732 mortem
972 655 1219 733 antecessoris
1239 680 1328 731 cum
1349 653 1410 730 ei⁸⁵
1431 655 1490 731 ius
1511 655 1749 733 descenderit
1770 665 1809 734 et

219 804 298 855 non
316 787 417 868 ante,
436 787 482 854 ut
499 777 644 867 infra,⁸⁰
663 777 791 854 valida
809 777 971 854 efficitur
990 789 1029 855 et
1049 776 1266 865 firmatur‚⁸⁷
1287 777 1377 876 quia
1396 777 1637 854 confirmatio
1656 803 1809 855 omnem

218 901 375 1000 supplet
395 899 633 977 defectum.⁰⁸
654 901 757 977 Item
776 901 825 975 ab
844 899 953 976 initio
974 901 1118 998 poterit
1136 925 1217 976 esse
1238 901 1424 999 perfecta,
1445 908 1636 977 ettamen
1654 899 1695 977 in
1715 925 1808 1000 pen·

219 1023 325 1100 denti
343 1023 416 1100 erit
434 1023 554 1099 donec
570 1021 668 1122 per⁸⁹
686 1021 1022 1099 ratihabitionem⁴⁰
1040 1023 1301 1111 confirmetur,
1320 1032 1365 1099 ut
1383 1022 1414 1099 si
1432 1021 1557 1098 minor
1576 1023 1670 1100 dum
1689 1022 1809 1099 fuerit

219 1145 324 1222 infra
339 1154 492 1222 aetatem
509 1145 755 1221 donationem
772 1144 918 1233 fecerit,
936 1144 977 1220 in
993 1145 1177 1242 pendenti
1194 1145 1267 1221 erit
1285 1145 1453 1234 donatio,
1473 1170 1670 1244 quousque
1687 1145 1810 1221 maior

151 1305 153 1308 ·
219 1268 346 1344 factus
368 1291 440 1366 per
460 1266 769 1343 ratihabitionem
790 1266 896 1342 illam
918 1266 1212 1355 confirmaverit,
1235 1269 1296 1343 vel
1319 1292 1390 1365 per
1411 1266 1631 1365 integram⁴²
1654 1267 1807 1344 restitu-

217 1387 362 1464 tionem
378 1386 485 1463 illam
501 1386 747 1475 revocaverit,
765 1385 831 1461 et⁴²
848 1384 888 1461 in
904 1384 1036 1462 multis
1056 1385 1137 1462 aliis
1156 1385 1344 1462 casibus.⁴⁸

319 1511 419 1605 Qun
435 1511 580 1588 donne
597 1510 730 1609 possit.

220 1636 331 1711 Iram
347 1635 557 1713 videndum
574 1636 658 1734 quis
675 1637 818 1711 donare
836 1636 968 1734 possit,
987 1643 1027 1711 et
1043 1635 1127 1734 quis
1145 1661 1234 1710 non.
1254 1637 1312 1712 Et
1330 1636 1525 1712 sciendum
1543 1636 1647 1735 quod
1665 1637 1809 1712 donare

218 1766 346 1857 potest
363 1758 487 1835 omnis
505 1757 570 1857 qui
588 1758 714 1855 alege
732 1758 792 1834 vel
810 1757 892 1834 iure
910 1783 988 1833 nou
1006 1756 1271 1857 prohibetur.“
1289 1758 1552 1835 Donationem
1571 1784 1662 1834 vero
1680 1759 1809 1834 facere

218 1889 347 1978 potest
363 1881 428 1979 qui
445 1890 503 1958 est
518 1881 641 1956 maior
658 1888 697 1956 et
713 1879 836 1980 plenae
853 1880 976 1955 oetatis
995 1882 1041 1957 de
1060 1904 1299 1978 quocumque
1317 1889 1547 1968 tenemento,
1566 1881 1660 1956 dum
1676 1888 1809 1957 tamen

218 2004 267 2081 sit
280 2028 381 2081 sanae
393 2004 531 2080 mentis
545 2001 611 2079 et⁴⁵
625 2003 827 2092 inseisina,
841 2012 880 2080 et
893 2028 1023 2079 rerum
1037 2028 1194 2079 suarum
1207 2001 1411 2079 habuerit⁴⁰
1425 2001 1807 2078 administrationem.

220 2124 323 2201 Item
348 2124 524 2201 dominus
549 2124 604 2199 rei
629 2133 669 2200 et
693 2148 772 2200 uon
796 2122 985 2211 dominus,
1013 2147 1129 2199 senex
1155 2132 1193 2200 et
1219 2122 1525 2210 valitudinarius,
1551 2121 1742 2198 masculus
1769 2130 1808 2198 et

218 2242 375 2332 femina,
391 2242 488 2320 liber
504 2253 544 2322 et
560 2268 692 2319 servus
711 2242 928 2341 aliquando.
949 2243 1052 2317 Item
1069 2241 1262 2339 legitimus
1280 2249 1320 2318 et
1336 2240 1541 2318 bastardus
1560 2240 1600 2317 in
1618 2267 1687 2318 suo
1704 2265 1808 2328 casu,

217 2387 305 2439 cum
318 2362 475 2440 heredes
490 2364 537 2439 de
551 2387 712 2460 corpore
726 2389 795 2438 suo
809 2361 985 2439 habuerit
998 2362 1059 2438 vel
1074 2361 1300 2459 assignatos.
1318 2363 1421 2438 Item
1436 2371 1518 2438 tam
1532 2360 1596 2439 ille
1612 2360 1678 2459 qui
1693 2359 1809 2436 babet

218 2481 381 2559 libemm
407 2491 670 2559 tenementum
698 2480 796 2559 sicut
824 2482 875 2557 ad
902 2481 1022 2558 vitam
1049 2506 1170 2569 suam,
1200 2506 1316 2580 quam
1343 2480 1407 2557 ille
1436 2481 1501 2579 qui
1514 2475 1808 2581 ¹proprietatem

217 2599 332 2679 babet
358 2600 423 2677 ε41
450 2601 620 2678 feodum.
649 2602 752 2678 Item
777 2601 865 2678 lieet
890 2600 1054 2677 liberum
1078 2608 1341 2676 tenementum
1369 2625 1448 2676 non
1472 2600 1661 2689 habuerit,
1690 2601 1807 2676 dona·

217 2721 362 2797 tionem
386 2721 515 2797 facere
539 2719 683 2820 poterit
708 2719 804 2819 quis,
830 2722 923 2797 dum
947 2728 1079 2796 tamen
1104 2720 1144 2794 in
1170 2719 1308 2796 seisina
1333 2719 1452 2796 fuerit
1478 2719 1608 2818 aliqua
1632 2720 1735 2796 iusta
1760 2720 1808 2796 de

217 2865 344 2928 causa,
364 2841 462 2916 sicut
480 2840 530 2915 ad
546 2840 754 2915 terminum
774 2864 975 2927 annorum,
995 2838 1055 2914 vel
1074 2838 1223 2914 ratione
1241 2837 1432 2914 custodia.
1456 2837 1596 2914 Idem⁴⁸
1615 2839 1689 2915 erit
1709 2837 1807 2915 etsi⁴⁹

217 2958 365 3035 nullam
385 2959 528 3035 iustam
548 2983 703 3035 causam
724 2957 911 3046 habuerit,
933 2967 978 3034 ut
999 2957 1030 3034 si
1052 2983 1122 3056 per
1142 2957 1394 3034 intrusionem
1415 2958 1476 3033 vel
1498 2956 1745 3046 disseisinam‚
1769 2966 1807 3035 et

218 3102 307 3155 cum
328 3077 439 3156 sitin
460 3076 598 3154 seisina
619 3076 702 3154 aliis
725 3078 868 3154 donare
890 3076 1046 3176 poterit,
1068 3076 1157 3154 licet
1180 3102 1257 3152 nou
1278 3100 1367 3153 eum
1390 3076 1545 3166 effectu,
1567 3084 1608 3153 et
1631 3077 1713 3153 aliis
1737 3103 1808 3176 per

218 3197 464 3274 donationem
487 3198 616 3273 facere
637 3195 800 3273 liberum
822 3205 1085 3274 tenementum
1108 3197 1212 3295 quod
1236 3196 1390 3295 quidem
1412 3195 1495 3295 ipse
1518 3221 1596 3272 non
1619 3196 1806 3273 habuerit.

219 3317 248 3391 f.
265 3317 332 3410 12]
390 3317 493 3393 Item
515 3316 743 3392 convalescit
766 3315 922 3392 donatio
946 3317 1053 3392 iacta
1075 3342 1099 3391 a
1121 3315 1280 3404 furioso,
1304 3315 1401 3392 sicut
1425 3342 1448 3391 a
1471 3314 1628 3403 minore,
1653 3317 1684 3392 si
1708 3339 1809 3390 sanae

217 3434 355 3511 mentis
373 3434 535 3511 effectus
554 3433 699 3510 donum
715 3433 811 3510 illud
829 3433 1114 3511 confirmaverit
1131 3433 1192 3509 νε]
1210 3440 1340 3510 ratum
1357 3433 1545 3510 habuerit.
1566 3435 1670 3510 Item
1690 3435 1807 3510 dona·

218 3552 362 3630 tionem
387 3555 515 3630 facere
539 3555 683 3653 poterit
708 3579 757 3629 ex
782 3553 1056 3631 consuetudine
1081 3552 1236 3651 speciali
1261 3553 1324 3629 ille
1351 3553 1415 3651 qui
1442 3562 1499 3630 est
1525 3553 1630 3629 infra
1656 3562 1808 3631 aetatem

218 3672 331 3749 unius
354 3681 393 3749 et
415 3672 580 3749 vicesimi
603 3673 694 3747 anni
715 3673 756 3748 in
780 3698 881 3748 anno
903 3673 1025 3754 aetutis
1049 3697 1125 3747 suae
1148 3682 1257 3749 sexto
1278 3671 1437 3761 decimo,
1461 3673 1559 3750 sicut
1581 3673 1623 3749 in
1644 3672 1736 3749 villa
1759 3673 1807 3750 de

218 3790 452 3891 Cypevvike,1
470 3791 559 3890 quia
574 3792 625 3868 ibi
640 3801 769 3891 potest
784 3791 1030 3868 donationem
1046 3793 1174 3868 facere
1190 3791 1253 3868 ille
1269 3792 1334 3891 qui
1351 3801 1409 3869 est
1426 3791 1588 3869 sedecim
1605 3818 1806 3869 annorum.

319 3914 419 4008 Quis
435 3915 579 3993 donne
596 3939 675 3990 ooo
691 3915 825 4014 possit.

218 4039 330 4114 Iram
351 4039 435 4137 quis
455 4039 702 4116 donatiouem
723 4039 851 4115 facere
872 4064 950 4114 non
971 4047 1111 4138 potest.
1135 4039 1192 4115 Et
1214 4039 1409 4115 sciendum
1430 4040 1533 4138 quod
1555 4038 1807 4138 prohibentur

217 4157 463 4234 donationem
490 4159 617 4234 facere
643 4182 774 4234 omnes
801 4158 866 4257 qui
891 4156 1111 4256 generalem
1137 4166 1176 4234 et
1202 4157 1362 4234 liberam
1388 4183 1517 4234 rerum
1545 4183 1702 4234 suarum
1728 4183 1807 4233 non

158 4298 160 4302 ’
215 4275 358 4354 habent
376 4277 757 4366 administrationem,
776 4278 873 4354 sicut
890 4277 945 4352 illi
962 4276 1127 4354 minores
1146 4277 1212 4376 qui
1229 4287 1320 4354 sunt
1337 4277 1408 4354 sub
1425 4277 1549 4354 tutela
1567 4278 1627 4354 vel
1644 4302 1749 4366 cura,
1767 4287 1807 4355 et

218 4421 257 4472 se
281 4396 385 4494 ipsos
410 4421 544 4494 regere
568 4423 648 4473 non
672 4404 834 4472 norunt:
862 4396 1034 4494 accipere
1061 4404 1190 4473 autem
1216 4404 1402 4496 poterunt
1428 4403 1558 4473 tutore
1584 4406 1741 4474 auctore
1766 4406 1807 4474 et

215 4613 398 4678 ⁸⁴⁴⁸valida
423 4617 550 4678 efficitur
571 4661 579 4676 .
602 4661 610 4677 .
633 4661 640 4677 .
664 4616 790 4697 supplet
815 4615 971 4679 delectum
996 4625 1068 4696 post
1092 4623 1221 4677 mortem
1245 4623 1473 4678 antecessorum
1497 4637 1565 4678 cum
1591 4621 1635 4680 eia
1666 4616 1728 4697 (ei)
1758 4623 1805 4679 ius

216 4716 384 4778 descendat
397 4725 429 4779 et
440 4738 503 4778 non
516 4725 589 4779 ante
602 4726 637 4779 ut
650 4719 747 4794 inira,
761 4719 838 4794 MG,
851 4720 925 4780 ΟΜ.
961 4715 1120 4793 ⁸⁴·⁸⁰0m.,
1135 4719 1191 4778 LA
1209 4717 1354 4796 (marg.).
1391 4717 1484 4795 ⁸⁶eia,
1500 4718 1593 4782 MSS.
1609 4739 1674 4781 var.
1711 4717 1806 4794 ⁸⁰ita,

215 4817 285 4894 OB,
303 4820 380 4893 ΜΒ,
397 4820 476 4894 HA,
493 4827 524 4880 et
540 4823 596 4895 ita,
614 4821 652 4880 Y.
691 4818 718 4853 ⁸⁷
730 4819 938 4894 confirmatur,
955 4819 995 4894 V,
1013 4819 1081 4896 OB,
1100 4820 1177 4894 ΜΒ,
1195 4821 1268 4880 CM.
1307 4818 1374 4853 ⁸⁰⁴⁰
1385 4819 1615 4894 ratihabitione,
1634 4821 1711 4898 MG,
1731 4822 1804 4882 CM.

216 4918 288 4980 “iu
306 4924 474 4999 integrum,
495 4921 563 4996 OA,
584 4922 651 4996 LA,
672 4921 741 4995 OB,
762 4922 803 4993 Y,
825 4921 904 4993 MG;
926 4921 975 4982 vel
995 4925 1133 5000 mtegm,
1155 4921 1236 4994 MA;
1258 4923 1424 4999 iutegrum,
1446 4921 1511 4981 ΟΕ.
1555 4919 1713 4996 ⁴²¹⁴⁸Om.,
1736 4922 1806 4997 OB,

217 5022 294 5095 MA,
314 5022 390 5098 ΜΒ,
411 5023 477 5096 CB,
497 5023 536 5082 Y.
577 5020 797 5100 “prohibetur
816 5030 848 5083 et
868 5026 901 5082 in
919 5023 1024 5084 multia
1045 5021 1115 5084 aliis
1136 5021 1269 5098 casibus,
1289 5022 1359 5098 OB,
1380 5024 1456 5096 MA,
1478 5023 1554 5096 ΜΒ,
1576 5025 1650 5100 ΜΟ,
1671 5023 1737 5097 ΟΕ,
1759 5024 1805 5097 Υ;

216 5121 399 5201 prohibetur
415 5131 447 5183 et
462 5123 532 5184 aliia
548 5121 680 5197 casibus,
697 5124 771 5184 CM.
809 5121 928 5199 ⁴⁶Om.,
945 5123 1022 5197 MG,
1041 5124 1113 5184 CM.
1153 5121 1314 5199 ⁴⁶habeat,
1333 5124 1410 5197 MG,
1428 5123 1502 5184 ΟΜ.
1540 5122 1624 5198 ⁴⁷ut,
1642 5124 1711 5198 OB,
1730 5124 1805 5185 ΜΒ.

216 5221 244 5258 ⁴⁸
255 5228 339 5299 item,
356 5224 423 5299 LA,
439 5225 512 5284 MC.
549 5222 576 5256 ⁴⁹
587 5228 624 5299 si,
640 5225 680 5297 V,
695 5225 765 5300 OB,
782 5225 857 5287 MB.

300 5323 504 5404 ²Cypewilre,
528 5325 597 5398 OA,
623 5326 689 5400 LA,
714 5326 789 5400 CM,
813 5327 1077 5404 omnipatris,
1101 5326 1147 5398 Y;
1174 5325 1359 5405 Capevvylre‚
1386 5327 1467 5399 MB;
1494 5325 1697 5407 Sypevvycke,
1724 5328 1804 5400 MA;

217 5425 379 5506 Cypevvssr,
400 5427 473 5498 OC;
497 5425 691 5506 Cripewyke,
714 5427 786 5500 CE;
808 5426 1020 5505 GIppesvilse,
1044 5427 1127 5501 MG;
1151 5426 1325 5506 Gypevvyk,
1349 5428 1423 5500 HA,
1447 5428 1510 5488 MC
1538 5427 1595 5505 (i).
