4394 6342
387 509 437 576 40
917 499 1140 562 paneros:
1162 499 1223 562 nn
1248 499 1440 564 Lnorrus

386 649 520 728 mare⁸¹
537 659 577 727 et
592 650 707 728 litora
722 651 851 740 maris,
868 651 976 750 quasi
992 649 1118 727 mari⁶⁸
1136 651 1354 728 accessoria.
1374 651 1501 728 Nemo
1518 649 1666 748 igitur'⁸
1684 652 1735 727 ad
1752 650 1844 727 litus
1862 650 1979 727 maris

388 771 566 849 accedere
592 770 829 871 prohibetur,
856 771 950 848 dum
975 779 1107 847 tamen
1131 769 1231 848 villis
1258 780 1297 848 et
1323 769 1489 847 edificiis
1516 770 1719 858 obstineat,
1747 770 1838 869 quie
1864 769 1980 846 litora

388 891 494 967 non⁵⁴
516 900 607 968 sunt
626 889 709 967 iure
729 890 905 989 gentium
925 889 1142 967 eommunia
1163 890 1262 967 sicut
1283 889 1350 966 et⁵⁵
1372 916 1489 966 mare.
1514 892 1641 968 Immo
1663 890 1833 980 aedificia,
1857 889 1916 966 si⁸⁰
1938 879 2000 968 in

388 1010 418 1087 f.
434 1012 478 1105 8]
533 1012 630 1086 mari
651 1011 729 1088 sive
749 1011 789 1086 in
808 1007 947 1086 litore⁸²
968 1008 1095 1110 posita
1116 1009 1274 1099 fuerint,
1296 1009 1567 1087 aedificantium
1587 1011 1691 1087 sunt¹
1714 1011 1762 1087 de
1781 1011 1865 1087 iure
1885 1036 1979 1109 gen·

387 1131 498 1220 tium,
518 1131 633 1208 etita
652 1130 693 1206 in
710 1130 781 1206 hoc
801 1155 893 1206 casu
912 1129 1037 1206 solum
1056 1129 1158 1205 cedit
1178 1130 1348 1219 aedificio,
1369 1129 1458 1208 licet
1480 1129 1583 1206 alibi²
1605 1130 1853 1218 contrarium,
1875 1129 1979 1229 quod

388 1249 589 1328 edificium
604 1249 704 1326 cedit
720 1250 812 1328 solo.

489 1374 680 1468 Quodam
694 1373 869 1474 pobtcae.
921 1442 925 1448 .

387 1501 579 1576 Pnnnrcs
592 1525 684 1575 vero
700 1508 791 1575 sunt
806 1499 934 1575 omnis
949 1498 1111 1575 flumina
1127 1508 1165 1576 et
1182 1508 1330 1598 portus.
1350 1498 1521 1598 Ideoque
1537 1499 1596 1576 ius
1613 1498 1787 1599 piscandi
1803 1500 1979 1577 omnibus

388 1644 589 1697 commune
609 1618 728 1696 estin
747 1628 864 1718 portu
886 1628 926 1695 et
946 1619 987 1694 in
1007 1617 1239 1695 fluminibus.
1262 1618 1457 1719 Riparum
1476 1619 1594 1696 etiam
1615 1645 1707 1696 usus
1728 1618 1918 1718 publicus⁸
1940 1627 1979 1696 et

387 1738 496 1815 iuris⁴
515 1739 691 1838 gentium
712 1738 810 1816 sicut
830 1737 951 1838 ipsius
972 1737 1152 1815 fluminis.
1176 1739 1316 1837 Iteque
1338 1764 1454 1815 naves
1478 1739 1612 1816 adeas
1634 1739 1842 1839 applicare,
1865 1740 1979 1816 funes

388 1859 587 1937 arboribus
607 1858 659 1934 ibi
677 1858 778 1935 natis
797 1858 972 1955 religare,
993 1883 1090 1935 onus
1111 1857 1266 1957 aliquod
1286 1858 1327 1934 in
1345 1857 1403 1934 his
1422 1883 1621 1958 reponere,
1642 1858 1796 1936 cuilibet
1817 1857 1980 1935 liberum

388 1990 446 2056 est
467 1979 578 2056 sicuti
599 2004 672 2079 per
692 1978 820 2078 ipsum
842 1977 988 2056 flumen
1009 1977 1204 2075 navigare.
1230 1978 1309 2054 Sed
1332 1977 1551 2078 proprietas
1573 1976 1720 2054 esrum⁸
1744 1985 1803 2054 est
1825 1977 1979 2054 illorum

389 2124 554 2198 quorum
580 2097 733 2198 proediis
761 2097 967 2186 adherent,
994 2106 1033 2175 et
1061 2097 1195 2173 eadem
1223 2095 1285 2173 de⁸
1311 2119 1428 2173 causa
1455 2095 1612 2174 arbores
1639 2095 1681 2173 in
1707 2096 1850 2173 eisdem
1878 2105 1979 2172 natae

388 2218 598 2295 eorundem
618 2226 720 2294 sunt.
742 2217 801 2294 Et
820 2216 898 2292 haec
918 2215 1178 2313 intellegenda
1198 2225 1289 2294 sunt
1311 2217 1359 2293 de
1379 2215 1601 2293 fluminibus
1622 2215 1866 2315 perennibus,
1890 2216 1980 2314 quie

386 2338 618 2436 temporalia
635 2345 799 2435 possunt
817 2361 898 2413 esse
917 2334 1081 2436 privata.
1101 2334 1265 2412 Publica
1285 2344 1415 2412 autem
1434 2337 1490 2412 ita
1510 2334 1763 2434 accipiuntur,
1783 2361 1868 2435 quae
1888 2345 1979 2414 sunt

389 2456 560 2533 omnium
584 2457 831 2557 populorum,
855 2455 908 2531 id'
934 2452 1006 2532 est⁸
1031 2454 1134 2554 quod
1160 2453 1351 2554 spectant⁹
1376 2455 1427 2532 ad
1451 2480 1565 2531 usum
1589 2454 1787 2532 hominum
1811 2464 1977 2533 tantum.

390 2576 621 2654 Communia
635 2601 726 2652 vero
741 2575 814 2652 dici
829 2583 1014 2674 potenrnt
1029 2574 1248 2673 aliquando,
1265 2599 1349 2673 quae
1364 2583 1455 2651 sunt
1472 2573 1643 2651 omnium
1660 2575 1924 2652 animantium.

489 2697 679 2792 Quodam
694 2697 966 2776 monetatis.

388 2821 704 2898 Unrvnrsrrffls
730 2844 822 2895 vero
849 2828 951 2908 sunt,
978 2844 1058 2894 non
1083 2817 1336 2916 singulorum,
1365 2842 1448 2917 quae
1475 2828 1566 2895 sunt
1594 2817 1635 2893 in
1661 2817 1878 2895 civitatibus
1904 2815 1977 2894 ut¹⁰

387 2940 552 3028 theatro,
580 2939 706 3018 stadia
732 2947 773 3015 et
798 2938 1028 3027 huiusmodi,
1056 2948 1095 3015 et
1124 2939 1155 3015 si
1184 2963 1261 3037 quc
1288 2948 1380 3016 sunt
1407 2937 1448 3014 in
1474 2936 1720 3014 civitatibus²²
1748 2936 1977 3014 communia.

387 3059 587 3136 Dicuntur
607 3057 725 3136 vero¹⁸
747 3058 900 3136 theatro
921 3084 945 3134 e
966 3057 1190 3146 theorando,
1214 3056 1281 3133 id²⁸
1304 3056 1390 3134 est²⁴
1412 3056 1659 3156 inspiciendo.
1687 3057 1866 3134 Studium
1887 3081 1979 3132 vero

388 3180 529 3257 dicitur
546 3188 682 3256 octava
700 3203 791 3277 pars
809 3177 972 3266 miliarii,
992 3178 1107 3276 quod,
1126 3185 1172 3254 ut
1191 3176 1332 3253 dicitur
1351 3176 1545 3253 Hercules
1563 3193 1642 3252 uno
1661 3175 1832 3252 anhelitu
1851 3200 1978 3251 curre·

388 3298 457 3376 bet
475 3307 514 3375 et
533 3307 669 3397 postea
688 3299 827 3375 stabat.
848 3297 907 3374 Et
926 3296 1109 3373 dicuntur
1127 3294 1229 3372 ista²⁸
1249 3294 1509 3372 universitatis
1531 3296 1698 3372 dominio
1719 3304 1759 3373 et
1778 3322 1863 3373 usu.
1884 3295 1980 3372 Alis

389 3426 519 3495 autem
536 3416 718 3494 dicuntur
733 3416 993 3493 universitatis
1011 3441 1092 3492 esse
1110 3441 1188 3491 non
1205 3441 1290 3503 usu,
1309 3416 1376 3492 sed
1394 3415 1562 3492 dominio
1581 3425 1620 3492 et
1639 3417 1783 3504 fructu,
1802 3425 1848 3492 ut
1865 3415 1979 3492 fundi

388 3545 428 3614 et
442 3537 540 3613 servi
554 3534 794 3623 civitatum,²'
809 3532 901 3635 qui¹²
917 3535 972 3611 ita
987 3544 1078 3612 sunt
1091 3534 1263 3612 omnium
1276 3534 1428 3623 civium,
1443 3535 1500 3611 ita
1513 3533 1618 3634 quod
1632 3534 1775 3611 nullius
1790 3560 1861 3634 per
1876 3559 1927 3611 se.

490 3655 680 3749 Quodam
695 3679 815 3732 saeroe
829 3665 868 3732 et
883 3655 1071 3753 relipe'oeoe
1086 3677 1172 3753 qcoe
1187 3662 1280 3729 eunt
1295 3655 1368 3731 deo
1385 3661 1624 3732 cornecrotoe.

389 3779 472 3856 Rus
498 3803 590 3855 vero
616 3803 743 3866 sacrae,
771 3777 967 3875 religiosae,
993 3786 1033 3855 et
1060 3784 1200 3854 sanctae
1227 3775 1267 3852 in
1293 3776 1436 3853 nullius
1463 3774 1573 3853 bonis
1600 3785 1702 3853 sunt.
1732 3777 1850 3866 Quod
1878 3777 1980 3854 enim

389 3899 536 3977 divini²⁸
564 3899 657 3976 iuris
687 3909 757 3988 est,
786 3901 826 3977 id
856 3899 898 3976 in
926 3898 1069 3975 nullius
1098 3899 1261 3975 hominis
1291 3899 1401 3975 bonis
1431 3907 1501 3988 est,
1531 3897 1676 3975 immo¹⁹
1707 3900 1748 3974 in
1778 3899 1886 3976 bonis
1918 3900 1979 3986 dei

387 4023 585 4100 hominum
601 4047 772 4100 censura.

488 4145 678 4239 Qaoedom
693 4142 945 4242 sephoram.

389 4269 501 4346 ITEM
514 4277 606 4345 sunt
617 4294 677 4346 res
691 4265 942 4365 singidorum,
956 4275 1001 4343 ut
1012 4291 1110 4356 mea,
1123 4274 1204 4356 tua,
1218 4263 1387 4342 dominio
1401 4274 1441 4342 et
1453 4292 1539 4354 usu,
1554 4265 1652 4342 sicut
1666 4267 1791 4355 fundi,
1805 4266 1977 4344 civitates

389 4400 427 4467 et
454 4390 563 4466 servi.
590 4389 649 4466 Et
675 4398 766 4466 sunt
792 4413 901 4466 sacra
927 4412 1011 4487 quae
1037 4389 1111 4465 rite
1137 4396 1177 4464 et
1202 4412 1274 4486 per
1300 4385 1501 4487 pontifices
1527 4387 1600 4464 deo
1626 4398 1848 4466 consecrata
1875 4395 1977 4478 sunt,

389 4609 512 4670 ⁵1mare
536 4613 627 4671 immo
651 4608 791 4684 edificia,
816 4609 893 4683 MG,
918 4608 993 4668 ΟΜ.
1038 4604 1182 4682 ⁸²muris,
1207 4606 1247 4680 V,
1273 4607 1345 4668 HA.
1392 4605 1521 4684 ωοιιίῐιι,
1547 4609 1586 4683 V,
1611 4609 1680 4682 OB,
1705 4609 1783 4684 MA,
1809 4609 1886 4683 MB,
1911 4608 1979 4683 ΟΕ,

389 4710 428 4771 Y.
469 4708 495 4744 ⁵⁴
507 4711 587 4783 0m.,
606 4709 646 4784 V,
663 4711 703 4783 Y,
726 4709 762 4786 (⁴
774 4709 869 4786 MC).
908 4706 935 4742 ⁸⁶
947 4706 1027 4783 Onu,
1046 4708 1122 4784 MA,
1141 4708 1180 4768 Y.
1221 4705 1334 4782 ⁶⁰sive,
1354 4708 1423 4785 OB,
1442 4709 1510 4786 ΟΟ,
1529 4711 1605 4786 ΜΒ,
1624 4711 1700 4786 ΟΜ,
1720 4712 1786 4785 LA,
1807 4712 1881 4786 HA,
1901 4712 1978 4773 MG.

389 4807 416 4844 ⁸¹
427 4808 520 4871 litore
535 4812 641 4885 meris,
656 4808 723 4885 οὈ,
741 4808 819 4882 MG,
835 4809 909 4870 CM.

473 4909 580 4986 ²item‚
601 4911 679 4986 MG,
699 4911 773 4971 ΟΜ.
816 4908 943 4986 ’alicni,
963 4909 1032 4986 OB,
1053 4910 1134 4983 MB;
1155 4911 1221 4986 elii,
1242 4911 1318 4972 MA
1360 4909 1527 4990 ⁸publicus
1549 4919 1607 4990 est,
1629 4913 1668 4990 V,
1690 4915 1729 4976 Y.
1772 4914 1873 4994 ‘iure,
1896 4918 1978 4991 MB;

389 5018 458 5087 iur,
478 5014 547 5088 OB,
566 5013 634 5086 OC,
653 5013 730 5086 MA,
750 5012 825 5088 ΟΜ,
845 5013 891 5086 Υ;
911 5012 950 5073 de
970 5015 1047 5087 iure,
1066 5011 1104 5073 V.
1147 5009 1305 5087 ⁵sslarnm,
1327 5012 1405 5087 MG,
1425 5013 1499 5074 ΟΜ.
1542 5011 1647 5089 ⁸Om.,
1668 5017 1746 5090 MA,
1768 5017 1843 5080 ΜΒ.
1886 5016 1978 5093 '‘⁸et,

389 5114 468 5189 MG,
484 5115 556 5177 ΟΜ.
593 5112 676 5176 ΗΜ
691 5115 772 5194 quod
789 5121 920 5192 spectet,
935 5115 1005 5189 OB,
1021 5113 1097 5174 ΜΒ.
1134 5111 1200 5148 ²²²²²
1212 5114 1477 5190 0m.,MG,CM.
1515 5113 1634 5192 ²²Om.,
1652 5118 1729 5194 MG,
1747 5119 1820 5180 ΟΜ.
1859 5119 1925 5154 ²²²²²
1936 5128 1979 5195 et,

390 5216 468 5292 MG,
492 5217 555 5277 CM
583 5215 823 5296 (inspicienda).
868 5213 972 5291 ¹³ille,
998 5216 1073 5288 MA,
1095 5215 1161 5276 ΟΕ.
1207 5212 1234 5248 ²⁸
1246 5219 1390 5289 civitatis,
1415 5216 1491 5290 MA,
1515 5218 1750 5294 MB;-civitat,
1776 5221 1869 5283 MSS.
1896 5243 1978 5295 νοω

389 5321 523 5379 omnium
542 5321 710 5392 civitatum,
730 5318 806 5379 MG.
847 5315 873 5352 ¹⁷
886 5337 962 5395 que,
981 5317 1051 5392 OB,
1072 5318 1153 5389 MB;
1173 5321 1255 5396 quie,
1277 5318 1353 5391 MA,
1373 5318 1445 5379 HA.
1489 5314 1613 5394 ²⁸semi,
1633 5320 1702 5396 OA,
1722 5322 1792 5398 OB,
1813 5323 1881 5398 OC,
1903 5326 1979 5402 ΜΒ,

390 5420 455 5480 ΟΕ.
495 5417 624 5495 ¹⁰enim,
641 5418 711 5493 OB,
728 5420 802 5480 ΜΒ.
