4374 6366
374 485 449 554 422
906 481 1129 544 BBACTON:
1151 482 1212 543 DE
1237 483 1429 546 LEGIBUS

474 629 602 706 Breve
619 629 724 728 qvod
740 630 919 707 tradatur
934 656 1006 729 per
1024 631 1180 709 bolliam
1198 633 1410 712 duodecim.

375 754 471 830 Rex
488 752 697 830 vicecomiti
715 755 889 831 salutem.
910 755 952 831 Si
971 756 1171 833 duodecim
1187 757 1295 834 liberi
1312 768 1351 836 et
1367 757 1510 856 legales
1528 759 1698 838 homines
1716 761 1764 838 de
1781 763 1966 840 comitatu

374 881 443 948 tuo
459 872 750 971 manuceperint
766 898 895 951 coram
910 884 950 952 te
965 875 1013 950 de
1028 875 1231 951 habend0⁸²
1246 901 1375 952 coram
1392 876 1501 954 nobis
1518 878 1578 954 vel
1595 879 1807 956 iustitiariis
1824 881 1964 958 nostris

374 991 444 1067 tali
467 991 528 1067 die
550 992 598 1067 Β.
623 992 673 1067 ad
696 992 878 1069 standum
901 1001 1006 1069 recto
1029 993 1076 1070 de
1098 993 1255 1092 appello
1278 996 1381 1092 quod
1404 995 1456 1070 A.
1482 995 1522 1070 in
1545 997 1678 1073 eadem
1702 997 1809 1074 curia
1832 1006 1967 1074 nostra

375 1116 553 1197 etcetera,
572 1108 667 1185 iacit
684 1137 815 1187 versus
833 1135 921 1187 eum
939 1110 986 1188 de
1003 1121 1128 1188 morte
1146 1113 1191 1189 C.
1211 1114 1391 1190 avunculi
1409 1113 1479 1203 sui,
1499 1115 1559 1191 vel
1578 1116 1734 1194 alterius
1753 1116 1853 1206 talis,
1871 1126 1966 1197 tune

376 1229 575 1328 appellum
590 1229 685 1306 illud
701 1229 831 1306 venire
847 1230 968 1307 facias
984 1254 1113 1306 coram
1129 1230 1238 1308 nobis
1255 1232 1316 1307 vel
1332 1232 1544 1310 iustitiariis
1560 1234 1701 1311 nostris
1719 1244 1896 1324 eteetera,
1915 1236 1966 1313 ad

375 1348 602 1448 praedictum
614 1348 725 1424 diem.
741 1349 798 1424 Bt
812 1347 872 1423 dic
885 1348 1068 1448 praedicto
1081 1349 1133 1424 A.
1147 1350 1250 1448 quod
1263 1360 1357 1426 tunc
1370 1351 1419 1427 sit
1433 1351 1483 1426 ibi
1498 1375 1627 1429 coram
1640 1360 1816 1441 eteetera,
1832 1354 1965 1453 appel·

374 1465 456 1543 lum
470 1491 581 1544 suum
595 1493 726 1543 versus
740 1466 932 1543 eundem³⁸
946 1466 1024 1542 B.⁸⁴
1039 1475 1264 1568 prosecutus
1280 1469 1310 1544 si
1324 1468 1500 1545 voluerit.
1516 1469 1574 1546 Et
1588 1470 1728 1548 habeas
1743 1471 1794 1547 ibi
1809 1473 1966 1549 nomina

376 1585 646 1684 praedictorum
673 1584 874 1661 duodecim
901 1587 1219 1663 summonitonmr
1246 1597 1286 1664 et
1313 1585 1384 1662 hoc
1411 1587 1536 1663 breve.
1566 1590 1684 1665 Teste
1712 1597 1890 1666 etcetere.
1922 1589 1964 1666 Si

375 1703 533 1779 autem⁸⁵
556 1703 755 1802 appellum
777 1703 986 1780 secundum
1010 1705 1114 1802 quod
1136 1705 1362 1804 praedictrun
1385 1714 1443 1783 est
1467 1707 1587 1784 fuerit
1610 1707 1649 1782 in
1673 1707 1870 1796 comitatu,
1895 1708 1965 1783 fiat

375 1821 480 1899 aliud
499 1822 613 1899 breve
632 1823 680 1900 de
698 1824 974 1899 summouendo
993 1821 1220 1922 appellum⁸⁸
1239 1847 1368 1900 coram
1388 1824 1543 1901 domino
1563 1851 1654 1924 rege
1674 1825 1714 1901 in
1733 1826 1804 1901 hac
1824 1827 1963 1902 forma.

473 1946 602 2025 Breve
618 1947 667 2025 de
683 1947 960 2024 ammonendo
978 1947 1177 2046 appellum
1194 1971 1322 2024 eoram
1341 1972 1443 2047 repe.

374 2072 470 2149 Rex
486 2071 695 2148 vicecomiti
711 2071 885 2148 salutem.
903 2071 1154 2170 Praecipimus
1171 2073 1240 2149 tibi
1258 2073 1362 2171 quod
1378 2073 1576 2172 appellum
1594 2074 1696 2149 unde
1714 2074 1762 2149 B.
1782 2073 1963 2150 attachia·

374 2202 437 2270 tus
457 2195 572 2272 estin
590 2195 775 2271 comitatu
794 2203 863 2270 tuo
883 2219 954 2292 pro
974 2201 1097 2270 morte
1117 2194 1163 2270 C.
1184 2195 1286 2270 unde
1305 2194 1358 2269 A.
1379 2219 1467 2270 eum
1487 2193 1672 2293 appellat,
1693 2195 1823 2270 venire
1845 2195 1964 2270 lacios

373 2342 504 2394 coram
527 2326 704 2406 etoetera,
728 2317 798 2394 tali
822 2318 883 2393 die
907 2317 1005 2393 sicut
1029 2317 1261 2394 attachiatus
1285 2315 1371 2393 est⁸'
1397 2316 1573 2392 veniendi
1598 2341 1727 2392 coram
1753 2316 1964 2393 iustitiariis

374 2439 579 2518 nostrised
595 2441 760 2540 primam
775 2441 932 2516 assisam
947 2464 1034 2516 cum
1049 2441 1089 2515 in
1106 2449 1236 2539 partes
1251 2439 1336 2516 illas
1351 2440 1537 2516 venerint.
1555 2440 1614 2516 Et
1629 2439 1769 2516 habeas
1786 2447 1962 2516 etcetera.

374 2565 494 2641 Teste
513 2571 689 2640 etcetera.
714 2563 756 2639 Si
777 2573 906 2640 autem
928 2563 1127 2661 appellum
1149 2563 1298 2640 lactum
1319 2562 1438 2638 fuerit
1460 2560 1679 2638 immediate
1700 2587 1829 2638 coram
1851 2559 1964 2659 ips0⁸⁸

374 2712 465 2785 rege
477 2686 538 2762 vel
552 2686 763 2762 iustitiariis
777 2686 855 2763 suis
869 2687 917 2764 de
931 2686 1064 2775 banco,
1078 2695 1173 2762 tunc
1187 2685 1257 2762 fiat
1272 2685 1385 2761 breve
1400 2684 1447 2762 de
1462 2684 1708 2760 attachiando
1723 2683 1965 2783 appellatum

374 2811 423 2886 de
438 2810 543 2886 iacto
558 2810 598 2886 in
612 2809 683 2885 hac
697 2809 835 2886 forma.

473 2935 601 3012 Breve
617 2935 650 3011 ei
665 2933 864 3032 appellem
880 2933 1031 3028 foetam
1046 2933 1168 3028 faerit
1184 2931 1402 3010 immediate
1420 2955 1548 3008 coram
1566 2954 1668 3029 repe.

373 3061 470 3137 Rex
491 3059 700 3136 vicecomiti
723 3059 897 3136 salutem.
923 3058 966 3134 Si
988 3058 1041 3134 A.
1066 3057 1201 3134 fecerit
1222 3067 1261 3135 te
1284 3081 1460 3132 securum
1482 3056 1531 3132 de
1552 3056 1718 3132 clamore
1741 3079 1811 3131 suo
1834 3077 1962 3152 prose·

373 3184 537 3284 quendo,
556 3194 649 3261 tunc
667 3208 768 3283 pone
786 3208 857 3281 per
874 3181 1031 3258 vadium
1049 3191 1087 3257 et
1107 3180 1230 3257 salvos
1251 3179 1398 3279 plegios
1418 3179 1467 3254 B.
1488 3188 1527 3255 et
1549 3178 1593 3254 C.
1614 3177 1718 3277 quod
1738 3176 1815 3252 sint
1834 3200 1963 3251 coram

372 3315 549 3394 etcetera,
567 3306 637 3383 teli
653 3305 714 3382 die
731 3305 782 3382 ad
798 3303 1109 3403 respondendum
1127 3303 1249 3379 eidem
1268 3302 1320 3378 A.
1340 3302 1387 3378 de
1405 3310 1529 3377 morte
1545 3301 1600 3377 D.
1620 3295 1770 3398 petris⁸⁸
1789 3297 1850 3374 vel
1869 3296 1961 3372 alte·

372 3431 453 3506 rius
474 3429 577 3506 unde
601 3453 664 3504 eos
689 3426 874 3526 appellet,
899 3426 959 3502 vel
983 3426 1030 3502 de
1055 3450 1150 3524 pace
1174 3435 1212 3501 et
1238 3423 1364 3524 plagis
1388 3421 1477 3498 vel⁴⁰
1502 3421 1584 3498 aliis
1610 3420 1761 3497 feloniis
1786 3417 1961 3518 superius

371 3549 588 3627 nominatis.
605 3550 663 3625 Et
678 3548 818 3625 habeas
834 3548 886 3624 ibi
902 3547 1057 3623 nomina
1074 3545 1291 3647 plegiorum
1308 3556 1347 3622 et
1363 3545 1433 3621 hoc
1450 3545 1574 3620 breve.
1593 3544 1651 3621 Et
1668 3542 1718 3618 ad
1735 3543 1837 3618 diem
1852 3542 1961 3616 illum

371 3681 557 3772 poterunt
581 3671 779 3748 attachiati
805 3697 844 3747 se
870 3670 1071 3758 essoniare,
1097 3669 1169 3746 nisi
1194 3669 1265 3746 hoc
1290 3668 1339 3746 sit
1365 3693 1438 3768 pro
1462 3674 1586 3744 morte
1611 3664 1773 3742 hominis
1798 3662 1859 3741 vel
1886 3663 1960 3739 alio

371 3793 528 3870 crimine
541 3793 687 3871 maiori.
706 3793 748 3869 Si
763 3801 893 3870 autem
908 3794 958 3869 ad
972 3793 1074 3868 diem
1088 3817 1167 3869 non
1180 3790 1355 3868 venerint
1370 3814 1439 3867 nec
1453 3816 1494 3866 se
1508 3787 1793 3874 essoniaverint,
1809 3796 1848 3864 et
1864 3786 1959 3862 vice·

370 3940 496 3992 comes
511 3915 656 3992 miserit
673 3915 788 3992 breve
803 3923 843 3992 et
858 3913 1015 3990 nomina
1031 3913 1259 4013 plegiorum,
1275 3923 1370 3990 tunc
1386 3910 1609 4012 appellante
1626 3937 1666 3987 se
1683 3910 1741 3986 liti
1759 3909 1959 3996 offerente,

372 4035 630 4115 attachientur
647 4062 717 4135 per
734 4036 908 4112 meliores
927 4035 1086 4134 plegios.
1106 4035 1164 4112 Et
1181 4043 1275 4110 tunc
1294 4035 1334 4110 in
1353 4035 1430 4112 fine
1448 4035 1551 4133 quod
1570 4032 1709 4110 hebeat
1727 4057 1859 4108 eorum
1879 4055 1960 4105 cor·

371 4183 479 4257 pora.
533 4158 592 4235 Et
619 4157 843 4235 observetur
870 4156 965 4233 ordo
995 4157 1382 4233 attachiamentorum
1410 4166 1455 4234 ut
1484 4156 1588 4231 infra
1618 4155 1667 4230 de
1696 4151 1960 4252 personalibus

373 4279 595 4367 actionibus,
614 4279 685 4354 nisi
702 4279 895 4356 iustitiarii
912 4279 1018 4355 aliud
1035 4279 1217 4354 duxerint
1233 4276 1509 4355 statuendum⁴²
1527 4303 1598 4376 pro
1617 4276 1803 4375 qualitate
1821 4274 1960 4352 delicti.

373 4401 430 4476 Et
450 4401 480 4476 si
499 4409 593 4475 tunc
613 4426 653 4476 se
671 4399 945 4488 subtraxerint,
965 4399 1173 4498 exigantur
1192 4409 1236 4476 ut
1256 4425 1387 4498 supra,
1408 4409 1447 4477 et
1467 4398 1586 4499 plegii
1606 4423 1737 4474 omnes
1758 4398 1799 4473 in
1817 4397 1960 4474 miseri·

372 4521 512 4596 cordia.
554 4521 596 4596 Si
611 4531 741 4598 autem
755 4521 972 4619 appellatos
987 4521 1242 4620 produxerint
1259 4521 1308 4596 sd
1324 4522 1424 4598 diem
1441 4547 1564 4609 suum,
1581 4521 1699 4619 plegii
1714 4521 1831 4619 quieti
1847 4528 1961 4596 erunt

372 4643 419 4718 de
437 4641 591 4741 plevina
608 4642 680 4718 nisi
697 4641 819 4739 gratis
837 4642 957 4718 velint
973 4668 1038 4719 eos
1056 4643 1127 4719 sub
1145 4644 1279 4720 eadem
1298 4643 1452 4742 plevina
1470 4643 1645 4731 retinere,
1665 4641 1724 4718 si⁴¹
1743 4643 1837 4717 nihil
1856 4641 1961 4718 aliud

291 4757 297 4768 ’
371 4763 625 4861 plegiaverint
640 4763 712 4838 nisi
725 4761 888 4838 habendi
905 4789 1002 4839 eum.
1019 4764 1112 4839 Non
1127 4763 1228 4841 enim
1244 4775 1334 4841 sunt
1350 4764 1467 4863 plegii
1484 4764 1586 4862 quod
1601 4763 1787 4863 appellati
1803 4789 1959 4862 respon

371 4883 488 4961 deant
500 4884 560 4959 vel
573 4909 612 4960 se
625 4884 837 4960 defendant
850 4884 922 4959 nisi
934 4884 1065 4973 velint,
1080 4885 1184 4962 aliud
1197 4895 1327 4962 tamen
1339 4895 1439 4962 esset
1453 4886 1484 4962 si
1498 4896 1623 4962 essent
1636 4886 1754 4985 plegii
1768 4887 1815 4962 de
1830 4909 1959 4984 prose·

372 5097 399 5133 ⁸²
410 5098 551 5161 habendo
565 5121 643 5176 eum,
658 5100 727 5173 OB,
742 5101 819 5174 MA,
834 5102 910 5177 ΜΒ,
925 5103 991 5176 ΟΒ,
1006 5104 1080 5179 CM,
1096 5104 1168 5164 MC.
1205 5102 1271 5137 ⁸⁸⁸⁸⁸
1282 5123 1361 5179 eum,
1377 5104 1445 5178 OB,
1462 5105 1537 5180 MA,
1553 5104 1627 5165 ΜΒ.
1665 5102 1691 5137 ³⁶
1703 5103 1784 5179 Om,
1799 5105 1869 5180 OB,
1885 5103 1961 5177 MA,

373 5199 448 5261 ΜΒ.
472 5198 499 5233 ⁸⁸
511 5199 712 5277 appellatum,
727 5202 801 5277 ΟΜ,
815 5203 881 5277 ΟΕ,
895 5204 964 5278 ΟΒ,
978 5203 1054 5279 MA,
1067 5205 1149 5277 MB;
1164 5203 1388 5283 appellantum,
1402 5207 1474 5278 οΟ;
1488 5203 1642 5283 appellas,
1657 5205 1733 5266 MG.
1760 5203 1786 5237 ⁸⁷
1798 5203 1878 5279 Om,
1892 5205 1961 5278 OB,

373 5299 448 5375 MA,
463 5300 539 5362 ΜΒ.
564 5299 591 5334 ³⁸
602 5305 670 5378 ipso
684 5302 818 5376 domino,
831 5304 900 5379 OB,
916 5303 992 5378 MA,
1008 5305 1082 5364 ΜΒ.
1110 5303 1136 5337 ³⁹
1147 5311 1247 5383 patris
1263 5310 1321 5381 sui,
1337 5306 1414 5380 MG,
1430 5307 1496 5368 ΟΟ.
1524 5305 1550 5340 ⁴⁰
1560 5312 1603 5381 et,
1619 5307 1687 5380 OB,
1704 5307 1779 5368 MA.
1806 5305 1832 5339 ⁴²
1844 5305 1962 5367 iacien-

372 5399 454 5476 dum,
467 5400 535 5476 ΟΒ,
548 5402 625 5475 MA,
636 5403 711 5477 CM,
725 5404 797 5477 CE;
814 5405 873 5482 (—
883 5404 1078 5466 statuendum
1094 5451 1100 5466 .
1115 5452 1122 5466 .
1137 5452 1145 5468 .
1160 5405 1380 5482 subtraxerint,
1391 5408 1486 5486 ΜΒ).
1509 5407 1537 5441 ⁴²
1548 5415 1579 5468 et
1589 5412 1626 5482 si,
1636 5409 1705 5484 OB,
1715 5409 1791 5483 MA,
1802 5409 1877 5483 ΜΒ,
1888 5407 1960 5469 ΜΟ.
