<?xml version="1.0" encoding="UTF-8"?>
<!DOCTYPE html PUBLIC "-//W3C//DTD XHTML 1.0 Transitional//EN"
    "http://www.w3.org/TR/xhtml1/DTD/xhtml1-transitional.dtd">
<html xmlns="http://www.w3.org/1999/xhtml" xml:lang="en" lang="en">
 <head>
  <title>
</title>
<meta http-equiv="Content-Type" content="text/html;charset=utf-8" />
  <meta name='ocr-system' content='tesseract 3.04.00' />
  <meta name='ocr-capabilities' content='ocr_page ocr_carea ocr_par ocr_line ocrx_word'/>
</head>
<body>
  <div class='ocr_page' id='page_1' title='image "./bractondelegibu01histgoog_0464.png"; bbox 0 0 4374 6366; ppageno 0'>
   <div class='ocr_carea' id='block_1_1' title="bbox 383 513 1438 595">
    <p class='ocr_par' dir='ltr' id='par_1_1' title="bbox 383 513 1438 595">
     <span class='ocr_line' id='line_1_1' title="bbox 383 513 1438 595; baseline 0.006 -23"><span class='ocrx_word' id='word_1_1' title='bbox 383 525 458 595; x_wconf 69' lang='lat' dir='ltr'><strong>44ss</strong></span> <span class='ocrx_word' id='word_1_2' title='bbox 914 514 1138 577; x_wconf 74' lang='lat' dir='ltr'><strong>scaccos:</strong></span> <span class='ocrx_word' id='word_1_3' title='bbox 1159 514 1221 576; x_wconf 84' lang='lat' dir='ltr'><strong>ns</strong></span> <span class='ocrx_word' id='word_1_4' title='bbox 1246 513 1438 578; x_wconf 70' lang='lat' dir='ltr'><strong>seorsus</strong></span> 
     </span>
    </p>
   </div>
   <div class='ocr_carea' id='block_1_2' title="bbox 383 665 1976 4907">
    <p class='ocr_par' dir='ltr' id='par_1_2' title="bbox 383 665 1976 4186">
     <span class='ocr_line' id='line_1_2' title="bbox 484 665 1189 764; baseline -0.004 -19"><span class='ocrx_word' id='word_1_5' title='bbox 484 667 532 745; x_wconf 84' lang='lat' dir='ltr'><strong>Si</strong></span> <span class='ocrx_word' id='word_1_6' title='bbox 546 665 610 743; x_wconf 78' lang='lat' dir='ltr'><strong>leo</strong></span> <span class='ocrx_word' id='word_1_7' title='bbox 627 665 804 743; x_wconf 66' lang='lat' dir='ltr'><strong>cauetur</strong></span> <span class='ocrx_word' id='word_1_8' title='bbox 819 687 868 742; x_wconf 78' lang='lat' dir='ltr'><strong>eo</strong></span> <span class='ocrx_word' id='word_1_9' title='bbox 884 672 1048 762; x_wconf 83' lang='lat' dir='ltr'><strong>utraque</strong></span> <span class='ocrx_word' id='word_1_10' title='bbox 1064 673 1189 764; x_wconf 75' lang='lat' dir='ltr'><strong>porte.</strong></span> 
     </span>
     <span class='ocr_line' id='line_1_3' title="bbox 386 781 1975 884; baseline 0 -22"><span class='ocrx_word' id='word_1_11' title='bbox 386 786 499 862; x_wconf 76' lang='lat' dir='ltr'><strong>Iram</strong></span> <span class='ocrx_word' id='word_1_12' title='bbox 514 785 546 862; x_wconf 91' lang='lat' dir='ltr'><strong>si</strong></span> <span class='ocrx_word' id='word_1_13' title='bbox 558 808 721 884; x_wconf 91' lang='lat' dir='ltr'><strong>querens</strong></span> <span class='ocrx_word' id='word_1_14' title='bbox 735 782 838 859; x_wconf 88' lang='lat' dir='ltr'><strong>dicat</strong></span> <span class='ocrx_word' id='word_1_15' title='bbox 851 783 955 882; x_wconf 91' lang='lat' dir='ltr'><strong>quod</strong></span> <span class='ocrx_word' id='word_1_16' title='bbox 969 781 1108 858; x_wconf 87' lang='lat' dir='ltr'><strong>iniuste</strong></span> <span class='ocrx_word' id='word_1_17' title='bbox 1124 783 1226 881; x_wconf 90' lang='lat' dir='ltr'><strong>cepit</strong></span> <span class='ocrx_word' id='word_1_18' title='bbox 1241 781 1369 860; x_wconf 85' lang='lat' dir='ltr'><strong>averia</strong></span> <span class='ocrx_word' id='word_1_19' title='bbox 1385 808 1454 859; x_wconf 88' lang='lat' dir='ltr'><strong>sua</strong></span> <span class='ocrx_word' id='word_1_20' title='bbox 1469 783 1560 882; x_wconf 90' lang='lat' dir='ltr'><strong>quia</strong></span> <span class='ocrx_word' id='word_1_21' title='bbox 1574 783 1725 860; x_wconf 93' lang='lat' dir='ltr'><strong>nullum</strong></span> <span class='ocrx_word' id='word_1_22' title='bbox 1739 784 1925 862; x_wconf 89' lang='lat' dir='ltr'><strong>damnum</strong></span> <span class='ocrx_word' id='word_1_23' title='bbox 1939 785 1975 862; x_wconf 90' lang='lat' dir='ltr'><strong>ei</strong></span> 
     </span>
     <span class='ocr_line' id='line_1_4' title="bbox 385 899 1974 1001; baseline -0.001 -21"><span class='ocrx_word' id='word_1_24' title='bbox 385 903 573 990; x_wconf 86' lang='lat' dir='ltr'><strong>fecerunt,</strong></span> <span class='ocrx_word' id='word_1_25' title='bbox 588 926 659 978; x_wconf 89' lang='lat' dir='ltr'><strong>nec</strong></span> <span class='ocrx_word' id='word_1_26' title='bbox 673 899 789 978; x_wconf 83' lang='lat' dir='ltr'><strong>cum⁸⁸</strong></span> <span class='ocrx_word' id='word_1_27' title='bbox 804 899 1004 978; x_wconf 87' lang='lat' dir='ltr'><strong>obtulisset</strong></span> <span class='ocrx_word' id='word_1_28' title='bbox 1020 901 1052 976; x_wconf 90' lang='lat' dir='ltr'><strong>ei</strong></span> <span class='ocrx_word' id='word_1_29' title='bbox 1069 901 1291 978; x_wconf 76' lang='lat' dir='ltr'><strong>satisfacere</strong></span> <span class='ocrx_word' id='word_1_30' title='bbox 1308 901 1356 977; x_wconf 90' lang='lat' dir='ltr'><strong>de</strong></span> <span class='ocrx_word' id='word_1_31' title='bbox 1372 900 1550 978; x_wconf 83' lang='lat' dir='ltr'><strong>damnis²&#39;</strong></span> <span class='ocrx_word' id='word_1_32' title='bbox 1567 900 1724 1001; x_wconf 75' lang='lat' dir='ltr'>aliquod</span> <span class='ocrx_word' id='word_1_33' title='bbox 1738 902 1925 979; x_wconf 86' lang='lat' dir='ltr'><strong>damnum</strong></span> <span class='ocrx_word' id='word_1_34' title='bbox 1939 903 1974 980; x_wconf 92' lang='lat' dir='ltr'><strong>ei</strong></span> 
     </span>
     <span class='ocr_line' id='line_1_5' title="bbox 385 1019 1975 1120; baseline 0 -23"><span class='ocrx_word' id='word_1_35' title='bbox 385 1021 415 1097; x_wconf 85' lang='lat' dir='ltr'><strong>f.</strong></span> <span class='ocrx_word' id='word_1_36' title='bbox 432 1020 550 1113; x_wconf 80' lang='lat' dir='ltr'><strong>158b]</strong></span> <span class='ocrx_word' id='word_1_37' title='bbox 604 1019 785 1108; x_wconf 84' lang='lat' dir='ltr'><strong>ostendit,</strong></span> <span class='ocrx_word' id='word_1_38' title='bbox 801 1026 955 1117; x_wconf 85' lang='lat' dir='ltr'><strong>oportet</strong></span> <span class='ocrx_word' id='word_1_39' title='bbox 972 1019 1076 1118; x_wconf 93' lang='lat' dir='ltr'><strong>quod</strong></span> <span class='ocrx_word' id='word_1_40' title='bbox 1089 1025 1227 1116; x_wconf 88' lang='lat' dir='ltr'><strong>captor</strong></span> <span class='ocrx_word' id='word_1_41' title='bbox 1242 1026 1385 1096; x_wconf 84' lang='lat' dir='ltr'><strong>sectam</strong></span> <span class='ocrx_word' id='word_1_42' title='bbox 1399 1019 1591 1118; x_wconf 88' lang='lat' dir='ltr'><strong>producat</strong></span> <span class='ocrx_word' id='word_1_43' title='bbox 1606 1019 1855 1097; x_wconf 88' lang='lat' dir='ltr'><strong>sufficientem</strong></span> <span class='ocrx_word' id='word_1_44' title='bbox 1871 1021 1975 1120; x_wconf 91' lang='lat' dir='ltr'><strong>quod</strong></span> 
     </span>
     <span class='ocr_line' id='line_1_6' title="bbox 385 1136 1974 1238; baseline -0.001 -22"><span class='ocrx_word' id='word_1_45' title='bbox 385 1140 453 1216; x_wconf 90' lang='lat' dir='ltr'><strong>illa</strong></span> <span class='ocrx_word' id='word_1_46' title='bbox 472 1138 576 1238; x_wconf 90' lang='lat' dir='ltr'><strong>cepit</strong></span> <span class='ocrx_word' id='word_1_47' title='bbox 596 1139 637 1214; x_wconf 91' lang='lat' dir='ltr'><strong>in</strong></span> <span class='ocrx_word' id='word_1_48' title='bbox 659 1138 801 1214; x_wconf 88' lang='lat' dir='ltr'><strong>damno</strong></span> <span class='ocrx_word' id='word_1_49' title='bbox 821 1163 902 1226; x_wconf 92' lang='lat' dir='ltr'><strong>suo,</strong></span> <span class='ocrx_word' id='word_1_50' title='bbox 925 1147 965 1214; x_wconf 89' lang='lat' dir='ltr'><strong>et</strong></span> <span class='ocrx_word' id='word_1_51' title='bbox 985 1137 1071 1212; x_wconf 92' lang='lat' dir='ltr'><strong>ideo</strong></span> <span class='ocrx_word' id='word_1_52' title='bbox 1093 1137 1204 1226; x_wconf 86' lang='lat' dir='ltr'><strong>iuste,</strong></span> <span class='ocrx_word' id='word_1_53' title='bbox 1226 1137 1288 1214; x_wconf 84' lang='lat' dir='ltr'><strong>vel</strong></span> <span class='ocrx_word' id='word_1_54' title='bbox 1310 1162 1384 1236; x_wconf 93' lang='lat' dir='ltr'><strong>pro</strong></span> <span class='ocrx_word' id='word_1_55' title='bbox 1406 1137 1560 1214; x_wconf 88' lang='lat' dir='ltr'><strong>servitio</strong></span> <span class='ocrx_word' id='word_1_56' title='bbox 1582 1136 1680 1215; x_wconf 85' lang='lat' dir='ltr'><strong>suo⁸⁰</strong></span> <span class='ocrx_word' id='word_1_57' title='bbox 1702 1137 1912 1235; x_wconf 81' lang='lat' dir='ltr'><strong>recognito,</strong></span> <span class='ocrx_word' id='word_1_58' title='bbox 1935 1147 1974 1216; x_wconf 90' lang='lat' dir='ltr'><strong>et</strong></span> 
     </span>
     <span class='ocr_line' id='line_1_7' title="bbox 385 1254 1973 1355; baseline -0.002 -20"><span class='ocrx_word' id='word_1_59' title='bbox 385 1258 524 1335; x_wconf 87' lang='lat' dir='ltr'><strong>iniuste</strong></span> <span class='ocrx_word' id='word_1_60' title='bbox 543 1257 712 1335; x_wconf 89' lang='lat' dir='ltr'><strong>detento.</strong></span> <span class='ocrx_word' id='word_1_61' title='bbox 733 1256 776 1332; x_wconf 91' lang='lat' dir='ltr'><strong>Si</strong></span> <span class='ocrx_word' id='word_1_62' title='bbox 795 1263 926 1332; x_wconf 88' lang='lat' dir='ltr'><strong>autem</strong></span> <span class='ocrx_word' id='word_1_63' title='bbox 945 1254 994 1331; x_wconf 89' lang='lat' dir='ltr'><strong>ad</strong></span> <span class='ocrx_word' id='word_1_64' title='bbox 1014 1254 1211 1332; x_wconf 88' lang='lat' dir='ltr'><strong>servitium</strong></span> <span class='ocrx_word' id='word_1_65' title='bbox 1231 1255 1463 1354; x_wconf 76' lang='lat' dir='ltr'><strong>respondeat</strong></span> <span class='ocrx_word' id='word_1_66' title='bbox 1482 1281 1645 1355; x_wconf 91' lang='lat' dir='ltr'><strong>querens</strong></span> <span class='ocrx_word' id='word_1_67' title='bbox 1665 1255 1779 1332; x_wconf 87' lang='lat' dir='ltr'><strong>cum⁸¹</strong></span> <span class='ocrx_word' id='word_1_68' title='bbox 1800 1256 1897 1332; x_wconf 91' lang='lat' dir='ltr'><strong>illud</strong></span> <span class='ocrx_word' id='word_1_69' title='bbox 1916 1282 1973 1332; x_wconf 90' lang='lat' dir='ltr'><strong>re·</strong></span> 
     </span>
     <span class='ocr_line' id='line_1_8' title="bbox 385 1373 1975 1474; baseline 0.001 -23"><span class='ocrx_word' id='word_1_70' title='bbox 385 1375 608 1474; x_wconf 81' lang='lat' dir='ltr'><strong>cognoverit</strong></span> <span class='ocrx_word' id='word_1_71' title='bbox 627 1374 731 1472; x_wconf 93' lang='lat' dir='ltr'><strong>quod</strong></span> <span class='ocrx_word' id='word_1_72' title='bbox 753 1374 881 1449; x_wconf 89' lang='lat' dir='ltr'><strong>averia</strong></span> <span class='ocrx_word' id='word_1_73' title='bbox 901 1373 1042 1451; x_wconf 91' lang='lat' dir='ltr'><strong>iniuste</strong></span> <span class='ocrx_word' id='word_1_74' title='bbox 1062 1382 1179 1471; x_wconf 87' lang='lat' dir='ltr'><strong>capta</strong></span> <span class='ocrx_word' id='word_1_75' title='bbox 1199 1381 1301 1462; x_wconf 90' lang='lat' dir='ltr'><strong>sunt,</strong></span> <span class='ocrx_word' id='word_1_76' title='bbox 1323 1373 1415 1473; x_wconf 91' lang='lat' dir='ltr'><strong>quia</strong></span> <span class='ocrx_word' id='word_1_77' title='bbox 1435 1381 1562 1450; x_wconf 89' lang='lat' dir='ltr'><strong>totum</strong></span> <span class='ocrx_word' id='word_1_78' title='bbox 1586 1374 1678 1452; x_wconf 85' lang='lat' dir='ltr'><strong>fecit</strong></span> <span class='ocrx_word' id='word_1_79' title='bbox 1700 1374 1898 1450; x_wconf 88' lang='lat' dir='ltr'><strong>servitium</strong></span> <span class='ocrx_word' id='word_1_80' title='bbox 1920 1374 1975 1452; x_wconf 90' lang='lat' dir='ltr'><strong>ita</strong></span> 
     </span>
     <span class='ocr_line' id='line_1_9' title="bbox 386 1489 1975 1593; baseline -0.001 -25"><span class='ocrx_word' id='word_1_81' title='bbox 386 1495 491 1593; x_wconf 93' lang='lat' dir='ltr'><strong>quod</strong></span> <span class='ocrx_word' id='word_1_82' title='bbox 502 1493 537 1570; x_wconf 93' lang='lat' dir='ltr'><strong>ei</strong></span> <span class='ocrx_word' id='word_1_83' title='bbox 551 1492 644 1569; x_wconf 85' lang='lat' dir='ltr'>nihil</span> <span class='ocrx_word' id='word_1_84' title='bbox 657 1518 681 1568; x_wconf 87' lang='lat' dir='ltr'><strong>a</strong></span> <span class='ocrx_word' id='word_1_85' title='bbox 693 1501 799 1569; x_wconf 90' lang='lat' dir='ltr'><strong>retro</strong></span> <span class='ocrx_word' id='word_1_86' title='bbox 812 1501 882 1580; x_wconf 90' lang='lat' dir='ltr'><strong>est,</strong></span> <span class='ocrx_word' id='word_1_87' title='bbox 897 1492 928 1568; x_wconf 92' lang='lat' dir='ltr'><strong>si</strong></span> <span class='ocrx_word' id='word_1_88' title='bbox 942 1491 1032 1568; x_wconf 94' lang='lat' dir='ltr'><strong>inde</strong></span> <span class='ocrx_word' id='word_1_89' title='bbox 1045 1491 1183 1567; x_wconf 87' lang='lat' dir='ltr'><strong>babeat</strong></span> <span class='ocrx_word' id='word_1_90' title='bbox 1199 1499 1341 1568; x_wconf 89' lang='lat' dir='ltr'><strong>sectam</strong></span> <span class='ocrx_word' id='word_1_91' title='bbox 1356 1489 1605 1569; x_wconf 88' lang='lat' dir='ltr'><strong>sufficientem</strong></span> <span class='ocrx_word' id='word_1_92' title='bbox 1619 1517 1704 1591; x_wconf 77' lang='lat' dir='ltr'><strong>quae</strong></span> <span class='ocrx_word' id='word_1_93' title='bbox 1719 1489 1909 1570; x_wconf 82' lang='lat' dir='ltr'><strong>sufficiat⁸¹</strong></span> <span class='ocrx_word' id='word_1_94' title='bbox 1924 1491 1975 1567; x_wconf 89' lang='lat' dir='ltr'><strong>ad</strong></span> 
     </span>
     <span class='ocr_line' id='line_1_10' title="bbox 385 1608 1975 1712; baseline -0.003 -24"><span class='ocrx_word' id='word_1_95' title='bbox 385 1610 664 1712; x_wconf 88' lang='lat' dir='ltr'><strong>probationem,</strong></span> <span class='ocrx_word' id='word_1_96' title='bbox 692 1610 835 1687; x_wconf 90' lang='lat' dir='ltr'><strong>iniusta</strong></span> <span class='ocrx_word' id='word_1_97' title='bbox 863 1610 937 1685; x_wconf 89' lang='lat' dir='ltr'><strong>erit</strong></span> <span class='ocrx_word' id='word_1_98' title='bbox 964 1609 1105 1708; x_wconf 87' lang='lat' dir='ltr'><strong>captio,</strong></span> <span class='ocrx_word' id='word_1_99' title='bbox 1135 1633 1205 1686; x_wconf 88' lang='lat' dir='ltr'><strong>nec</strong></span> <span class='ocrx_word' id='word_1_100' title='bbox 1233 1633 1273 1686; x_wconf 91' lang='lat' dir='ltr'><strong>se</strong></span> <span class='ocrx_word' id='word_1_101' title='bbox 1301 1609 1509 1686; x_wconf 87' lang='lat' dir='ltr'><strong>defendere</strong></span> <span class='ocrx_word' id='word_1_102' title='bbox 1538 1610 1682 1708; x_wconf 89' lang='lat' dir='ltr'><strong>poterit</strong></span> <span class='ocrx_word' id='word_1_103' title='bbox 1711 1608 1875 1708; x_wconf 84' lang='lat' dir='ltr'><strong>captcr⁸⁸</strong></span> <span class='ocrx_word' id='word_1_104' title='bbox 1904 1635 1975 1708; x_wconf 90' lang='lat' dir='ltr'><strong>per</strong></span> 
     </span>
     <span class='ocr_line' id='line_1_11' title="bbox 385 1727 1974 1828; baseline -0.001 -24"><span class='ocrx_word' id='word_1_105' title='bbox 385 1729 551 1828; x_wconf 83' lang='lat' dir='ltr'><strong>legem.⁸⁴</strong></span> <span class='ocrx_word' id='word_1_106' title='bbox 572 1731 675 1806; x_wconf 83' lang='lat' dir='ltr'><strong>Item</strong></span> <span class='ocrx_word' id='word_1_107' title='bbox 696 1727 820 1804; x_wconf 92' lang='lat' dir='ltr'><strong>dicere</strong></span> <span class='ocrx_word' id='word_1_108' title='bbox 842 1727 986 1826; x_wconf 91' lang='lat' dir='ltr'><strong>poterit</strong></span> <span class='ocrx_word' id='word_1_109' title='bbox 1006 1735 1142 1825; x_wconf 85' lang='lat' dir='ltr'><strong>captor</strong></span> <span class='ocrx_word' id='word_1_110' title='bbox 1162 1728 1266 1825; x_wconf 92' lang='lat' dir='ltr'><strong>quod</strong></span> <span class='ocrx_word' id='word_1_111' title='bbox 1286 1727 1396 1816; x_wconf 92' lang='lat' dir='ltr'><strong>iuste,</strong></span> <span class='ocrx_word' id='word_1_112' title='bbox 1418 1727 1509 1825; x_wconf 90' lang='lat' dir='ltr'><strong>quia</strong></span> <span class='ocrx_word' id='word_1_113' title='bbox 1529 1727 1687 1827; x_wconf 89' lang='lat' dir='ltr'><strong>quidam</strong></span> <span class='ocrx_word' id='word_1_114' title='bbox 1707 1727 1795 1804; x_wconf 89' lang='lat' dir='ltr'><strong>talis</strong></span> <span class='ocrx_word' id='word_1_115' title='bbox 1818 1737 1974 1827; x_wconf 91' lang='lat' dir='ltr'><strong>questus</strong></span> 
     </span>
     <span class='ocr_line' id='line_1_12' title="bbox 386 1844 1975 1946; baseline -0.003 -22"><span class='ocrx_word' id='word_1_116' title='bbox 386 1848 524 1925; x_wconf 89' lang='lat' dir='ltr'><strong>fuitde</strong></span> <span class='ocrx_word' id='word_1_117' title='bbox 538 1855 722 1946; x_wconf 80' lang='lat' dir='ltr'><strong>querente</strong></span> <span class='ocrx_word' id='word_1_118' title='bbox 736 1846 865 1923; x_wconf 86' lang='lat' dir='ltr'><strong>detali</strong></span> <span class='ocrx_word' id='word_1_119' title='bbox 880 1846 1030 1934; x_wconf 89' lang='lat' dir='ltr'><strong>iniuria,</strong></span> <span class='ocrx_word' id='word_1_120' title='bbox 1045 1846 1142 1922; x_wconf 90' lang='lat' dir='ltr'><strong>sicut</strong></span> <span class='ocrx_word' id='word_1_121' title='bbox 1156 1845 1204 1922; x_wconf 94' lang='lat' dir='ltr'><strong>de</strong></span> <span class='ocrx_word' id='word_1_122' title='bbox 1218 1845 1438 1922; x_wconf 85' lang='lat' dir='ltr'><strong>verberibus</strong></span> <span class='ocrx_word' id='word_1_123' title='bbox 1454 1855 1492 1922; x_wconf 94' lang='lat' dir='ltr'><strong>et</strong></span> <span class='ocrx_word' id='word_1_124' title='bbox 1507 1845 1695 1943; x_wconf 84' lang='lat' dir='ltr'><strong>sanguine</strong></span> <span class='ocrx_word' id='word_1_125' title='bbox 1709 1845 1835 1922; x_wconf 85' lang='lat' dir='ltr'><strong>effuso</strong></span> <span class='ocrx_word' id='word_1_126' title='bbox 1850 1845 1911 1920; x_wconf 87' lang='lat' dir='ltr'><strong>vel</strong></span> <span class='ocrx_word' id='word_1_127' title='bbox 1927 1844 1975 1920; x_wconf 91' lang='lat' dir='ltr'><strong>de</strong></span> 
     </span>
     <span class='ocr_line' id='line_1_13' title="bbox 385 1963 1975 2062; baseline -0.001 -18"><span class='ocrx_word' id='word_1_128' title='bbox 385 1967 454 2044; x_wconf 86' lang='lat' dir='ltr'><strong>tali</strong></span> <span class='ocrx_word' id='word_1_129' title='bbox 470 1965 598 2043; x_wconf 90' lang='lat' dir='ltr'><strong>debito</strong></span> <span class='ocrx_word' id='word_1_130' title='bbox 613 1966 693 2042; x_wconf 93' lang='lat' dir='ltr'><strong>sine</strong></span> <span class='ocrx_word' id='word_1_131' title='bbox 707 1964 823 2041; x_wconf 88' lang='lat' dir='ltr'><strong>brevi.</strong></span> <span class='ocrx_word' id='word_1_132' title='bbox 840 1964 898 2041; x_wconf 87' lang='lat' dir='ltr'><strong>Et</strong></span> <span class='ocrx_word' id='word_1_133' title='bbox 914 1964 1016 2040; x_wconf 90' lang='lat' dir='ltr'><strong>unde</strong></span> <span class='ocrx_word' id='word_1_134' title='bbox 1031 1963 1120 2041; x_wconf 86' lang='lat' dir='ltr'><strong>talis</strong></span> <span class='ocrx_word' id='word_1_135' title='bbox 1136 1965 1390 2040; x_wconf 90' lang='lat' dir='ltr'><strong>summonitus</strong></span> <span class='ocrx_word' id='word_1_136' title='bbox 1406 1963 1483 2042; x_wconf 89' lang='lat' dir='ltr'><strong>fuit</strong></span> <span class='ocrx_word' id='word_1_137' title='bbox 1499 1965 1603 2062; x_wconf 90' lang='lat' dir='ltr'><strong>quod</strong></span> <span class='ocrx_word' id='word_1_138' title='bbox 1618 1963 1744 2041; x_wconf 82' lang='lat' dir='ltr'><strong>esset⁸⁵</strong></span> <span class='ocrx_word' id='word_1_139' title='bbox 1761 1966 1812 2040; x_wconf 85' lang='lat' dir='ltr'><strong>ad</strong></span> <span class='ocrx_word' id='word_1_140' title='bbox 1827 1974 1975 2042; x_wconf 86' lang='lat' dir='ltr'><strong>certum</strong></span> 
     </span>
     <span class='ocr_line' id='line_1_14' title="bbox 386 2081 1975 2183; baseline -0.001 -22"><span class='ocrx_word' id='word_1_141' title='bbox 386 2085 487 2161; x_wconf 91' lang='lat' dir='ltr'><strong>diem</strong></span> <span class='ocrx_word' id='word_1_142' title='bbox 503 2083 594 2161; x_wconf 90' lang='lat' dir='ltr'><strong>inde</strong></span> <span class='ocrx_word' id='word_1_143' title='bbox 610 2107 875 2183; x_wconf 88' lang='lat' dir='ltr'><strong>responsurus,</strong></span> <span class='ocrx_word' id='word_1_144' title='bbox 894 2082 945 2158; x_wconf 92' lang='lat' dir='ltr'><strong>ad</strong></span> <span class='ocrx_word' id='word_1_145' title='bbox 962 2107 1076 2179; x_wconf 91' lang='lat' dir='ltr'><strong>quem</strong></span> <span class='ocrx_word' id='word_1_146' title='bbox 1094 2081 1196 2159; x_wconf 92' lang='lat' dir='ltr'><strong>diem</strong></span> <span class='ocrx_word' id='word_1_147' title='bbox 1212 2107 1291 2157; x_wconf 92' lang='lat' dir='ltr'><strong>non</strong></span> <span class='ocrx_word' id='word_1_148' title='bbox 1309 2081 1414 2159; x_wconf 87' lang='lat' dir='ltr'><strong>venit</strong></span> <span class='ocrx_word' id='word_1_149' title='bbox 1431 2107 1502 2158; x_wconf 88' lang='lat' dir='ltr'><strong>nec</strong></span> <span class='ocrx_word' id='word_1_150' title='bbox 1519 2107 1560 2159; x_wconf 90' lang='lat' dir='ltr'><strong>se</strong></span> <span class='ocrx_word' id='word_1_151' title='bbox 1578 2082 1794 2171; x_wconf 87' lang='lat' dir='ltr'><strong>essoniavit,</strong></span> <span class='ocrx_word' id='word_1_152' title='bbox 1814 2093 1853 2161; x_wconf 94' lang='lat' dir='ltr'><strong>et</strong></span> <span class='ocrx_word' id='word_1_153' title='bbox 1871 2083 1975 2160; x_wconf 90' lang='lat' dir='ltr'><strong>unde</strong></span> 
     </span>
     <span class='ocr_line' id='line_1_15' title="bbox 384 2199 1973 2302; baseline -0.001 -24"><span class='ocrx_word' id='word_1_154' title='bbox 384 2229 456 2302; x_wconf 91' lang='lat' dir='ltr'><strong>per</strong></span> <span class='ocrx_word' id='word_1_155' title='bbox 468 2201 811 2278; x_wconf 84' lang='lat' dir='ltr'><strong>considerationem</strong></span> <span class='ocrx_word' id='word_1_156' title='bbox 823 2199 937 2276; x_wconf 79' lang='lat' dir='ltr'><strong>curiae</strong></span> <span class='ocrx_word' id='word_1_157' title='bbox 949 2225 1042 2276; x_wconf 83' lang='lat' dir='ltr'><strong>meae</strong></span> <span class='ocrx_word' id='word_1_158' title='bbox 1056 2200 1252 2276; x_wconf 86' lang='lat' dir='ltr'><strong>districtus</strong></span> <span class='ocrx_word' id='word_1_159' title='bbox 1267 2200 1344 2276; x_wconf 84' lang='lat' dir='ltr'><strong>fuit</strong></span> <span class='ocrx_word' id='word_1_160' title='bbox 1358 2200 1463 2297; x_wconf 92' lang='lat' dir='ltr'><strong>quod</strong></span> <span class='ocrx_word' id='word_1_161' title='bbox 1475 2209 1575 2277; x_wconf 88' lang='lat' dir='ltr'><strong>esset</strong></span> <span class='ocrx_word' id='word_1_162' title='bbox 1589 2200 1639 2275; x_wconf 93' lang='lat' dir='ltr'><strong>ad</strong></span> <span class='ocrx_word' id='word_1_163' title='bbox 1653 2199 1772 2276; x_wconf 87' lang='lat' dir='ltr'><strong>alium</strong></span> <span class='ocrx_word' id='word_1_164' title='bbox 1785 2200 1898 2276; x_wconf 90' lang='lat' dir='ltr'><strong>diem.</strong></span> <span class='ocrx_word' id='word_1_165' title='bbox 1915 2200 1973 2276; x_wconf 85' lang='lat' dir='ltr'><strong>Et</strong></span> 
     </span>
     <span class='ocr_line' id='line_1_16' title="bbox 386 2316 1974 2419; baseline -0.001 -24"><span class='ocrx_word' id='word_1_166' title='bbox 386 2318 437 2395; x_wconf 92' lang='lat' dir='ltr'><strong>ad</strong></span> <span class='ocrx_word' id='word_1_167' title='bbox 453 2344 567 2419; x_wconf 90' lang='lat' dir='ltr'><strong>quem</strong></span> <span class='ocrx_word' id='word_1_168' title='bbox 586 2319 686 2394; x_wconf 91' lang='lat' dir='ltr'><strong>diem</strong></span> <span class='ocrx_word' id='word_1_169' title='bbox 703 2343 782 2394; x_wconf 93' lang='lat' dir='ltr'><strong>non</strong></span> <span class='ocrx_word' id='word_1_170' title='bbox 799 2316 916 2406; x_wconf 86' lang='lat' dir='ltr'><strong>venit,</strong></span> <span class='ocrx_word' id='word_1_171' title='bbox 934 2326 974 2394; x_wconf 93' lang='lat' dir='ltr'><strong>et</strong></span> <span class='ocrx_word' id='word_1_172' title='bbox 990 2317 1047 2394; x_wconf 92' lang='lat' dir='ltr'><strong>ita</strong></span> <span class='ocrx_word' id='word_1_173' title='bbox 1063 2317 1166 2415; x_wconf 93' lang='lat' dir='ltr'><strong>quod</strong></span> <span class='ocrx_word' id='word_1_174' title='bbox 1184 2317 1278 2394; x_wconf 88' lang='lat' dir='ltr'><strong>alias</strong></span> <span class='ocrx_word' id='word_1_175' title='bbox 1297 2343 1368 2416; x_wconf 92' lang='lat' dir='ltr'><strong>per</strong></span> <span class='ocrx_word' id='word_1_176' title='bbox 1385 2317 1729 2395; x_wconf 86' lang='lat' dir='ltr'><strong>considerationem</strong></span> <span class='ocrx_word' id='word_1_177' title='bbox 1746 2317 1860 2394; x_wconf 76' lang='lat' dir='ltr'><strong>curiae</strong></span> <span class='ocrx_word' id='word_1_178' title='bbox 1878 2343 1974 2418; x_wconf 80' lang='lat' dir='ltr'><strong>prae·</strong></span> 
     </span>
     <span class='ocr_line' id='line_1_17' title="bbox 385 2433 1974 2536; baseline -0.001 -24"><span class='ocrx_word' id='word_1_179' title='bbox 385 2445 542 2536; x_wconf 91' lang='lat' dir='ltr'><strong>ceptum</strong></span> <span class='ocrx_word' id='word_1_180' title='bbox 562 2437 639 2512; x_wconf 87' lang='lat' dir='ltr'><strong>fuit</strong></span> <span class='ocrx_word' id='word_1_181' title='bbox 658 2437 763 2534; x_wconf 92' lang='lat' dir='ltr'><strong>quod</strong></span> <span class='ocrx_word' id='word_1_182' title='bbox 782 2435 910 2512; x_wconf 88' lang='lat' dir='ltr'><strong>averia</strong></span> <span class='ocrx_word' id='word_1_183' title='bbox 931 2433 1085 2533; x_wconf 83' lang='lat' dir='ltr'><strong>primo⁸⁸</strong></span> <span class='ocrx_word' id='word_1_184' title='bbox 1107 2444 1224 2533; x_wconf 91' lang='lat' dir='ltr'><strong>capta</strong></span> <span class='ocrx_word' id='word_1_185' title='bbox 1242 2434 1512 2524; x_wconf 88' lang='lat' dir='ltr'><strong>retinerentur,</strong></span> <span class='ocrx_word' id='word_1_186' title='bbox 1535 2445 1574 2514; x_wconf 88' lang='lat' dir='ltr'><strong>et</strong></span> <span class='ocrx_word' id='word_1_187' title='bbox 1595 2444 1826 2535; x_wconf 83' lang='lat' dir='ltr'><strong>caperentur</strong></span> <span class='ocrx_word' id='word_1_188' title='bbox 1847 2436 1974 2535; x_wconf 88' lang='lat' dir='ltr'><strong>plura.</strong></span> 
     </span>
     <span class='ocr_line' id='line_1_18' title="bbox 386 2552 1974 2653; baseline 0 -23"><span class='ocrx_word' id='word_1_189' title='bbox 386 2554 444 2631; x_wconf 85' lang='lat' dir='ltr'><strong>Et</strong></span> <span class='ocrx_word' id='word_1_190' title='bbox 460 2554 517 2630; x_wconf 92' lang='lat' dir='ltr'><strong>ita</strong></span> <span class='ocrx_word' id='word_1_191' title='bbox 533 2579 605 2653; x_wconf 87' lang='lat' dir='ltr'><strong>per</strong></span> <span class='ocrx_word' id='word_1_192' title='bbox 622 2553 803 2630; x_wconf 92' lang='lat' dir='ltr'><strong>iudicium</strong></span> <span class='ocrx_word' id='word_1_193' title='bbox 821 2552 920 2629; x_wconf 91' lang='lat' dir='ltr'><strong>iuste</strong></span> <span class='ocrx_word' id='word_1_194' title='bbox 939 2561 1054 2651; x_wconf 89' lang='lat' dir='ltr'><strong>capta</strong></span> <span class='ocrx_word' id='word_1_195' title='bbox 1073 2553 1245 2642; x_wconf 87' lang='lat' dir='ltr'><strong>fuerunt,</strong></span> <span class='ocrx_word' id='word_1_196' title='bbox 1265 2562 1305 2629; x_wconf 90' lang='lat' dir='ltr'><strong>et</strong></span> <span class='ocrx_word' id='word_1_197' title='bbox 1323 2577 1401 2629; x_wconf 93' lang='lat' dir='ltr'><strong>non</strong></span> <span class='ocrx_word' id='word_1_198' title='bbox 1419 2552 1577 2630; x_wconf 93' lang='lat' dir='ltr'><strong>detenta</strong></span> <span class='ocrx_word' id='word_1_199' title='bbox 1596 2553 1735 2630; x_wconf 92' lang='lat' dir='ltr'><strong>iniuste</strong></span> <span class='ocrx_word' id='word_1_200' title='bbox 1754 2563 1890 2630; x_wconf 90' lang='lat' dir='ltr'><strong>contra</strong></span> <span class='ocrx_word' id='word_1_201' title='bbox 1908 2580 1974 2630; x_wconf 84' lang='lat' dir='ltr'><strong>va·</strong></span> 
     </span>
     <span class='ocr_line' id='line_1_19' title="bbox 385 2669 1974 2772; baseline -0.001 -23"><span class='ocrx_word' id='word_1_202' title='bbox 385 2673 494 2749; x_wconf 92' lang='lat' dir='ltr'><strong>dium</strong></span> <span class='ocrx_word' id='word_1_203' title='bbox 507 2682 546 2750; x_wconf 90' lang='lat' dir='ltr'><strong>et</strong></span> <span class='ocrx_word' id='word_1_204' title='bbox 562 2671 709 2770; x_wconf 80' lang='lat' dir='ltr'><strong>plegios</strong></span> <span class='ocrx_word' id='word_1_205' title='bbox 725 2671 816 2769; x_wconf 90' lang='lat' dir='ltr'><strong>quia</strong></span> <span class='ocrx_word' id='word_1_206' title='bbox 830 2696 1041 2768; x_wconf 91' lang='lat' dir='ltr'><strong>numquam</strong></span> <span class='ocrx_word' id='word_1_207' title='bbox 1057 2671 1192 2769; x_wconf 89' lang='lat' dir='ltr'><strong>petita.</strong></span> <span class='ocrx_word' id='word_1_208' title='bbox 1209 2670 1284 2747; x_wconf 92' lang='lat' dir='ltr'><strong>Vel</strong></span> <span class='ocrx_word' id='word_1_209' title='bbox 1301 2670 1370 2746; x_wconf 87' lang='lat' dir='ltr'><strong>sic:</strong></span> <span class='ocrx_word' id='word_1_210' title='bbox 1387 2669 1502 2748; x_wconf 76' lang='lat' dir='ltr'><strong>cum⁸&#39;</strong></span> <span class='ocrx_word' id='word_1_211' title='bbox 1519 2673 1645 2770; x_wconf 92' lang='lat' dir='ltr'><strong>primo</strong></span> <span class='ocrx_word' id='word_1_212' title='bbox 1662 2682 1752 2772; x_wconf 90' lang='lat' dir='ltr'><strong>post</strong></span> <span class='ocrx_word' id='word_1_213' title='bbox 1768 2673 1974 2750; x_wconf 91' lang='lat' dir='ltr'><strong>summoni-</strong></span> 
     </span>
     <span class='ocr_line' id='line_1_20' title="bbox 384 2787 1973 2891; baseline -0.001 -24"><span class='ocrx_word' id='word_1_214' title='bbox 384 2791 529 2867; x_wconf 89' lang='lat' dir='ltr'><strong>tionem</strong></span> <span class='ocrx_word' id='word_1_215' title='bbox 546 2799 664 2889; x_wconf 89' lang='lat' dir='ltr'><strong>capta</strong></span> <span class='ocrx_word' id='word_1_216' title='bbox 680 2798 807 2866; x_wconf 90' lang='lat' dir='ltr'><strong>essent</strong></span> <span class='ocrx_word' id='word_1_217' title='bbox 825 2789 955 2865; x_wconf 88' lang='lat' dir='ltr'><strong>averia</strong></span> <span class='ocrx_word' id='word_1_218' title='bbox 972 2813 1046 2887; x_wconf 88' lang='lat' dir='ltr'><strong>pro</strong></span> <span class='ocrx_word' id='word_1_219' title='bbox 1066 2788 1214 2864; x_wconf 89' lang='lat' dir='ltr'><strong>defalta</strong></span> <span class='ocrx_word' id='word_1_220' title='bbox 1232 2787 1354 2888; x_wconf 89' lang='lat' dir='ltr'><strong>ipsius</strong></span> <span class='ocrx_word' id='word_1_221' title='bbox 1373 2791 1579 2888; x_wconf 87' lang='lat' dir='ltr'><strong>querentis,</strong></span> <span class='ocrx_word' id='word_1_222' title='bbox 1599 2799 1639 2867; x_wconf 90' lang='lat' dir='ltr'><strong>et</strong></span> <span class='ocrx_word' id='word_1_223' title='bbox 1658 2790 1783 2889; x_wconf 85' lang='lat' dir='ltr'><strong>petits</strong></span> <span class='ocrx_word' id='word_1_224' title='bbox 1801 2817 1873 2890; x_wconf 90' lang='lat' dir='ltr'><strong>per</strong></span> <span class='ocrx_word' id='word_1_225' title='bbox 1892 2791 1973 2891; x_wconf 92' lang='lat' dir='ltr'><strong>ple·</strong></span> 
     </span>
     <span class='ocr_line' id='line_1_21' title="bbox 385 2906 1976 3007; baseline 0.001 -23"><span class='ocrx_word' id='word_1_226' title='bbox 385 2908 469 3007; x_wconf 80' lang='lat' dir='ltr'><strong>glos</strong></span> <span class='ocrx_word' id='word_1_227' title='bbox 488 2907 523 2985; x_wconf 92' lang='lat' dir='ltr'><strong>ei</strong></span> <span class='ocrx_word' id='word_1_228' title='bbox 542 2907 752 2984; x_wconf 87' lang='lat' dir='ltr'><strong>deliberata</strong></span> <span class='ocrx_word' id='word_1_229' title='bbox 772 2916 898 2985; x_wconf 88' lang='lat' dir='ltr'><strong>essent</strong></span> <span class='ocrx_word' id='word_1_230' title='bbox 918 2931 989 3005; x_wconf 92' lang='lat' dir='ltr'><strong>per</strong></span> <span class='ocrx_word' id='word_1_231' title='bbox 1010 2907 1062 2983; x_wconf 87' lang='lat' dir='ltr'><strong>sic</strong></span> <span class='ocrx_word' id='word_1_232' title='bbox 1083 2907 1186 3006; x_wconf 90' lang='lat' dir='ltr'><strong>quod</strong></span> <span class='ocrx_word' id='word_1_233' title='bbox 1207 2906 1354 2984; x_wconf 87' lang='lat' dir='ltr'><strong>veniret</strong></span> <span class='ocrx_word' id='word_1_234' title='bbox 1375 2908 1425 2984; x_wconf 82' lang='lat' dir='ltr'><strong>ad</strong></span> <span class='ocrx_word' id='word_1_235' title='bbox 1446 2907 1565 2983; x_wconf 86' lang='lat' dir='ltr'><strong>alium</strong></span> <span class='ocrx_word' id='word_1_236' title='bbox 1587 2907 1688 2985; x_wconf 91' lang='lat' dir='ltr'><strong>diem</strong></span> <span class='ocrx_word' id='word_1_237' title='bbox 1708 2908 1976 2986; x_wconf 89' lang='lat' dir='ltr'><strong>rationabilem</strong></span> 
     </span>
     <span class='ocr_line' id='line_1_22' title="bbox 384 3024 1975 3124; baseline 0 -22"><span class='ocrx_word' id='word_1_238' title='bbox 384 3026 474 3102; x_wconf 92' lang='lat' dir='ltr'><strong>inde</strong></span> <span class='ocrx_word' id='word_1_239' title='bbox 500 3047 766 3124; x_wconf 86' lang='lat' dir='ltr'><strong>responsurus,</strong></span> <span class='ocrx_word' id='word_1_240' title='bbox 793 3032 833 3100; x_wconf 90' lang='lat' dir='ltr'><strong>et</strong></span> <span class='ocrx_word' id='word_1_241' title='bbox 859 3025 931 3101; x_wconf 90' lang='lat' dir='ltr'><strong>nisi</strong></span> <span class='ocrx_word' id='word_1_242' title='bbox 956 3024 1105 3102; x_wconf 86' lang='lat' dir='ltr'><strong>veniret</strong></span> <span class='ocrx_word' id='word_1_243' title='bbox 1130 3025 1236 3124; x_wconf 91' lang='lat' dir='ltr'><strong>quod</strong></span> <span class='ocrx_word' id='word_1_244' title='bbox 1262 3024 1390 3101; x_wconf 85' lang='lat' dir='ltr'><strong>averia</strong></span> <span class='ocrx_word' id='word_1_245' title='bbox 1417 3024 1748 3102; x_wconf 81' lang='lat' dir='ltr'><strong>retornarentur.⁸⁸</strong></span> <span class='ocrx_word' id='word_1_246' title='bbox 1775 3026 1846 3102; x_wconf 89' lang='lat' dir='ltr'><strong>Ad</strong></span> <span class='ocrx_word' id='word_1_247' title='bbox 1873 3025 1975 3103; x_wconf 91' lang='lat' dir='ltr'><strong>diem</strong></span> 
     </span>
     <span class='ocr_line' id='line_1_23' title="bbox 383 3142 1974 3242; baseline 0.001 -21"><span class='ocrx_word' id='word_1_248' title='bbox 383 3144 493 3221; x_wconf 94' lang='lat' dir='ltr'><strong>illum</strong></span> <span class='ocrx_word' id='word_1_249' title='bbox 506 3168 585 3220; x_wconf 93' lang='lat' dir='ltr'><strong>non</strong></span> <span class='ocrx_word' id='word_1_250' title='bbox 600 3142 716 3234; x_wconf 90' lang='lat' dir='ltr'><strong>venit,</strong></span> <span class='ocrx_word' id='word_1_251' title='bbox 733 3153 772 3220; x_wconf 89' lang='lat' dir='ltr'><strong>et</strong></span> <span class='ocrx_word' id='word_1_252' title='bbox 785 3151 984 3220; x_wconf 88' lang='lat' dir='ltr'><strong>retornata</strong></span> <span class='ocrx_word' id='word_1_253' title='bbox 1000 3143 1160 3221; x_wconf 86' lang='lat' dir='ltr'><strong>fuerunt</strong></span> <span class='ocrx_word' id='word_1_254' title='bbox 1176 3143 1304 3220; x_wconf 84' lang='lat' dir='ltr'><strong>averia</strong></span> <span class='ocrx_word' id='word_1_255' title='bbox 1320 3169 1390 3242; x_wconf 93' lang='lat' dir='ltr'><strong>per</strong></span> <span class='ocrx_word' id='word_1_256' title='bbox 1406 3144 1595 3220; x_wconf 81' lang='lat' dir='ltr'><strong>defaltum</strong></span> <span class='ocrx_word' id='word_1_257' title='bbox 1611 3171 1731 3234; x_wconf 89' lang='lat' dir='ltr'><strong>suam,</strong></span> <span class='ocrx_word' id='word_1_258' title='bbox 1748 3155 1787 3222; x_wconf 90' lang='lat' dir='ltr'><strong>et</strong></span> <span class='ocrx_word' id='word_1_259' title='bbox 1802 3146 1859 3222; x_wconf 88' lang='lat' dir='ltr'><strong>ite</strong></span> <span class='ocrx_word' id='word_1_260' title='bbox 1875 3146 1974 3224; x_wconf 90' lang='lat' dir='ltr'><strong>iuste</strong></span> 
     </span>
     <span class='ocr_line' id='line_1_24' title="bbox 384 3261 1975 3361; baseline 0.001 -23"><span class='ocrx_word' id='word_1_261' title='bbox 384 3271 511 3360; x_wconf 83' lang='lat' dir='ltr'><strong>capta</strong></span> <span class='ocrx_word' id='word_1_262' title='bbox 528 3261 597 3337; x_wconf 86' lang='lat' dir='ltr'><strong>Ad</strong></span> <span class='ocrx_word' id='word_1_263' title='bbox 611 3286 696 3360; x_wconf 86' lang='lat' dir='ltr'><strong>quae</strong></span> <span class='ocrx_word' id='word_1_264' title='bbox 710 3261 942 3361; x_wconf 86' lang='lat' dir='ltr'><strong>respondeat</strong></span> <span class='ocrx_word' id='word_1_265' title='bbox 958 3285 1120 3360; x_wconf 90' lang='lat' dir='ltr'><strong>querens</strong></span> <span class='ocrx_word' id='word_1_266' title='bbox 1137 3262 1240 3359; x_wconf 93' lang='lat' dir='ltr'><strong>quod</strong></span> <span class='ocrx_word' id='word_1_267' title='bbox 1256 3261 1395 3338; x_wconf 89' lang='lat' dir='ltr'><strong>iniuste</strong></span> <span class='ocrx_word' id='word_1_268' title='bbox 1412 3271 1451 3340; x_wconf 90' lang='lat' dir='ltr'><strong>et</strong></span> <span class='ocrx_word' id='word_1_269' title='bbox 1466 3262 1536 3338; x_wconf 88' lang='lat' dir='ltr'><strong>tali</strong></span> <span class='ocrx_word' id='word_1_270' title='bbox 1551 3263 1712 3339; x_wconf 90' lang='lat' dir='ltr'><strong>ratione.</strong></span> <span class='ocrx_word' id='word_1_271' title='bbox 1730 3264 1788 3340; x_wconf 86' lang='lat' dir='ltr'><strong>Et</strong></span> <span class='ocrx_word' id='word_1_272' title='bbox 1806 3263 1858 3340; x_wconf 90' lang='lat' dir='ltr'><strong>sic</strong></span> <span class='ocrx_word' id='word_1_273' title='bbox 1874 3264 1975 3340; x_wconf 90' lang='lat' dir='ltr'><strong>iuste</strong></span> 
     </span>
     <span class='ocr_line' id='line_1_25' title="bbox 385 3378 1976 3481; baseline 0.001 -25"><span class='ocrx_word' id='word_1_274' title='bbox 385 3380 472 3481; x_wconf 91' lang='lat' dir='ltr'><strong>capi</strong></span> <span class='ocrx_word' id='word_1_275' title='bbox 487 3390 650 3479; x_wconf 90' lang='lat' dir='ltr'><strong>possunt</strong></span> <span class='ocrx_word' id='word_1_276' title='bbox 664 3379 793 3456; x_wconf 86' lang='lat' dir='ltr'><strong>averia</strong></span> <span class='ocrx_word' id='word_1_277' title='bbox 807 3379 868 3456; x_wconf 86' lang='lat' dir='ltr'><strong>vel</strong></span> <span class='ocrx_word' id='word_1_278' title='bbox 882 3378 1021 3456; x_wconf 89' lang='lat' dir='ltr'><strong>iniuste</strong></span> <span class='ocrx_word' id='word_1_279' title='bbox 1038 3379 1233 3477; x_wconf 82' lang='lat' dir='ltr'><strong>assignata</strong></span> <span class='ocrx_word' id='word_1_280' title='bbox 1248 3381 1415 3457; x_wconf 84' lang='lat' dir='ltr'><strong>ratione:</strong></span> <span class='ocrx_word' id='word_1_281' title='bbox 1432 3380 1524 3478; x_wconf 92' lang='lat' dir='ltr'><strong>quia</strong></span> <span class='ocrx_word' id='word_1_282' title='bbox 1538 3406 1690 3479; x_wconf 90' lang='lat' dir='ltr'><strong>semper</strong></span> <span class='ocrx_word' id='word_1_283' title='bbox 1705 3380 1976 3479; x_wconf 90' lang='lat' dir='ltr'><strong>inquirendum</strong></span> 
     </span>
     <span class='ocr_line' id='line_1_26' title="bbox 385 3497 1974 3598; baseline -0.001 -23"><span class='ocrx_word' id='word_1_284' title='bbox 385 3499 457 3576; x_wconf 91' lang='lat' dir='ltr'><strong>erit</strong></span> <span class='ocrx_word' id='word_1_285' title='bbox 477 3524 554 3597; x_wconf 92' lang='lat' dir='ltr'><strong>qua</strong></span> <span class='ocrx_word' id='word_1_286' title='bbox 573 3498 767 3575; x_wconf 85' lang='lat' dir='ltr'><strong>occasione</strong></span> <span class='ocrx_word' id='word_1_287' title='bbox 788 3505 903 3596; x_wconf 83' lang='lat' dir='ltr'><strong>capte</strong></span> <span class='ocrx_word' id='word_1_288' title='bbox 924 3497 1082 3586; x_wconf 87' lang='lat' dir='ltr'><strong>fuerint,</strong></span> <span class='ocrx_word' id='word_1_289' title='bbox 1102 3505 1142 3574; x_wconf 90' lang='lat' dir='ltr'><strong>et</strong></span> <span class='ocrx_word' id='word_1_290' title='bbox 1162 3497 1240 3574; x_wconf 89' lang='lat' dir='ltr'><strong>sive</strong></span> <span class='ocrx_word' id='word_1_291' title='bbox 1259 3498 1358 3575; x_wconf 91' lang='lat' dir='ltr'><strong>iuste</strong></span> <span class='ocrx_word' id='word_1_292' title='bbox 1379 3497 1468 3574; x_wconf 79' lang='lat' dir='ltr'><strong>vel⁸⁰</strong></span> <span class='ocrx_word' id='word_1_293' title='bbox 1487 3497 1629 3575; x_wconf 90' lang='lat' dir='ltr'><strong>iniuste</strong></span> <span class='ocrx_word' id='word_1_294' title='bbox 1648 3508 1765 3598; x_wconf 90' lang='lat' dir='ltr'><strong>capta</strong></span> <span class='ocrx_word' id='word_1_295' title='bbox 1786 3498 1974 3586; x_wconf 83' lang='lat' dir='ltr'><strong>fuerint,⁴⁰</strong></span> 
     </span>
     <span class='ocr_line' id='line_1_27' title="bbox 383 3615 1973 3714; baseline -0.001 -20"><span class='ocrx_word' id='word_1_296' title='bbox 383 3627 515 3694; x_wconf 91' lang='lat' dir='ltr'><strong>tamen</strong></span> <span class='ocrx_word' id='word_1_297' title='bbox 529 3626 665 3693; x_wconf 90' lang='lat' dir='ltr'><strong>contra</strong></span> <span class='ocrx_word' id='word_1_298' title='bbox 679 3615 836 3692; x_wconf 87' lang='lat' dir='ltr'><strong>vadium</strong></span> <span class='ocrx_word' id='word_1_299' title='bbox 850 3625 888 3692; x_wconf 91' lang='lat' dir='ltr'><strong>et</strong></span> <span class='ocrx_word' id='word_1_300' title='bbox 904 3615 1052 3714; x_wconf 66' lang='lat' dir='ltr'><strong>pleffl&#39;os</strong></span> <span class='ocrx_word' id='word_1_301' title='bbox 1068 3616 1250 3714; x_wconf 86' lang='lat' dir='ltr'><strong>denegari</strong></span> <span class='ocrx_word' id='word_1_302' title='bbox 1267 3641 1345 3692; x_wconf 92' lang='lat' dir='ltr'><strong>non</strong></span> <span class='ocrx_word' id='word_1_303' title='bbox 1361 3615 1512 3704; x_wconf 92' lang='lat' dir='ltr'><strong>debent,</strong></span> <span class='ocrx_word' id='word_1_304' title='bbox 1531 3617 1625 3694; x_wconf 92' lang='lat' dir='ltr'><strong>dum</strong></span> <span class='ocrx_word' id='word_1_305' title='bbox 1639 3625 1771 3693; x_wconf 89' lang='lat' dir='ltr'><strong>tamen</strong></span> <span class='ocrx_word' id='word_1_306' title='bbox 1786 3617 1850 3692; x_wconf 92' lang='lat' dir='ltr'><strong>ille</strong></span> <span class='ocrx_word' id='word_1_307' title='bbox 1866 3617 1973 3693; x_wconf 90' lang='lat' dir='ltr'><strong>cuius</strong></span> 
     </span>
     <span class='ocr_line' id='line_1_28' title="bbox 385 3733 1974 3835; baseline 0.003 -25"><span class='ocrx_word' id='word_1_308' title='bbox 385 3735 532 3811; x_wconf 89' lang='lat' dir='ltr'><strong>fuerint</strong></span> <span class='ocrx_word' id='word_1_309' title='bbox 550 3744 710 3833; x_wconf 88' lang='lat' dir='ltr'><strong>paratus</strong></span> <span class='ocrx_word' id='word_1_310' title='bbox 729 3735 777 3811; x_wconf 93' lang='lat' dir='ltr'><strong>sit</strong></span> <span class='ocrx_word' id='word_1_311' title='bbox 796 3733 923 3810; x_wconf 86' lang='lat' dir='ltr'><strong>facere</strong></span> <span class='ocrx_word' id='word_1_312' title='bbox 943 3733 1045 3832; x_wconf 92' lang='lat' dir='ltr'><strong>quod</strong></span> <span class='ocrx_word' id='word_1_313' title='bbox 1064 3734 1112 3809; x_wconf 94' lang='lat' dir='ltr'><strong>de</strong></span> <span class='ocrx_word' id='word_1_314' title='bbox 1129 3734 1213 3810; x_wconf 90' lang='lat' dir='ltr'><strong>iure</strong></span> <span class='ocrx_word' id='word_1_315' title='bbox 1231 3733 1358 3810; x_wconf 86' lang='lat' dir='ltr'><strong>facere</strong></span> <span class='ocrx_word' id='word_1_316' title='bbox 1376 3734 1539 3810; x_wconf 91' lang='lat' dir='ltr'><strong>debebit.</strong></span> <span class='ocrx_word' id='word_1_317' title='bbox 1559 3735 1619 3810; x_wconf 87' lang='lat' dir='ltr'><strong>Et</strong></span> <span class='ocrx_word' id='word_1_318' title='bbox 1637 3737 1852 3812; x_wconf 84' lang='lat' dir='ltr'><strong>notandum</strong></span> <span class='ocrx_word' id='word_1_319' title='bbox 1870 3738 1974 3835; x_wconf 92' lang='lat' dir='ltr'><strong>quod</strong></span> 
     </span>
     <span class='ocr_line' id='line_1_29' title="bbox 384 3851 1975 3952; baseline 0.001 -24"><span class='ocrx_word' id='word_1_320' title='bbox 384 3853 526 3930; x_wconf 92' lang='lat' dir='ltr'><strong>iniusta</strong></span> <span class='ocrx_word' id='word_1_321' title='bbox 537 3853 667 3952; x_wconf 90' lang='lat' dir='ltr'><strong>captio</strong></span> <span class='ocrx_word' id='word_1_322' title='bbox 681 3853 875 3929; x_wconf 92' lang='lat' dir='ltr'><strong>emendari</strong></span> <span class='ocrx_word' id='word_1_323' title='bbox 887 3851 1032 3951; x_wconf 89' lang='lat' dir='ltr'><strong>poterit</strong></span> <span class='ocrx_word' id='word_1_324' title='bbox 1043 3877 1115 3951; x_wconf 92' lang='lat' dir='ltr'><strong>per</strong></span> <span class='ocrx_word' id='word_1_325' title='bbox 1127 3852 1281 3941; x_wconf 81' lang='lat' dir='ltr'><strong>vicinos,</strong></span> <span class='ocrx_word' id='word_1_326' title='bbox 1294 3852 1437 3930; x_wconf 90' lang='lat' dir='ltr'><strong>iniusta</strong></span> <span class='ocrx_word' id='word_1_327' title='bbox 1452 3862 1581 3929; x_wconf 88' lang='lat' dir='ltr'><strong>autem</strong></span> <span class='ocrx_word' id='word_1_328' title='bbox 1596 3853 1765 3930; x_wconf 88' lang='lat' dir='ltr'><strong>detentio</strong></span> <span class='ocrx_word' id='word_1_329' title='bbox 1779 3879 1868 3942; x_wconf 93' lang='lat' dir='ltr'><strong>non,</strong></span> <span class='ocrx_word' id='word_1_330' title='bbox 1884 3854 1975 3952; x_wconf 88' lang='lat' dir='ltr'><strong>quia</strong></span> 
     </span>
     <span class='ocr_line' id='line_1_30' title="bbox 384 3970 1864 4068; baseline 0.001 -21"><span class='ocrx_word' id='word_1_331' title='bbox 384 3971 455 4047; x_wconf 91' lang='lat' dir='ltr'><strong>boc</strong></span> <span class='ocrx_word' id='word_1_332' title='bbox 469 3981 529 4048; x_wconf 90' lang='lat' dir='ltr'><strong>est</strong></span> <span class='ocrx_word' id='word_1_333' title='bbox 542 3971 747 4048; x_wconf 85' lang='lat' dir='ltr'><strong>manifeste</strong></span> <span class='ocrx_word' id='word_1_334' title='bbox 763 3979 898 4047; x_wconf 92' lang='lat' dir='ltr'><strong>contra</strong></span> <span class='ocrx_word' id='word_1_335' title='bbox 912 3995 1047 4068; x_wconf 90' lang='lat' dir='ltr'><strong>pacem</strong></span> <span class='ocrx_word' id='word_1_336' title='bbox 1064 3971 1207 4046; x_wconf 93' lang='lat' dir='ltr'><strong>domini</strong></span> <span class='ocrx_word' id='word_1_337' title='bbox 1223 3970 1324 4068; x_wconf 85' lang='lat' dir='ltr'><strong>regis</strong></span> <span class='ocrx_word' id='word_1_338' title='bbox 1341 3980 1380 4047; x_wconf 92' lang='lat' dir='ltr'><strong>et</strong></span> <span class='ocrx_word' id='word_1_339' title='bbox 1395 3980 1531 4047; x_wconf 90' lang='lat' dir='ltr'><strong>contra</strong></span> <span class='ocrx_word' id='word_1_340' title='bbox 1546 3995 1726 4047; x_wconf 87' lang='lat' dir='ltr'><strong>coronam</strong></span> <span class='ocrx_word' id='word_1_341' title='bbox 1744 3997 1864 4048; x_wconf 85' lang='lat' dir='ltr'><strong>suam</strong></span> 
     </span>
     <span class='ocr_line' id='line_1_31' title="bbox 484 4086 1856 4186; baseline 0.001 -20"><span class='ocrx_word' id='word_1_342' title='bbox 484 4089 532 4167; x_wconf 86' lang='lat' dir='ltr'><strong>Si</strong></span> <span class='ocrx_word' id='word_1_343' title='bbox 546 4090 713 4166; x_wconf 78' lang='lat' dir='ltr'><strong>seruiens</strong></span> <span class='ocrx_word' id='word_1_344' title='bbox 729 4088 888 4166; x_wconf 64' lang='lat' dir='ltr'><strong>Murius</strong></span> <span class='ocrx_word' id='word_1_345' title='bbox 902 4088 1047 4186; x_wconf 77' lang='lat' dir='ltr'><strong>ceperit</strong></span> <span class='ocrx_word' id='word_1_346' title='bbox 1063 4086 1191 4164; x_wconf 79' lang='lat' dir='ltr'><strong>averia</strong></span> <span class='ocrx_word' id='word_1_347' title='bbox 1206 4087 1365 4164; x_wconf 70' lang='lat' dir='ltr'><strong>abtadus</strong></span> <span class='ocrx_word' id='word_1_348' title='bbox 1379 4088 1422 4165; x_wconf 83' lang='lat' dir='ltr'><strong>in</strong></span> <span class='ocrx_word' id='word_1_349' title='bbox 1438 4087 1612 4165; x_wconf 83' lang='lat' dir='ltr'><strong>absentia</strong></span> <span class='ocrx_word' id='word_1_350' title='bbox 1626 4089 1772 4168; x_wconf 76' lang='lat' dir='ltr'><strong>domiai</strong></span> <span class='ocrx_word' id='word_1_351' title='bbox 1786 4089 1856 4167; x_wconf 84' lang='lat' dir='ltr'><strong>eui.</strong></span> 
     </span>
    </p>

    <p class='ocr_par' dir='ltr' id='par_1_3' title="bbox 384 4204 1974 4907">
     <span class='ocr_line' id='line_1_32' title="bbox 388 4204 1974 4305; baseline 0.002 -21"><span class='ocrx_word' id='word_1_352' title='bbox 388 4207 467 4284; x_wconf 79' lang='lat' dir='ltr'><strong>Suu</strong></span> <span class='ocrx_word' id='word_1_353' title='bbox 485 4207 578 4305; x_wconf 90' lang='lat' dir='ltr'><strong>quid</strong></span> <span class='ocrx_word' id='word_1_354' title='bbox 596 4207 627 4283; x_wconf 88' lang='lat' dir='ltr'><strong>si</strong></span> <span class='ocrx_word' id='word_1_355' title='bbox 645 4205 811 4284; x_wconf 87' lang='lat' dir='ltr'><strong>serviens</strong></span> <span class='ocrx_word' id='word_1_356' title='bbox 831 4205 988 4284; x_wconf 91' lang='lat' dir='ltr'><strong>alicuius</strong></span> <span class='ocrx_word' id='word_1_357' title='bbox 1007 4205 1151 4304; x_wconf 89' lang='lat' dir='ltr'><strong>ceperit</strong></span> <span class='ocrx_word' id='word_1_358' title='bbox 1170 4207 1298 4282; x_wconf 87' lang='lat' dir='ltr'><strong>averia</strong></span> <span class='ocrx_word' id='word_1_359' title='bbox 1317 4204 1475 4282; x_wconf 73' lang='lat' dir='ltr'><strong>alicuius</strong></span> <span class='ocrx_word' id='word_1_360' title='bbox 1494 4207 1660 4284; x_wconf 90' lang='lat' dir='ltr'><strong>tenentis</strong></span> <span class='ocrx_word' id='word_1_361' title='bbox 1680 4209 1824 4284; x_wconf 93' lang='lat' dir='ltr'><strong>domini</strong></span> <span class='ocrx_word' id='word_1_362' title='bbox 1843 4209 1914 4298; x_wconf 90' lang='lat' dir='ltr'><strong>sui,</strong></span> <span class='ocrx_word' id='word_1_363' title='bbox 1935 4220 1974 4288; x_wconf 89' lang='lat' dir='ltr'><strong>et</strong></span> 
     </span>
     <span class='ocr_line' id='line_1_33' title="bbox 384 4326 1973 4428; baseline 0.002 -24"><span class='ocrx_word' id='word_1_364' title='bbox 384 4327 467 4427; x_wconf 89' lang='lat' dir='ltr'><strong>ipse</strong></span> <span class='ocrx_word' id='word_1_365' title='bbox 488 4337 623 4404; x_wconf 88' lang='lat' dir='ltr'><strong>tenens</strong></span> <span class='ocrx_word' id='word_1_366' title='bbox 645 4335 903 4427; x_wconf 89' lang='lat' dir='ltr'><strong>conqueratur</strong></span> <span class='ocrx_word' id='word_1_367' title='bbox 924 4326 971 4402; x_wconf 96' lang='lat' dir='ltr'><strong>de</strong></span> <span class='ocrx_word' id='word_1_368' title='bbox 994 4327 1182 4403; x_wconf 86' lang='lat' dir='ltr'><strong>serviente</strong></span> <span class='ocrx_word' id='word_1_369' title='bbox 1204 4327 1307 4424; x_wconf 94' lang='lat' dir='ltr'><strong>quod</strong></span> <span class='ocrx_word' id='word_1_370' title='bbox 1332 4326 1461 4402; x_wconf 91' lang='lat' dir='ltr'><strong>averia</strong></span> <span class='ocrx_word' id='word_1_371' title='bbox 1482 4353 1552 4404; x_wconf 93' lang='lat' dir='ltr'><strong>sua</strong></span> <span class='ocrx_word' id='word_1_372' title='bbox 1575 4327 1715 4404; x_wconf 87' lang='lat' dir='ltr'><strong>iniuste</strong></span> <span class='ocrx_word' id='word_1_373' title='bbox 1737 4328 1910 4428; x_wconf 87' lang='lat' dir='ltr'><strong>cepe1it⁴¹</strong></span> <span class='ocrx_word' id='word_1_374' title='bbox 1934 4340 1973 4407; x_wconf 90' lang='lat' dir='ltr'><strong>et</strong></span> 
     </span>
     <span class='ocr_line' id='line_1_34' title="bbox 385 4447 1973 4546; baseline 0.002 -24"><span class='ocrx_word' id='word_1_375' title='bbox 385 4457 520 4524; x_wconf 91' lang='lat' dir='ltr'><strong>contra</strong></span> <span class='ocrx_word' id='word_1_376' title='bbox 541 4448 697 4524; x_wconf 92' lang='lat' dir='ltr'><strong>vadium</strong></span> <span class='ocrx_word' id='word_1_377' title='bbox 719 4456 757 4523; x_wconf 91' lang='lat' dir='ltr'><strong>et</strong></span> <span class='ocrx_word' id='word_1_378' title='bbox 779 4447 928 4546; x_wconf 80' lang='lat' dir='ltr'><strong>plegios</strong></span> <span class='ocrx_word' id='word_1_379' title='bbox 951 4447 1169 4535; x_wconf 90' lang='lat' dir='ltr'><strong>detinuerit,</strong></span> <span class='ocrx_word' id='word_1_380' title='bbox 1193 4456 1232 4523; x_wconf 91' lang='lat' dir='ltr'><strong>et</strong></span> <span class='ocrx_word' id='word_1_381' title='bbox 1255 4447 1421 4523; x_wconf 86' lang='lat' dir='ltr'><strong>serviens</strong></span> <span class='ocrx_word' id='word_1_382' title='bbox 1444 4447 1590 4524; x_wconf 88' lang='lat' dir='ltr'><strong>curiam</strong></span> <span class='ocrx_word' id='word_1_383' title='bbox 1613 4447 1757 4524; x_wconf 92' lang='lat' dir='ltr'><strong>domini</strong></span> <span class='ocrx_word' id='word_1_384' title='bbox 1781 4449 1840 4526; x_wconf 90' lang='lat' dir='ltr'><strong>sui</strong></span> <span class='ocrx_word' id='word_1_385' title='bbox 1862 4474 1973 4525; x_wconf 85' lang='lat' dir='ltr'><strong>voca-</strong></span> 
     </span>
     <span class='ocr_line' id='line_1_35' title="bbox 384 4565 1972 4667; baseline 0.001 -22"><span class='ocrx_word' id='word_1_386' title='bbox 384 4569 482 4645; x_wconf 84' lang='lat' dir='ltr'><strong>verit</strong></span> <span class='ocrx_word' id='word_1_387' title='bbox 499 4569 549 4644; x_wconf 90' lang='lat' dir='ltr'><strong>ad</strong></span> <span class='ocrx_word' id='word_1_388' title='bbox 565 4576 792 4656; x_wconf 88' lang='lat' dir='ltr'><strong>warantum,</strong></span> <span class='ocrx_word' id='word_1_389' title='bbox 810 4577 849 4644; x_wconf 89' lang='lat' dir='ltr'><strong>et</strong></span> <span class='ocrx_word' id='word_1_390' title='bbox 865 4567 971 4642; x_wconf 90' lang='lat' dir='ltr'><strong>curia</strong></span> <span class='ocrx_word' id='word_1_391' title='bbox 986 4567 1020 4643; x_wconf 91' lang='lat' dir='ltr'><strong>ei</strong></span> <span class='ocrx_word' id='word_1_392' title='bbox 1036 4565 1342 4643; x_wconf 86' lang='lat' dir='ltr'><strong>warantizaverit</strong></span> <span class='ocrx_word' id='word_1_393' title='bbox 1361 4568 1409 4643; x_wconf 90' lang='lat' dir='ltr'><strong>de</strong></span> <span class='ocrx_word' id='word_1_394' title='bbox 1427 4567 1581 4644; x_wconf 84' lang='lat' dir='ltr'><strong>servitio</strong></span> <span class='ocrx_word' id='word_1_395' title='bbox 1598 4568 1702 4666; x_wconf 91' lang='lat' dir='ltr'><strong>quod</strong></span> <span class='ocrx_word' id='word_1_396' title='bbox 1719 4568 1824 4645; x_wconf 82' lang='lat' dir='ltr'><strong>non⁴²</strong></span> <span class='ocrx_word' id='word_1_397' title='bbox 1842 4594 1972 4667; x_wconf 83' lang='lat' dir='ltr'><strong>recog·</strong></span> 
     </span>
     <span class='ocr_line' id='line_1_36' title="bbox 384 4686 1973 4787; baseline 0.002 -24"><span class='ocrx_word' id='word_1_398' title='bbox 384 4688 576 4764; x_wconf 76' lang='lat' dir='ltr'><strong>noscitur?</strong></span> <span class='ocrx_word' id='word_1_399' title='bbox 592 4686 768 4763; x_wconf 87' lang='lat' dir='ltr'><strong>Serviens</strong></span> <span class='ocrx_word' id='word_1_400' title='bbox 783 4687 1008 4763; x_wconf 88' lang='lat' dir='ltr'><strong>liberabitur</strong></span> <span class='ocrx_word' id='word_1_401' title='bbox 1022 4695 1061 4763; x_wconf 94' lang='lat' dir='ltr'><strong>et</strong></span> <span class='ocrx_word' id='word_1_402' title='bbox 1075 4686 1181 4763; x_wconf 88' lang='lat' dir='ltr'><strong>curia</strong></span> <span class='ocrx_word' id='word_1_403' title='bbox 1196 4688 1244 4762; x_wconf 90' lang='lat' dir='ltr'><strong>de</strong></span> <span class='ocrx_word' id='word_1_404' title='bbox 1259 4687 1364 4763; x_wconf 84' lang='lat' dir='ltr'><strong>facto</strong></span> <span class='ocrx_word' id='word_1_405' title='bbox 1380 4686 1478 4764; x_wconf 82' lang='lat' dir='ltr'><strong>suo⁴⁸</strong></span> <span class='ocrx_word' id='word_1_406' title='bbox 1492 4688 1749 4787; x_wconf 90' lang='lat' dir='ltr'><strong>respondebit.</strong></span> <span class='ocrx_word' id='word_1_407' title='bbox 1769 4688 1847 4765; x_wconf 91' lang='lat' dir='ltr'><strong>Sed</strong></span> <span class='ocrx_word' id='word_1_408' title='bbox 1863 4715 1973 4766; x_wconf 91' lang='lat' dir='ltr'><strong>num-</strong></span> 
     </span>
     <span class='ocr_line' id='line_1_37' title="bbox 385 4805 1974 4907; baseline 0.002 -24"><span class='ocrx_word' id='word_1_409' title='bbox 385 4806 505 4907; x_wconf 77' lang='lat' dir='ltr'><strong>quid⁴⁴</strong></span> <span class='ocrx_word' id='word_1_410' title='bbox 526 4805 671 4906; x_wconf 87' lang='lat' dir='ltr'><strong>poterit</strong></span> <span class='ocrx_word' id='word_1_411' title='bbox 691 4807 797 4883; x_wconf 91' lang='lat' dir='ltr'><strong>curia</strong></span> <span class='ocrx_word' id='word_1_412' title='bbox 819 4808 899 4884; x_wconf 90' lang='lat' dir='ltr'><strong>sine</strong></span> <span class='ocrx_word' id='word_1_413' title='bbox 921 4807 1076 4883; x_wconf 93' lang='lat' dir='ltr'><strong>domino</strong></span> <span class='ocrx_word' id='word_1_414' title='bbox 1098 4807 1331 4906; x_wconf 91' lang='lat' dir='ltr'><strong>respondere</strong></span> <span class='ocrx_word' id='word_1_415' title='bbox 1352 4832 1441 4883; x_wconf 91' lang='lat' dir='ltr'><strong>cum</strong></span> <span class='ocrx_word' id='word_1_416' title='bbox 1464 4807 1661 4884; x_wconf 90' lang='lat' dir='ltr'><strong>servitium</strong></span> <span class='ocrx_word' id='word_1_417' title='bbox 1683 4817 1823 4907; x_wconf 86' lang='lat' dir='ltr'><strong>tangat</strong></span> <span class='ocrx_word' id='word_1_418' title='bbox 1846 4809 1974 4907; x_wconf 91' lang='lat' dir='ltr'><strong>ipsum</strong></span> 
     </span>
    </p>
   </div>
   <div class='ocr_carea' id='block_1_3' title="bbox 384 5023 1973 5508">
    <p class='ocr_par' dir='ltr' id='par_1_4' title="bbox 384 5023 1973 5508">
     <span class='ocr_line' id='line_1_38' title="bbox 384 5023 1972 5104; baseline 0.001 -17"><span class='ocrx_word' id='word_1_419' title='bbox 384 5024 537 5101; x_wconf 81' lang='lat' dir='ltr'><strong>¹⁸tamen,</strong></span> <span class='ocrx_word' id='word_1_420' title='bbox 560 5026 638 5102; x_wconf 87' lang='lat' dir='ltr'><strong>MG,</strong></span> <span class='ocrx_word' id='word_1_421' title='bbox 662 5026 728 5089; x_wconf 98' lang='grc'><strong>00.</strong></span> <span class='ocrx_word' id='word_1_422' title='bbox 774 5023 800 5060; x_wconf 76' lang='lat'><strong>²⁰</strong></span> <span class='ocrx_word' id='word_1_423' title='bbox 812 5024 933 5100; x_wconf 90' lang='lat' dir='ltr'><strong>damno,</strong></span> <span class='ocrx_word' id='word_1_424' title='bbox 958 5025 1036 5099; x_wconf 88' lang='lat' dir='ltr'><strong>MG,</strong></span> <span class='ocrx_word' id='word_1_425' title='bbox 1059 5025 1126 5086; x_wconf 86' lang='lat' dir='ltr'><strong>OC.</strong></span> <span class='ocrx_word' id='word_1_426' title='bbox 1172 5023 1199 5060; x_wconf 84' lang='lat'><strong>⁸⁰</strong></span> <span class='ocrx_word' id='word_1_427' title='bbox 1211 5024 1291 5101; x_wconf 83' lang='lat' dir='ltr'><strong>Om,</strong></span> <span class='ocrx_word' id='word_1_428' title='bbox 1316 5025 1385 5102; x_wconf 88' lang='lat' dir='ltr'><strong>OB,</strong></span> <span class='ocrx_word' id='word_1_429' title='bbox 1411 5025 1487 5101; x_wconf 98' lang='lat' dir='ltr'><strong>MA,</strong></span> <span class='ocrx_word' id='word_1_430' title='bbox 1512 5027 1587 5087; x_wconf 90' lang='grc' dir='ltr'><strong>ΜΒ.</strong></span> <span class='ocrx_word' id='word_1_431' title='bbox 1633 5024 1660 5060; x_wconf 86' lang='lat'><strong>⁸²</strong></span> <span class='ocrx_word' id='word_1_432' title='bbox 1672 5045 1777 5104; x_wconf 83' lang='lat' dir='ltr'><strong>quere,</strong></span> <span class='ocrx_word' id='word_1_433' title='bbox 1803 5029 1881 5104; x_wconf 91' lang='lat' dir='ltr'><strong>MG,</strong></span> <span class='ocrx_word' id='word_1_434' title='bbox 1906 5027 1972 5091; x_wconf 91' lang='grc'><strong>00.</strong></span> 
     </span>
     <span class='ocr_line' id='line_1_39' title="bbox 385 5125 1972 5207; baseline 0.001 -19"><span class='ocrx_word' id='word_1_435' title='bbox 385 5126 542 5199; x_wconf 83' lang='lat' dir='ltr'><strong>⁸²sufficit,</strong></span> <span class='ocrx_word' id='word_1_436' title='bbox 564 5126 631 5202; x_wconf 90' lang='lat' dir='ltr'><strong>LA,</strong></span> <span class='ocrx_word' id='word_1_437' title='bbox 653 5127 693 5203; x_wconf 91' lang='lat' dir='ltr'><strong>Y,</strong></span> <span class='ocrx_word' id='word_1_438' title='bbox 716 5126 790 5187; x_wconf 89' lang='lat' dir='ltr'><strong>MC.</strong></span> <span class='ocrx_word' id='word_1_439' title='bbox 834 5125 901 5161; x_wconf 75' lang='lat'>⁸⁸⁸⁸⁸</span> <span class='ocrx_word' id='word_1_440' title='bbox 912 5126 993 5203; x_wconf 90' lang='lat' dir='ltr'><strong>Om.,</strong></span> <span class='ocrx_word' id='word_1_441' title='bbox 1016 5127 1094 5202; x_wconf 92' lang='lat' dir='ltr'><strong>MG,</strong></span> <span class='ocrx_word' id='word_1_442' title='bbox 1117 5127 1182 5189; x_wconf 93' lang='lat' dir='ltr'><strong>OC.</strong></span> <span class='ocrx_word' id='word_1_443' title='bbox 1228 5125 1347 5203; x_wconf 76' lang='lat' dir='ltr'><strong>⁸⁸Om,</strong></span> <span class='ocrx_word' id='word_1_444' title='bbox 1371 5127 1448 5201; x_wconf 90' lang='lat' dir='ltr'><strong>MG,</strong></span> <span class='ocrx_word' id='word_1_445' title='bbox 1472 5127 1538 5190; x_wconf 95' lang='grc'><strong>00.</strong></span> <span class='ocrx_word' id='word_1_446' title='bbox 1582 5125 1610 5161; x_wconf 78' lang='lat'><strong>⁸⁸</strong></span> <span class='ocrx_word' id='word_1_447' title='bbox 1621 5133 1719 5207; x_wconf 89' lang='lat' dir='ltr'><strong>prius,</strong></span> <span class='ocrx_word' id='word_1_448' title='bbox 1744 5129 1811 5203; x_wconf 89' lang='lat' dir='ltr'><strong>LA,</strong></span> <span class='ocrx_word' id='word_1_449' title='bbox 1835 5131 1875 5206; x_wconf 92' lang='lat' dir='ltr'><strong>Y,</strong></span> <span class='ocrx_word' id='word_1_450' title='bbox 1899 5129 1972 5191; x_wconf 89' lang='lat' dir='ltr'><strong>MC.</strong></span> 
     </span>
     <span class='ocr_line' id='line_1_40' title="bbox 384 5223 1972 5308; baseline 0.003 -20"><span class='ocrx_word' id='word_1_451' title='bbox 384 5227 412 5263; x_wconf 68' lang='lat'><strong>⁸²</strong></span> <span class='ocrx_word' id='word_1_452' title='bbox 423 5226 515 5306; x_wconf 90' lang='lat' dir='ltr'><strong>quod,</strong></span> <span class='ocrx_word' id='word_1_453' title='bbox 537 5228 614 5303; x_wconf 89' lang='lat' dir='ltr'><strong>MG,</strong></span> <span class='ocrx_word' id='word_1_454' title='bbox 636 5227 701 5290; x_wconf 93' lang='grc'><strong>00.</strong></span> <span class='ocrx_word' id='word_1_455' title='bbox 745 5223 1025 5304; x_wconf 80' lang='lat' dir='ltr'><strong>⁸⁸retornerentur,</strong></span> <span class='ocrx_word' id='word_1_456' title='bbox 1047 5226 1118 5303; x_wconf 94' lang='lat' dir='ltr'><strong>0A,</strong></span> <span class='ocrx_word' id='word_1_457' title='bbox 1139 5228 1205 5304; x_wconf 89' lang='lat' dir='ltr'><strong>LA,</strong></span> <span class='ocrx_word' id='word_1_458' title='bbox 1227 5229 1305 5305; x_wconf 88' lang='lat' dir='ltr'><strong>MG,</strong></span> <span class='ocrx_word' id='word_1_459' title='bbox 1328 5229 1403 5302; x_wconf 85' lang='lat' dir='ltr'><strong>CM,</strong></span> <span class='ocrx_word' id='word_1_460' title='bbox 1424 5227 1491 5288; x_wconf 91' lang='grc'><strong>00.</strong></span> <span class='ocrx_word' id='word_1_461' title='bbox 1536 5226 1562 5264; x_wconf 83' lang='lat'><strong>⁸⁹</strong></span> <span class='ocrx_word' id='word_1_462' title='bbox 1574 5233 1649 5304; x_wconf 81' lang='lat' dir='ltr'><strong>sive,</strong></span> <span class='ocrx_word' id='word_1_463' title='bbox 1673 5231 1749 5306; x_wconf 87' lang='lat' dir='ltr'><strong>MA,</strong></span> <span class='ocrx_word' id='word_1_464' title='bbox 1773 5232 1848 5307; x_wconf 86' lang='lat' dir='ltr'><strong>cM,</strong></span> <span class='ocrx_word' id='word_1_465' title='bbox 1870 5233 1911 5308; x_wconf 90' lang='lat' dir='ltr'><strong>Y,</strong></span> <span class='ocrx_word' id='word_1_466' title='bbox 1932 5232 1972 5294; x_wconf 87' lang='lat' dir='ltr'><strong>V.</strong></span> 
     </span>
     <span class='ocr_line' id='line_1_41' title="bbox 385 5327 1973 5409; baseline 0.005 -22"><span class='ocrx_word' id='word_1_467' title='bbox 385 5327 561 5402; x_wconf 66' lang='lat' dir='ltr'><strong>”inerunt</strong></span> <span class='ocrx_word' id='word_1_468' title='bbox 578 5329 617 5402; x_wconf 94' lang='lat' dir='ltr'><strong>V,</strong></span> <span class='ocrx_word' id='word_1_469' title='bbox 634 5328 710 5401; x_wconf 92' lang='lat' dir='ltr'><strong>MA,</strong></span> <span class='ocrx_word' id='word_1_470' title='bbox 728 5329 794 5405; x_wconf 90' lang='grc'><strong>00,</strong></span> <span class='ocrx_word' id='word_1_471' title='bbox 810 5330 883 5390; x_wconf 86' lang='lat' dir='ltr'><strong>CM.</strong></span> <span class='ocrx_word' id='word_1_472' title='bbox 922 5327 948 5361; x_wconf 83' lang='lat'><strong>⁴¹</strong></span> <span class='ocrx_word' id='word_1_473' title='bbox 960 5333 1054 5405; x_wconf 85' lang='lat' dir='ltr'><strong>cepit,</strong></span> <span class='ocrx_word' id='word_1_474' title='bbox 1069 5329 1110 5406; x_wconf 89' lang='lat' dir='ltr'><strong>V,</strong></span> <span class='ocrx_word' id='word_1_475' title='bbox 1128 5331 1204 5405; x_wconf 89' lang='lat' dir='ltr'><strong>MA,</strong></span> <span class='ocrx_word' id='word_1_476' title='bbox 1221 5330 1298 5405; x_wconf 91' lang='lat' dir='ltr'><strong>MG,</strong></span> <span class='ocrx_word' id='word_1_477' title='bbox 1316 5329 1382 5392; x_wconf 88' lang='grc'><strong>00.</strong></span> <span class='ocrx_word' id='word_1_478' title='bbox 1421 5327 1540 5405; x_wconf 68' lang='lat' dir='ltr'><strong>“Om„</strong></span> <span class='ocrx_word' id='word_1_479' title='bbox 1558 5332 1635 5409; x_wconf 93' lang='lat' dir='ltr'><strong>MA,</strong></span> <span class='ocrx_word' id='word_1_480' title='bbox 1652 5331 1730 5408; x_wconf 88' lang='lat' dir='ltr'><strong>MG,</strong></span> <span class='ocrx_word' id='word_1_481' title='bbox 1748 5333 1813 5395; x_wconf 92' lang='grc'><strong>00.</strong></span> <span class='ocrx_word' id='word_1_482' title='bbox 1853 5331 1973 5408; x_wconf 72' lang='grc' dir='ltr'><strong>“οω.,</strong></span> 
     </span>
     <span class='ocr_line' id='line_1_42' title="bbox 385 5427 1053 5508; baseline -0.003 -16"><span class='ocrx_word' id='word_1_483' title='bbox 385 5429 454 5504; x_wconf 90' lang='grc' dir='ltr'><strong>ΟΒ,</strong></span> <span class='ocrx_word' id='word_1_484' title='bbox 468 5430 544 5502; x_wconf 90' lang='lat' dir='ltr'><strong>MA,</strong></span> <span class='ocrx_word' id='word_1_485' title='bbox 558 5429 634 5490; x_wconf 85' lang='grc' dir='ltr'><strong>ΜΒ.</strong></span> <span class='ocrx_word' id='word_1_486' title='bbox 669 5427 696 5461; x_wconf 84' lang='grc'>“</span> <span class='ocrx_word' id='word_1_487' title='bbox 707 5449 880 5508; x_wconf 87' lang='lat' dir='ltr'><strong>numquam,</strong></span> <span class='ocrx_word' id='word_1_488' title='bbox 895 5429 973 5505; x_wconf 88' lang='lat' dir='ltr'><strong>MG,</strong></span> <span class='ocrx_word' id='word_1_489' title='bbox 988 5430 1053 5492; x_wconf 91' lang='grc'><strong>00.</strong></span> 
     </span>
    </p>
   </div>
   <div class='ocr_carea' id='block_1_4' title="bbox 0 0 2192 6357">
    <p class='ocr_par' dir='ltr' id='par_1_5' title="bbox 0 0 2192 6357">
     <span class='ocr_line' id='line_1_43' title="bbox 0 0 2192 6357; baseline 0 0"><span class='ocrx_word' id='word_1_490' title='bbox 0 0 2192 6357; x_wconf 95' lang='lat' dir='ltr'><strong> </strong></span> 
     </span>
    </p>
   </div>
  </div>
 </body>
</html>
