4374 6366
373 478 447 548 428
904 472 1129 535 BRACTON:
1151 471 1211 534 DE
1236 471 1429 536 LEGIBUS

373 619 497 697 victus
516 620 647 710 fuerit,
668 630 736 697 aut
754 621 870 697 morti
888 621 1068 698 tradatur
1087 631 1156 699 aut
1174 647 1339 720 regnum
1359 622 1509 701 abiuret
1528 624 1588 700 vel
1608 623 1788 722 patriam,
1808 623 1965 700 comita·

373 747 470 828 tum,
486 738 691 827 civitatem,
706 738 875 838 burgum
888 739 950 816 vel
963 739 1106 829 villam,
1121 749 1190 818 aut
1205 740 1429 839 fustigetur,
1445 751 1485 818 et
1500 740 1553 818 sic
1568 741 1779 839 castigatus
1796 741 1965 818 dimitto

373 866 451 934 tur.

474 977 521 1054 Si
533 975 687 1070 furtiuo
700 975 742 1052 io
756 1001 874 1052 mono
890 973 1049 1054 alicuius
1062 975 1292 1056 inveniatur.
1449 1050 1452 1056 .

376 1092 423 1170 S1
439 1092 558 1170 vero⁸²
575 1093 727 1170 furtum
743 1094 783 1170 in
799 1093 946 1170 manu⁸⁸
962 1095 1023 1170 vel
1040 1094 1111 1172 sub
1128 1103 1322 1194 potestate
1339 1094 1498 1172 alicuius
1514 1093 1773 1184 inveniatur,⁸⁹
1791 1103 1884 1171 tunc
1901 1093 1966 1170 ille

373 1213 415 1289 in
443 1212 551 1288 cuius
580 1213 696 1288 domo
722 1212 785 1288 vel
814 1221 1008 1311 potestate
1037 1239 1097 1290 res
1128 1212 1275 1290 furtiva
1306 1214 1463 1290 inventa
1494 1214 1625 1302 fuerit,
1656 1212 1861 1301 tenebitur,
1893 1212 1966 1290 nisi

373 1341 592 1407 warantum
605 1331 792 1408 invenerit
807 1330 873 1430 qui
888 1357 976 1408 eum
991 1331 1079 1408 inde
1093 1331 1301 1409 defendere
1316 1330 1479 1431 possit.‘⁰

474 1450 521 1528 Si
534 1473 634 1526 ocor
649 1459 828 1526 teneatur
841 1473 891 1527 ec
904 1449 1015 1544 forto
1031 1449 1113 1527 viri.

375 1567 500 1644 Uxon
516 1592 608 1643 vero
624 1567 722 1644 sibi⁴²
740 1567 973 1666 desponsata
990 1592 1069 1644 non
1085 1568 1290 1659 tenebitur,
1308 1568 1400 1667 quia
1416 1567 1543 1646 virum
1561 1593 1738 1645 accusare
1755 1594 1834 1644 non
1851 1567 1965 1644 debet

373 1711 444 1763 nec
464 1687 643 1784 detegere
665 1686 816 1763 furtum
838 1711 951 1762 suum
972 1711 1095 1785 neque
1117 1686 1312 1775 feloniam,
1334 1712 1422 1763 cum
1442 1686 1529 1785 ipsa
1550 1686 1609 1764 sui
1631 1696 1864 1787 potestatem
1886 1713 1965 1764 non

374 1802 554 1892 habeat,⁴¹
568 1803 635 1880 sed
649 1803 719 1879 vir.
735 1802 963 1880 Consentire
978 1813 1109 1880 tamen
1123 1828 1202 1880 non
1216 1803 1331 1881 debet
1347 1805 1497 1881 feloniae
1512 1805 1584 1881 viri
1600 1806 1658 1882 sui
1674 1831 1797 1904 neque
1812 1806 1964 1883 coadiu-

374 1923 454 1998 trix
475 1947 567 2011 esse,
588 1923 655 1998 sed
677 1921 860 1998 feloniam
881 1931 920 1999 et
941 1922 1151 2021 nequitiam
1172 1922 1245 1998 viri
1266 1923 1451 2021 impedire
1474 1923 1588 2002 debet
1611 1935 1800 2023 quantum
1823 1935 1964 2025 potest.

376 2039 455 2116 In⁴⁸
471 2040 583 2116 certis
600 2049 730 2118 tamen
746 2039 895 2117 casibus
912 2042 960 2117 de
977 2040 1085 2116 furto
1100 2041 1294 2118 tenebitur
1311 2042 1342 2118 si
1360 2041 1511 2118 furtum
1528 2043 1747 2120 inveniatur
1764 2045 1834 2122 sub
1851 2045 1965 2122 clavi-

374 2158 446 2235 bus
465 2158 608 2235 uxoris.
628 2157 747 2234 Has⁴⁴
768 2158 922 2258 quidem
941 2158 1066 2236 claves
1085 2158 1225 2235 habere
1244 2159 1358 2236 debet
1378 2185 1479 2236 uxor
1498 2160 1569 2236 sub
1589 2162 1790 2238 custodia⁴⁵
1813 2173 1851 2240 et
1872 2187 1967 2239 cura

375 2275 485 2365 sua,⁴⁸
505 2279 629 2354 claves
648 2275 849 2352 videlicet⁴⁷
871 2276 1057 2376 dispensae
1078 2302 1166 2366 suae,
1187 2301 1284 2352 arcae
1302 2275 1419 2364 suae,‘⁸
1440 2287 1479 2356 et
1500 2277 1654 2355 scrinii⁴⁹
1674 2281 1744 2356 sui.
1766 2281 1876 2358 Etsi
1897 2281 1965 2356 ali·

374 2396 479 2495 quod
501 2396 653 2473 furtum
676 2395 746 2472 sub
767 2395 937 2472 clavibus
960 2394 1042 2472 istis
1065 2395 1294 2484 inveniatur,
1316 2421 1417 2472 uxor
1438 2421 1526 2472 cum
1549 2397 1632 2473 viro
1655 2398 1855 2497 culpabilis
1879 2400 1964 2477 erit.

377 2513 456 2592 Sed
471 2513 564 2613 quid
579 2514 610 2592 si
625 2539 686 2590 res
702 2514 850 2590 furtiva
864 2513 905 2588 in
920 2537 1039 2590 manu
1054 2512 1185 2591 uxoris
1201 2514 1440 2591 inveniatur?
1457 2513 1661 2614 Numquid
1675 2516 1870 2593 tenebitur
1885 2517 1966 2592 vir?

375 2633 481 2723 Non,
496 2640 541 2709 ut
554 2632 718 2720 videtur,
734 2633 805 2708 nisi
821 2632 854 2708 ei
869 2657 1048 2730 expresse
1062 2633 1306 2721 consenserit,
1322 2633 1383 2708 vel
1397 2657 1485 2708 cum
1501 2633 1631 2710 remei
1647 2634 1966 2724 warantizaverit,

374 2779 463 2831 cum
476 2755 604 2854 ipsum
617 2755 811 2834 vocaverit
827 2753 876 2829 ad
891 2763 1119 2844 warantum,
1134 2762 1173 2830 et
1188 2752 1420 2831 consensisse
1435 2755 1682 2853 presumitur
1697 2755 1769 2832 nisi
1786 2781 1966 2854 expresse

375 2877 587 2966 dissentiat,
609 2877 670 2954 vel
691 2876 763 2952 nisi
786 2877 833 2954 de
854 2902 899 2954 eo
920 2884 1177 2975 praesumatur
1198 2876 1302 2975 quod
1323 2875 1446 2954 fidelis
1469 2876 1530 2966 sit,
1553 2903 1598 2953 eo
1619 2878 1724 2975 quod
1745 2877 1967 2955 societatem

374 2999 463 3077 talis
478 3000 609 3076 uxoris
625 2999 809 3076 devitavit
824 2998 865 3075 in
881 3005 1070 3098 quantum
1086 2998 1226 3097 potuit.

474 3124 580 3200 Item
594 3123 628 3201 ai
640 3147 727 3200 cam
742 3122 824 3200 viro
838 3123 1013 3199 convicto
1025 3121 1157 3216 faerit.

376 3249 489 3324 Iram
504 3246 596 3346 quid
610 3248 683 3324 erit
697 3247 729 3323 si
744 3273 844 3323 uxor
857 3271 945 3322 cum
960 3246 1043 3322 viro
1058 3243 1259 3328 convicta⁵⁰
1275 3246 1395 3323 fuerit
1410 3247 1470 3323 vel
1486 3246 1663 3323 confessa
1678 3247 1782 3345 quod
1797 3246 1881 3321 viro
1896 3271 1965 3322 suo

374 3369 575 3447 consilium
594 3369 817 3468 praestiterit
838 3377 876 3444 et
897 3367 1104 3444 auxilium?
1125 3369 1327 3466 Numquid
1347 3367 1583 3445 tenebuntur
1603 3367 1738 3445 ambo?
1760 3369 1899 3456 Immo,
1920 3376 1967 3444 ut

375 3491 540 3580 videtur,
559 3490 675 3590 quia⁵²
694 3490 754 3567 vir
771 3498 901 3590 potest
919 3490 1041 3567 teneri
1061 3516 1132 3589 per
1151 3515 1190 3567 se
1209 3515 1297 3566 cum
1317 3489 1367 3568 sit
1384 3490 1521 3579 malus,
1542 3498 1581 3567 et
1600 3515 1701 3565 uxor
1720 3490 1863 3588 poterit
1884 3515 1965 3566 esse

375 3614 478 3690 bona
496 3623 534 3692 et
554 3613 676 3690 fidelis
695 3621 735 3690 et
754 3612 918 3690 liberari.
941 3613 1044 3689 Item
1063 3638 1163 3688 uxor
1182 3612 1286 3688 mala
1305 3637 1377 3711 per
1395 3638 1435 3689 se
1454 3620 1494 3689 et
1513 3611 1573 3688 vir
1592 3611 1726 3689 fidelis.
1749 3611 1851 3688 Cum
1872 3635 1965 3709 ergo

375 3745 538 3835 uterque
553 3734 701 3835 possit⁸²
718 3761 798 3812 esse
814 3736 939 3812 malus
955 3762 1025 3835 per
1043 3761 1083 3812 se
1098 3745 1137 3812 et
1154 3736 1252 3812 alter
1267 3760 1401 3811 eorum
1417 3734 1551 3823 bonus,
1570 3734 1625 3811 ita
1641 3733 1786 3832 poterit
1802 3741 1965 3831 uterque

375 3857 557 3934 illorum⁸⁸
578 3858 691 3935 simul
712 3867 752 3935 et
770 3857 1003 3934 coniunctim
1024 3883 1104 3934 esse
1124 3856 1249 3933 malus
1270 3858 1368 3933 sicut
1388 3853 1553 3932 bonust*
1574 3855 1668 3931 Non
1688 3856 1811 3953 igitur
1831 3855 1904 3931 erit
1925 3854 1966 3930 in

375 3981 480 4058 omni
506 4007 597 4058 casu
623 4006 723 4058 uxor
748 3979 996 4057 deliberanda
1021 3988 1184 4078 propter
1209 3978 1421 4067 eonsilium,
1449 3976 1636 4054 auxilium
1661 3985 1701 4054 et
1727 4001 1966 4064 consensum,

375 4104 522 4180 desicut
540 4112 630 4180 sunt
647 4103 855 4202 participes
873 4101 1098 4190 incrimine,
1116 4103 1172 4177 ita
1188 4101 1395 4200 participes
1414 4109 1529 4177 erunt
1546 4099 1587 4175 in
1605 4123 1731 4198 poena.
1752 4100 1810 4176 Et
1829 4099 1860 4175 si
1879 4099 1965 4174 obe-

376 4226 458 4302 dire
480 4226 617 4302 debeat
637 4225 732 4313 viro,
754 4225 794 4300 in
816 4223 1094 4301 atrocioribus·⁸
1115 4233 1247 4300 tamen
1269 4247 1348 4299 non
1370 4223 1444 4299 erit
1465 4222 1500 4299 ei
1523 4221 1788 4298 obediendum.
1813 4220 1966 4297 Poterit

376 4348 531 4447 quidem
546 4349 606 4423 vir
620 4347 741 4445 ligare
757 4354 796 4423 et
810 4356 953 4436 tenere,
970 4356 1009 4424 et
1024 4371 1125 4422 uxor
1140 4355 1278 4444 sponte
1294 4354 1334 4422 et
1350 4342 1428 4420 n'on
1444 4352 1576 4420 coacta
1593 4342 1774 4430 occidere,
1793 4351 1832 4418 et
1848 4342 1905 4417 ita
1920 4349 1966 4417 ut

375 4469 530 4546 videtur
554 4477 710 4547 tenetur
735 4469 784 4546 de
809 4467 996 4544 maleficio
1021 4479 1195 4566 uterque.
1222 4467 1288 4544 De
1315 4465 1527 4544 concubina
1553 4489 1643 4540 vero
1671 4461 1760 4539 vel⁸⁸
1788 4459 1964 4539 famula⁸'

375 4685 401 4719 ⁸¹
414 4687 494 4762 Om,
505 4685 575 4762 OB,
587 4687 663 4761 MA,
677 4687 753 4761 ΜΒ,
766 4685 833 4761 CE,
845 4686 918 4747 CM.
953 4683 1019 4718 ⁸⁸⁸⁸⁸
1030 4705 1122 4746 manu
1134 4683 1263 4746 alicuius
1276 4689 1339 4744 inv.
1350 4683 1400 4744 vel
1413 4681 1470 4744 sub
1482 4688 1547 4761 pot
1561 4679 1702 4755 alicuius,
1714 4679 1785 4756 OB,
1798 4679 1875 4755 MA,
1889 4678 1966 4755 ΜΒ,

377 4785 444 4861 CE,
457 4787 532 4860 cM,
546 4785 618 4847 MC.
653 4783 680 4819 ⁴⁰
691 4789 818 4864 poterit,
831 4785 909 4859 MG,
923 4786 989 4849 OC.
1025 4783 1051 4818 ⁴²
1064 4785 1139 4859 iuri,
1153 4786 1192 4847 V.
1227 4781 1369 4860 ‘'babet,
1384 4785 1465 4856 MA;
1480 4781 1634 4858 babuerit,
1648 4783 1716 4844 OA.
1752 4779 1874 4855 ‘'item,
1889 4780 1966 4856 MA,

376 4887 451 4948 MB.
486 4885 661 4965 “qnaa,V,
674 4887 743 4962 OB,
756 4888 833 4962 MA,
846 4887 923 4963 MB,
935 4886 1009 4948 CM.
1042 4884 1109 4919 ⁴⁴⁴⁴⁴
1120 4885 1260 4946 custodia
1273 4906 1328 4947 aue
1341 4893 1373 4946 et
1385 4904 1470 4957 cura,
1483 4885 1552 4960 OB,
1565 4886 1642 4960 ΜΒ,
1655 4883 1723 4959 OE,
1737 4884 1811 4945 cM.
1847 4880 1966 4957 ⁴⁶0m,

376 4986 451 5046 MA.
489 4984 515 5019 ⁴⁷
527 4987 606 5063 Om,
623 4987 846 5061 MA;acilicet,
861 4985 931 5063 OB,
946 4988 1023 5062 ΜΒ,
1038 4986 1105 5061 CB,
1121 4987 1196 5060 CM,
1211 4987 1250 5047 Y.
1288 4984 1738 5061 ⁴⁸aui,OA;onn,MG,OC.
1776 4982 1966 5057 ⁴'scrutinit

376 5085 454 5161 MO,
471 5086 537 5149 OC.
576 5085 602 5120 ⁶⁰
613 5091 787 5163 coniuncta,
804 5087 844 5163 V,
859 5088 916 5150 OC
938 5087 980 5166 (c.
998 5087 1076 5164 sit);
1098 5087 1336 5165 (-convictaw.
1360 5131 1368 5148 .
1392 5132 1399 5146 .
1422 5091 1498 5160 viro,
1515 5086 1614 5164 MG).
1654 5083 1680 5120 ⁸²
1692 5084 1785 5164 quod,
1802 5086 1880 5162 MG,
1898 5086 1964 5148 OC.

374 5183 401 5218 ⁸¹
412 5188 540 5263 poterit,
555 5186 622 5263 LA,
638 5187 678 5264 Y,
694 5185 769 5248 MC.
806 5184 833 5220 ⁵⁸
844 5207 960 5264 eorum,
975 5186 1016 5263 V,
1031 5188 1072 5264 Y,
1088 5187 1169 5260 MC,
1186 5205 1291 5249 eorum
1308 5187 1442 5262 illorum,
1458 5189 1533 5262 0133
1549 5192 1698 5266 ipsorum,
1715 5189 1785 5262 OA,
1802 5189 1869 5263 LA,
1887 5187 1965 5262 ΜΘ,

374 5285 440 5347 OC.
481 5285 617 5351 “bonna
637 5288 761 5365 solutio,
780 5289 825 5362 V;
846 5289 916 5351 bon.
936 5309 973 5366 a,
993 5290 1060 5363 LA,
1080 5290 1155 5362 OA;
1176 5289 1246 5351 bon.
1266 5288 1332 5365 aad,
1353 5290 1436 5363 Μῦς
1456 5289 1527 5351 bon.
1549 5293 1585 5364 si,
1606 5289 1672 5351 OC.
1714 5286 1964 5362 ⁸“lotrociuibna

375 5387 441 5464 OC,
457 5388 533 5451 MG.
570 5388 597 5424 ⁸⁸
608 5397 651 5464 et,
666 5390 735 5466 OB,
750 5389 827 5465 MA,
842 5390 919 5466 ΜΒ,
936 5390 1003 5466 CE,
1019 5391 1093 5451 CM.
1130 5388 1156 5423 ⁶⁷
1169 5388 1300 5464 familia,
1315 5389 1385 5465 OB,
1401 5391 1478 5466 MA,
1494 5391 1571 5465 ΜΒ,
1587 5390 1666 5466 MG,
1682 5390 1721 5452 Y.
