4394 6342
851 523 1183 586 KALENDARIUM
1789 529 1812 594 5

385 675 450 752 De
467 702 541 752 usu
558 676 884 751 vestimentorum.

384 795 450 870 De
477 793 713 892 adquirendo
740 819 869 870 rerum
896 793 1063 869 dominio
1092 819 1140 869 ex
1167 817 1282 868 causa
1310 791 1554 867 successionis
1580 799 1621 866 et
1648 790 1813 889 qualiter

483 914 642 989 heredes
662 914 870 988 succedunt
889 912 1125 1012 parentibus.

222 1034 271 1108 F.
311 1041 360 1108 63
386 1032 485 1121 Quis
503 1032 576 1107 dici
593 1031 730 1108 debeat
746 1032 853 1107 heres
870 1030 1075 1129 legitimus.

386 1151 565 1240 Qualiter
579 1151 768 1247 illegitimi
782 1150 1060 1247 legitimantur.

384 1270 449 1346 De
473 1269 836 1369 praesumptionibus
862 1268 964 1367 quod
989 1277 1126 1367 partus
1150 1268 1287 1344 debeat
1313 1293 1393 1344 esse
1418 1267 1612 1367 legitimus
1637 1293 1682 1342 eo
1707 1268 1812 1365 quod

484 1387 656 1464 nascitur
673 1414 721 1464 ex
740 1413 871 1463 uxore.

221 1507 269 1584 F.
309 1514 358 1581 64
384 1505 450 1583 De
467 1506 688 1582 differentia
704 1531 925 1606 puerorum.

382 1624 448 1699 De
477 1623 663 1722 qualitate
692 1623 886 1712 heredum,
916 1625 982 1722 qui
1012 1623 1232 1722 propinqui,
1262 1623 1327 1721 qui
1357 1623 1663 1722 propinquiores
1694 1632 1733 1699 et
1763 1623 1811 1700 de

483 1767 616 1818 eorum
636 1743 783 1819 seisina.

220 1864 269 1940 F.
309 1871 357 1938 65
385 1862 492 1951 Quid
509 1861 628 1938 faciat
644 1860 822 1938 heredem
838 1859 1165 1959 propinquiorem.

220 1981 269 2056 F.
309 1989 358 2055 66
385 1981 489 2057 Item
504 1979 798 2080 propinquiores
813 1978 970 2056 heredes
985 2005 1067 2055 esse
1082 1988 1245 2078 possunt
1260 1979 1392 2077 plures
1410 1979 1507 2055 sicut
1524 2004 1635 2055 unus.

220 2098 268 2176 F.
308 2106 357 2180 67
382 2099 448 2175 De
464 2097 649 2197 gradibus
667 2097 911 2174 successionis
928 2106 968 2174 et
986 2096 1206 2196 parentelae.

219 2218 268 2293 F.
308 2226 357 2294 68
382 2217 448 2294 De
467 2218 639 2315 personis
659 2241 791 2292 eorum
812 2216 877 2314 qui
897 2214 980 2292 aliis
1001 2216 1201 2292 succedere
1221 2215 1361 2292 debent
1382 2224 1421 2292 et
1442 2216 1490 2292 de
1509 2215 1642 2293 ordine
1664 2240 1808 2292 succes-

483 2336 643 2411 sionum.

380 2455 447 2532 De
468 2453 669 2530 heredibus
694 2453 759 2551 qui
782 2454 990 2528 succedunt
1013 2476 1092 2528 non
1116 2478 1164 2528 ex
1188 2452 1421 2529 successione
1445 2454 1512 2529 sed
1537 2452 1809 2529 substitutione

480 2597 552 2671 per
567 2571 725 2648 modum
741 2570 969 2647 donationis.

217 2694 267 2770 F.
306 2702 355 2769 69
381 2694 446 2770 De
465 2701 584 2793 partu
603 2692 816 2791 supposito,
835 2701 875 2768 et
894 2716 981 2767 cum
1001 2716 1100 2766 uxor
1119 2717 1159 2767 se
1179 2691 1314 2767 fecerit
1334 2699 1600 2790 praegnantem
1621 2716 1710 2769 cum
1729 2718 1808 2769 non

481 2811 542 2900 sit,
561 2811 611 2886 ad
627 2809 959 2886 exheredationem
975 2809 1057 2884 veri
1072 2809 1231 2885 heredis.

380 2931 506 3006 Breve
522 2931 569 3005 de
586 2929 751 3005 videnda
765 2929 923 3004 muliere
939 2938 983 3004 ut
1000 2928 1143 3004 sciatur
1158 2937 1290 3004 utrum
1307 2953 1512 3028 praegnans
1531 2930 1580 3005 sit
1596 2929 1657 3005 vel
1675 2955 1764 3005 non.

378 3049 506 3124 Breve
523 3046 805 3122 constabulario
822 3046 925 3145 quod
943 3046 1103 3146 recipiat
1120 3072 1205 3123 eam
1222 3047 1262 3123 in
1280 3056 1405 3123 castro
1424 3071 1503 3123 suo.

380 3166 484 3242 Item
500 3167 547 3242 de
563 3167 696 3241 eodem
713 3167 763 3240 ad
780 3164 974 3264 querelam
989 3165 1137 3241 heredis
1154 3167 1257 3264 quod
1274 3165 1461 3241 videatur.

215 3287 263 3362 F.
303 3292 353 3367 70
380 3287 484 3362 Item
500 3285 548 3362 de
565 3285 699 3362 eodem
715 3287 820 3384 quod
836 3287 1041 3362 vicecomes
1060 3286 1179 3362 faciat
1196 3311 1282 3362 eam
1298 3287 1427 3363 venire
1444 3311 1574 3362 coram
1592 3286 1803 3363 iustitiariis

479 3406 586 3504 apud
601 3403 1003 3480 Westmonasterium.

377 3523 443 3600 De
458 3549 502 3600 eo
521 3523 586 3621 qui
602 3523 807 3599 nutriverit
824 3522 989 3621 aliquem
1006 3523 1047 3598 in
1064 3524 1178 3599 domo
1197 3549 1265 3599 sua
1283 3532 1328 3599 ut
1346 3523 1469 3599 filium
1486 3533 1524 3600 et
1542 3524 1720 3600 heredem
1738 3524 1804 3623 qui

478 3666 548 3716 nec
563 3651 621 3718 est
636 3641 738 3717 filius
754 3666 824 3717 nec
839 3641 957 3717 heres.

377 3762 503 3836 Breve
519 3760 567 3835 de
580 3758 756 3835 habendo
772 3785 911 3857 corpus
927 3760 1015 3836 talis
1032 3770 1070 3836 et
1088 3760 1218 3836 uxoris
1236 3786 1312 3836 suae
1328 3785 1457 3836 coram
1474 3761 1697 3837 iustitiariis.

379 3881 482 3955 Item
504 3880 534 3954 si
557 3904 644 3954 cum
665 3904 779 3955 verus
801 3877 908 3954 heres
930 3879 1035 3953 infra
1057 3888 1209 3955 aetatem
1232 3879 1431 3968 moriatur,
1456 3888 1653 3979 supponat
1675 3888 1802 3956 custos

478 3996 595 4072 alium
608 4004 837 4072 extraneum
850 3996 911 4071 vel
924 3995 1111 4072 habeatur
1126 3996 1290 4094 suspicio
1306 3997 1408 4095 quod
1422 4007 1597 4074 mortuus
1613 3997 1673 4086 sit,
1688 3998 1803 4074 breve

478 4117 580 4213 quod
599 4115 837 4213 producatur
855 4125 893 4191 et
911 4115 1098 4190 videatur.

214 4236 262 4310 F.
302 4241 349 4316 71
378 4235 482 4311 Item
495 4260 583 4310 cum
598 4261 710 4310 verus
725 4233 833 4309 heres
847 4244 1022 4310 mortuus
1037 4235 1086 4311 sit
1102 4245 1141 4312 et
1157 4245 1401 4334 supponatur
1417 4237 1512 4312 alius
1530 4263 1553 4312 a
1568 4239 1726 4314 custode
1741 4238 1802 4313 vel

476 4353 615 4429 marito
633 4352 913 4429 fraudulenter.

376 4471 502 4548 Breve
519 4473 550 4546 si
564 4472 755 4547 hereditas
771 4472 920 4548 heredis
937 4473 1079 4548 mortui
1097 4473 1233 4549 debeat
1251 4489 1330 4549 esse
1348 4473 1508 4550 eschaeta
1526 4475 1670 4551 domini
1688 4475 1800 4573 regis.

377 4591 478 4667 Cum
493 4589 582 4665 talis
598 4589 735 4666 mulier
751 4591 790 4665 in
806 4590 944 4666 iudicio
960 4591 1134 4667 convicta
1151 4592 1269 4669 fuerit
1286 4592 1347 4668 vel
1363 4593 1539 4669 confessa
1555 4593 1659 4692 quod
1677 4619 1800 4694 praeg·

476 4733 572 4784 nans
587 4710 740 4797 nonsit,
755 4710 870 4784 breve
883 4708 931 4785 de
947 4709 1124 4785 faciendo
1140 4710 1316 4786 seisinam
1331 4738 1422 4787 vero
1436 4712 1577 4788 heredi.
1691 4737 1695 4744 ·

375 4828 440 4904 De
456 4828 657 4903 heredibus
674 4827 928 4903 instituendis.

378 4946 420 5022 Si
435 4947 518 5021 fieri
533 4945 672 5021 debeat
686 4945 845 5045 partitio
861 4947 962 5022 inter
977 4946 1190 5022 coheredes

212 5067 260 5141 F.
301 5073 348 5147 72
374 5065 439 5142 De
455 5065 665 5141 iustitiariis
680 5067 955 5143 constituendis
972 5068 1021 5143 ad
1036 5068 1284 5167 partitionem
1301 5070 1529 5146 faciendam.

374 5184 439 5260 De
456 5185 667 5261 iustitiariis
684 5186 960 5262 constituendis
977 5196 1023 5262 ut
1040 5186 1219 5262 intersint
1236 5187 1446 5286 partitioni.

374 5300 500 5378 Breve
516 5327 603 5378 cum
619 5311 750 5400 partes
768 5303 954 5400 elegerint
970 5303 1116 5401 aliquos
1133 5305 1182 5380 de
1198 5307 1390 5382 communi
1408 5331 1594 5383 consensu
1611 5309 1662 5383 ad
1679 5308 1799 5408 parti-

474 5420 618 5496 tionem
634 5421 861 5497 faciendam.
