4374 6366
375 517 449 592 874
907 508 1130 569 BRACTON:
1153 508 1214 568 DE
1238 507 1430 570 LEGIBUS

375 658 555 746 hibitas,⁴⁸
578 684 700 756 neque
724 660 773 735 ad
795 655 1056 755 homagium,⁴⁴
1079 684 1203 756 neque
1226 657 1443 747 fidelitates,
1466 685 1589 757 neque
1614 659 1691 737 ad⁴⁸
1716 672 1966 753 sacramenta,

375 805 499 878 neque
518 779 568 854 ad
588 777 663 853 alia
680 803 751 876 per
770 776 1004 874 utlagariam
1022 776 1219 864 dissoluta,
1238 784 1375 852 contra
1392 779 1634 855 voluntatem
1653 805 1786 856 eorum
1806 781 1853 857 de
1874 808 1966 881 quo-

376 923 464 972 rum
478 895 678 972 voluntate
693 895 801 993 prius
818 893 1006 970 fuerunt⁴⁸
1022 895 1225 971 coniuncta
1241 903 1281 970 et
1295 896 1461 972 firmata.
1480 896 1537 973 Et
1554 897 1639 973 ideo
1656 924 1778 997 neque
1795 900 1846 975 ad
1861 900 1966 975 here-

377 1016 517 1092 ditates
537 1040 660 1113 neque
682 1013 732 1089 ad
750 1021 972 1089 tenementa
991 1013 1030 1088 in
1051 1013 1313 1113 praeiudicium
1335 1014 1588 1103 dominorum,
1612 1025 1650 1092 et
1672 1015 1725 1091 sic
1746 1019 1796 1092 ad
1817 1043 1864 1092 ea
1884 1043 1967 1117 quae

377 1135 406 1210 f.
424 1134 515 1227 188]
571 1131 664 1208 iuris
677 1141 767 1208 sunt
780 1131 931 1208 restitui
945 1157 1022 1207 non
1036 1130 1238 1230 possunt.⁴⁷
1254 1132 1321 1206 Ex
1336 1131 1632 1230 obligationibus
1646 1160 1737 1211 vero
1752 1137 1966 1234 praeceden-

376 1252 478 1328 tibus
495 1252 624 1327 nullus
641 1251 693 1326 eis
709 1260 876 1337 tenetur,
894 1250 960 1326 sed
975 1251 1050 1348 ipsi
1066 1251 1241 1326 omnibus
1258 1276 1306 1326 ne
1325 1251 1401 1327 sint
1418 1251 1583 1328 melioris
1601 1252 1831 1329 condicionis
1849 1279 1966 1354 prop·

376 1380 437 1447 ter
460 1369 704 1468 utlagariam,
728 1394 816 1445 cum
840 1369 1038 1445 deterioris
1062 1394 1143 1444 esse
1168 1369 1343 1445 debeant.
1371 1369 1543 1466 Inlagati
1568 1395 1659 1445 vero
1684 1370 1757 1446 dici
1782 1380 1967 1471 poterunt

378 1490 486 1588 quasi
507 1488 621 1564 modo
642 1487 763 1585 geniti
785 1487 955 1563 infantes
978 1495 1016 1563 et
1038 1487 1127 1563 novi
1148 1487 1318 1564 homines
1340 1488 1450 1586 quasi
1473 1488 1520 1564 de
1542 1514 1641 1564 novo
1663 1489 1793 1577 creati,
1815 1490 1906 1588 quia
1927 1489 1968 1565 in

376 1608 549 1706 personis
570 1631 703 1682 eorum
720 1615 809 1704 post
829 1605 1109 1703 utlagationem
1128 1605 1200 1681 rite
1221 1605 1366 1681 factam
1385 1605 1494 1681 nulla
1513 1607 1709 1706 preterita
1728 1606 1967 1697 subsistunt,²

377 1725 444 1801 sed
459 1734 548 1823 post
564 1724 838 1822 inlagationem
852 1731 1007 1799 tantum
1023 1723 1227 1822 prasentia
1242 1731 1281 1799 et
1298 1724 1434 1800 futura
1449 1723 1684 1813 succedunt:
1701 1734 1739 1801 et
1757 1726 1806 1802 ad
1822 1751 1869 1802 ea
1885 1751 1967 1825 quae

377 1844 482 1943 pacis
496 1852 587 1919 sunt
600 1841 884 1929 restituuntur,³
898 1851 943 1917 ut
958 1842 1116 1918 redeant
1132 1843 1181 1918 ad
1197 1866 1361 1938 regnum
1375 1851 1414 1919 et
1429 1852 1569 1919 exeant
1585 1867 1672 1918 cum
1686 1843 1890 1932 voluerint,
1906 1844 1967 1919 vel

377 1971 600 2038 remaneant
615 1962 645 2036 si
658 1959 849 2036 voluerint
863 1969 901 2036 et
914 1959 984 2036 sibi
998 1961 1227 2060 provideant
1240 1961 1281 2035 in
1295 1960 1431 2036 futuro
1445 1960 1492 2036 de
1507 1960 1824 2059 adquisitionibus
1838 1986 1967 2038 rerum

378 2079 475 2156 sicut
489 2079 596 2177 prius
612 2078 857 2177 negotiando
871 2077 1144 2166 contrahendo,
1160 2079 1321 2154 emendo
1335 2078 1396 2154 vel
1412 2079 1624 2168 vendenda,
1641 2104 1728 2155 cum
1743 2079 1856 2157 firma
1873 2104 1968 2179 pace

378 2195 522 2273 domini
537 2195 649 2293 regis.

478 2318 587 2412 Quid
601 2318 681 2414 telo
696 2316 924 2413 forisfaciat.

380 2438 556 2531 <Qum⁴
575 2440 653 2514 felo
673 2437 888 2515 forisfaciat
907 2447 946 2514 et
964 2436 1101 2537 quibus
1121 2439 1213 2515 satis
1231 2439 1378 2515 dictum
1397 2448 1455 2515 est
1474 2464 1604 2537 supra,
1625 2440 1691 2515 sed
1709 2464 1798 2516 cum
1817 2439 1968 2516 restitui

377 2567 570 2656 procuret,
585 2557 794 2634 videndum
807 2556 886 2632 ubi⁸
902 2556 1161 2634 restituendus
1175 2556 1248 2633 erit
1262 2557 1312 2632 de
1325 2557 1408 2632 iure
1423 2566 1463 2634 et
1477 2556 1542 2632 ubi
1558 2558 1606 2634 de
1621 2557 1749 2655 gratia
1764 2568 1803 2634 et
1818 2557 1882 2634 ubi
1898 2582 1968 2634 nec

377 2677 425 2752 de
442 2677 524 2753 iure
539 2700 610 2751 nec
627 2677 675 2752 de
691 2676 831 2774 gratia,
849 2675 921 2752 nisi
938 2675 1009 2750 hoc
1026 2675 1096 2752 fiat
1115 2676 1163 2751 de
1180 2675 1380 2752 voluntate
1398 2675 1511 2772 regis.
1533 2677 1636 2751 Item
1654 2684 1694 2753 et
1712 2700 1801 2752 cum
1820 2677 1866 2752 de
1884 2676 1967 2751 iure

377 2795 438 2870 vel
461 2796 509 2872 de
530 2794 660 2893 gratia
682 2794 801 2871 fuerit
825 2795 1026 2870 restitutus
1050 2802 1139 2893 post
1162 2793 1396 2891 utlagariam
1420 2794 1471 2869 ad
1494 2817 1578 2892 quae
1601 2794 1831 2871 restituatur
1854 2803 1893 2871 et
1917 2794 1968 2870 ad

377 2938 461 3012 quae
480 2937 569 2989 non.
590 2913 692 2996 Cum
712 2920 842 2989 autem
862 2911 946 3011 quis
965 2920 1129 3010 propter
1148 2911 1403 3010 suspicionem
1423 2921 1462 2988 et
1483 2912 1628 2987 malum
1650 2921 1798 2989 rectum
1819 2938 1858 2989 se
1880 2912 1966 2988 sub

376 3030 552 3120 traxerit,
567 3030 698 3108 statim
713 3031 856 3107 amittit
872 3029 1011 3106 catalla
1027 3031 1057 3106 si
1072 3055 1201 3105 coram
1215 3029 1427 3106 iustitiariis
1442 3038 1600 3106 vocatus
1616 3054 1694 3105 non
1709 3029 1967 3129 comparuerit

377 3158 539 3249 propter
560 3149 709 3247 fugam,
730 3148 817 3224 licet
839 3149 969 3225 statim
990 3157 1080 3224 ante
1100 3146 1394 3246 utlagationem⁸
1416 3148 1685 3246 comparuerit.
1708 3147 1862 3223 Poterit
1883 3148 1967 3247 quis

377 3267 546 3365 utlagari
571 3276 734 3367 propter
760 3267 908 3364 fugam,
936 3267 1013 3342 sive
1038 3265 1090 3341 ibi
1116 3266 1308 3342 subfuerit
1333 3291 1426 3342 vera
1451 3291 1567 3342 causa
1593 3265 1653 3341 vel
1680 3266 1966 3365 praesumptiva.

378 3383 714 3483 Praesumptivam²
737 3384 821 3460 dico
842 3394 1005 3484 propter
1026 3385 1164 3482 fugam
1184 3392 1350 3473 tantum,
1373 3385 1461 3461 licet
1482 3383 1534 3460 ibi
1554 3409 1635 3460 non
1656 3384 1706 3460 sit
1726 3409 1819 3459 vera
1840 3409 1966 3459 carisa.

377 3501 538 3578 Veram⁸
555 3502 639 3579 dico
657 3500 748 3579 sive⁰
767 3502 851 3601 quis
870 3502 1096 3579 interfectus
1114 3528 1185 3600 per
1203 3501 1386 3578 feloniam
1405 3502 1465 3578 vel
1483 3527 1554 3601 per
1573 3501 1842 3578 infortunium.
1862 3502 1967 3577 Prae·

379 3618 654 3718 sumptivam,¹⁰
681 3643 769 3696 cum
795 3619 903 3696 nulla
932 3619 1229 3718 predictarum¹¹
1260 3618 1380 3696 subsit
1408 3620 1469 3695 vel
1499 3643 1587 3695 cum
1615 3618 1724 3718 ipse²²
1753 3619 1819 3717 qui
1849 3618 1967 3694 occidi

377 3737 537 3815 debuit²⁸
558 3739 667 3815 vivus
689 3747 889 3837 appareat.
914 3739 964 3814 In
985 3738 1160 3814 omnibus
1183 3737 1340 3814 autem¹⁴
1362 3737 1510 3814 casibus
1532 3738 1724 3836 praedictis
1747 3739 1825 3814 sive
1847 3736 1968 3814 subsit

376 3881 469 3932 vera
490 3855 632 3932 causa¹⁶
655 3856 761 3932 sive²⁶
783 3856 1070 3956 praesumptiva,
1093 3857 1124 3933 si
1148 3855 1232 3955 quis
1256 3855 1375 3933 fuerit
1398 3855 1598 3932 restitutus
1622 3865 1711 3954 post
1734 3855 1967 3954 utlagariam

377 3975 449 4052 rite
469 3976 614 4051 factam
633 3986 671 4052 et
691 3977 899 4052 secundum
918 3976 1044 4073 legem
1062 3984 1174 4052 terrae
1193 3974 1368 4050 omnibus
1388 3975 1461 4050 rite
1482 3974 1807 4061 concurrentibus,
1827 3998 1897 4050 nec
1918 3974 1967 4050 ad

376 4092 517 4168 catalla
536 4093 712 4168 habenda
731 4117 800 4169 nec
822 4094 872 4168 ad
891 4092 1181 4180 hereditatem,¹⁷
1204 4094 1254 4168 ad
1274 4092 1414 4169 catalla
1435 4091 1610 4168 videlicet
1632 4100 1795 4190 propter
1817 4092 1966 4190 fugam,

376 4235 446 4286 nec
461 4212 510 4286 ad
524 4211 776 4288 hereditatem
791 4220 953 4311 propter
968 4210 1201 4310 utlagariam
1217 4208 1317 4286 rite²⁸
1334 4211 1479 4286 factam
1495 4211 1567 4286 nisi
1583 4219 1737 4286 tantum
1754 4210 1804 4284 ad
1820 4233 1966 4308 pacem,

376 4427 403 4461 ⁴⁸
415 4428 599 4506 prohibitas,
616 4429 693 4503 MG,
709 4429 783 4502 CM,
799 4430 865 4491 OC.
903 4426 930 4460 ⁴⁴
941 4428 1094 4506 homagia,
1111 4428 1183 4501 003
1201 4430 1334 4506 homag„
1351 4427 1446 4489 MSS.
1464 4446 1534 4506 gen.
1572 4425 1598 4459 ⁴⁵
1611 4427 1691 4502 0m.,
1709 4427 1778 4501 OB,
1797 4428 1872 4502 MA,
1890 4427 1965 4487 ΜΒ.

376 4527 403 4561 “
416 4528 552 4605 fucrant,
572 4529 641 4602 OB,
662 4530 738 4604 MA,
760 4530 834 4604 MC,
854 4529 923 4604 ΘΕ,
944 4530 1017 4603 CM,
1039 4530 1121 4601 MG;
1144 4530 1242 4590 fuerit
1261 4536 1324 4603 aut,
1345 4529 1402 4591 OC
1409 4551 1418 4602 ;
1441 4527 1570 4602 fuerint,
1592 4529 1666 4589 ΜΒ.
1711 4526 1866 4606 ⁴'posset
1888 4528 1966 4602 MG,

377 4630 451 4703 CM,
466 4630 531 4690 OC.

459 4727 628 4804 ¹subfiant,
648 4727 717 4803 OB,
739 4727 805 4803 ΟΕ,
827 4728 901 4804 CM,
924 4730 1006 4802 MG;
1028 4729 1169 4806 subeant,
1190 4731 1263 4803 003
1286 4729 1438 4806 substent,
1459 4732 1541 4804 MB;
1562 4729 1697 4806 obstant,
1722 4732 1796 4792 MA.
1840 4731 1967 4793 ²aucce·

375 4829 461 4905 dant,
475 4830 544 4905 OB,
557 4832 634 4906 MA,
648 4831 724 4906 ΜΒ,
738 4831 803 4891 CE.
838 4829 851 4865 ⁸
863 4835 1076 4907 restituentur,
1090 4832 1157 4908 LA,
1171 4833 1211 4908 Y,
1227 4833 1306 4904 MG;
1321 4836 1535 4906 restituantur,
1551 4833 1627 4894 ΜΘ.
1665 4831 1729 4895 ‘ad
1749 4833 1863 4912 (dicio)
1881 4831 1966 4912 quid,

376 4932 454 5007 MG,
471 4933 547 5009 CM,
564 4932 629 4994 OC.
668 4931 892 5008 ⁶utrum,OA,
911 4933 976 5008 LA,
995 4933 1065 5009 OB,
1081 4934 1158 5010 MA,
1176 4935 1252 5010 ΜΒ,
1270 4934 1345 5007 MC,
1364 4934 1429 4995 ΘΕ.
1470 4931 1549 4994 ‘uu
1569 4953 1626 5013 per
1645 4933 1870 5011 feloniamvel,
1889 4936 1967 5013 MG,

376 5034 456 5108 CM;
472 5042 545 5112 post
562 5033 720 5109 feloniam,
736 5036 802 5098 OC.
840 5032 1096 5113 'pr-asumptus,
1112 5034 1152 5111 V,
1170 5036 1247 5111 MG,
1265 5036 1340 5110 CM,
1357 5037 1424 5111 OC,
1441 5036 1487 5109 Y;
1504 5057 1574 5112 om,
1592 5038 1667 5098 MA.
1707 5028 1814 5112 ⁸vera,
1832 5038 1871 5111 V,
1889 5039 1967 5113 MG,

376 5136 449 5197 CM.
489 5135 550 5210 'ab
568 5137 607 5210 V,
625 5136 702 5198 ΜΘ.
741 5135 1010 5215 ¹⁰proeaumptiva,
1028 5138 1067 5212 V,
1087 5137 1165 5212 MG,
1183 5137 1257 5212 CM,
1276 5137 1341 5199 OC.
1383 5136 1648 5214 ¹²pmdictom,
1666 5138 1705 5212 V,
1726 5139 1798 5212 003
1819 5138 1966 5218 prodicta

375 5241 466 5312 ratio,
479 5238 548 5312 OA,
562 5238 628 5299 LA.
663 5236 690 5272 ¹²
701 5237 765 5312 ille,
779 5237 857 5312 MG,
871 5238 946 5312 CM,
961 5239 1035 5298 ΜΒ.
1072 5235 1098 5272 ²⁸
1110 5237 1231 5314 debeat,
1245 5239 1313 5314 ΟΕ,
1327 5239 1368 5314 Υ,
1383 5239 1457 5299 ΜΒ.
1494 5237 1521 5272 ²⁴
1532 5259 1616 5316 vero,
1630 5240 1700 5316 OB,
1715 5241 1790 5314 MA,
1806 5242 1883 5315 ΜΒ,
1900 5241 1967 5317 CE,

376 5339 414 5399 Y.
452 5338 478 5373 ²⁶
490 5339 570 5415 Om,
586 5340 655 5413 OB,
672 5342 748 5416 MA,
763 5341 839 5402 ΜΒ.
877 5338 1242 5416 ιονε1,Μῦ,οΜ,οο.
1281 5339 1307 5373 ²²
1319 5338 1458 5416 heredes,
1475 5341 1544 5414 OA,
1561 5341 1627 5402 LA.
1666 5340 1693 5376 ²⁸
1704 5342 1785 5416 Om,
1802 5343 1871 5418 OB,
1890 5345 1966 5420 MA,

377 5442 453 5516 ΜΒ,
468 5441 533 5504 CE.
