4432 6336
385 448 434 517 30
913 435 1136 497 nnacrou:
1158 435 1220 495 nn
1244 433 1436 496 uncinus

382 600 472 691 post
492 597 657 667 mortem
677 587 766 665 talis
785 585 995 674 mulieris,³'
1017 586 1095 664 sive
1116 585 1300 662 maritata
1320 583 1440 661 fuerit
1461 582 1539 659 sive
1562 607 1651 672 non,
1674 583 1814 659 reverti
1837 583 1974 660 debeat

383 713 433 788 ad
453 712 691 798 donatorem,
710 733 780 785 nec
799 709 850 785 ad
867 708 1024 786 heredes
1044 707 1260 796 descendet,
1280 730 1350 782 nec
1369 729 1458 784 eum
1477 704 1603 803 primo
1622 704 1706 780 viro
1725 705 1787 781 vel
1807 705 1974 781 seeundo

382 857 454 931 per
468 833 595 930 legem
610 827 795 928 Angliae⁸⁸
811 827 1036 918 remanebit,
1052 827 1115 903 vel
1133 828 1164 904 si
1181 825 1264 904 ita⁸⁸
1283 824 1404 903 data⁴⁰
1422 823 1554 914 fuerit,
1573 825 1714 902 scilicet
1733 825 1785 902 ad
1802 851 1842 903 se
1860 825 1973 902 mari-

383 952 413 1027 f.
427 949 522 1045 aab]
577 951 750 1038 tandum,
777 957 817 1026 et
843 949 1011 1026 tenenda
1037 947 1109 1024 sibi
1137 956 1176 1023 ct
1203 945 1405 1023 heredibus
1433 945 1511 1022 suis
1538 944 1781 1043 generaliter,
1809 945 1898 1023 licet
1925 946 1974 1021 de

382 1094 544 1169 corpore
563 1094 633 1145 suc
652 1067 779 1145 nullos
799 1065 987 1155 habuerit,
1008 1065 1073 1142 alii
1094 1064 1317 1142 remotiores
1337 1073 1526 1141 vocantur
1548 1064 1599 1140 ad
1620 1065 1905 1141 successionem.
1931 1064 1973 1141 Si

382 1197 513 1267 autem
528 1189 576 1264 de
592 1213 753 1287 corpore
769 1212 839 1263 suo
855 1185 1012 1262 heredes
1029 1183 1205 1262 habuerit
1221 1183 1318 1261 tales
1337 1182 1420 1260 aliis
1437 1181 1712 1281 prefer-mur,
1732 1184 1825 1261 dum
1841 1193 1973 1261 tamen

381 1317 488 1384 terra
505 1316 702 1383 remaneat
720 1305 848 1405 primo
866 1304 926 1380 vel
946 1304 1114 1382 secundo
1131 1303 1273 1379 marito
1292 1304 1343 1379 ad
1362 1303 1482 1380 vitam
1502 1326 1574 1400 per
1592 1302 1718 1400 legem
1738 1303 1906 1400 Anglioe.
1930 1302 1973 1380 Si

382 1434 514 1503 autem
535 1434 641 1501 terra
663 1423 716 1500 sic
739 1425 833 1500 data
855 1423 975 1501 fuerit
998 1422 1040 1499 in
1061 1421 1310 1519 maritagium
1335 1420 1405 1498 sibi
1430 1430 1469 1499 et
1492 1419 1634 1498 certis⁴²
1658 1420 1859 1499 heredibus
1885 1447 1972 1498 cum

382 1543 629 1632 coartatione,
644 1543 785 1620 scilicet
799 1543 864 1642 qui
878 1542 926 1619 de
939 1566 1054 1619 carne
1069 1566 1140 1618 sua
1152 1540 1345 1641 procreati
1361 1538 1520 1628 fuerint,
1535 1539 1567 1616 si
1580 1538 1706 1617 tales‘¹
1722 1540 1973 1629 defecerint,⁴⁸

382 1663 514 1740 statim
531 1669 747 1738 revertetur
763 1659 897 1739 terra⁴⁴
914 1659 1034 1737 data⁴⁵
1052 1660 1103 1736 ad
1120 1661 1347 1737 donatorem
1365 1684 1438 1757 pro
1455 1657 1612 1736 defectu
1630 1659 1778 1736 heredis
1796 1661 1972 1738 omnibus

382 1783 466 1860 aliis
483 1783 685 1860 heredibus
703 1781 877 1859 exclusis.
899 1781 942 1858 si
961 1791 1091 1858 autem
1110 1779 1193 1858 ita⁴⁸
1211 1780 1306 1856 data
1324 1781 1444 1857 fuerit
1461 1790 1544 1857 tam
1563 1780 1647 1856 viro
1666 1805 1783 1879 quam
1801 1781 1913 1856 uxori
1933 1789 1972 1858 et

381 1930 514 1981 eorum
530 1903 732 1981 heredibus
751 1903 1027 1992 communibus,
1046 1902 1145 1979 tales
1163 1902 1443 2000 intellegrmtur
1461 1927 1543 1978 esse
1561 1901 1718 1978 heredes
1738 1903 1803 2000 qui
1822 1903 1872 1978 de
1891 1927 1972 1978 cor·

380 2023 538 2123 poribus
566 2025 766 2122 utriusque
794 2024 967 2122 ipsorum
993 2022 1248 2099 communiter
1275 2023 1423 2099 fuerint
1451 2021 1655 2121 procreati,
1684 2023 1859 2100 omnibus
1889 2023 1971 2100 aliis

381 2144 582 2221 heredibus
607 2143 795 2243 separatis
819 2170 843 2220 a
866 2143 1100 2221 successione
1122 2143 1296 2220 exclusis.
1322 2144 1380 2221 Et
1405 2144 1490 2220 ideo
1513 2145 1546 2221 si
1568 2169 1669 2219 uxor
1692 2169 1716 2219 a
1739 2143 1866 2243 primo
1889 2146 1972 2220 viro

381 2262 502 2340 filiam
518 2263 789 2362 procreaverit,
807 2272 847 2339 et
865 2264 915 2339 de
931 2262 1098 2340 secundo
1115 2263 1250 2351 filium,
1268 2262 1349 2338 filia
1366 2288 1415 2340 ex
1433 2262 1560 2362 primo
1578 2263 1661 2339 viro
1680 2263 1721 2340 in
1739 2263 1973 2341 successione

382 2383 558 2481 praeferri
578 2380 691 2458 debet
711 2381 791 2457 filio
811 2407 860 2457 ex
881 2383 1047 2459 secundo
1067 2381 1150 2457 viro
1170 2391 1385 2480 procreato,
1407 2382 1509 2481 quod
1531 2381 1686 2481 quidem
1706 2409 1787 2460 esse
1808 2407 1887 2460 non
1908 2384 1971 2459 de·

382 2500 488 2578 beret
504 2501 535 2577 si
549 2510 655 2578 terra
670 2500 763 2576 data
777 2510 877 2577 esset
893 2502 1005 2576 uxori
1020 2508 1176 2577 tantum
1192 2510 1231 2577 et
1247 2500 1448 2577 heredibus
1464 2501 1514 2576 de
1531 2525 1691 2600 corpore
1708 2527 1777 2578 suo
1794 2526 1971 2601 procrea-

380 2620 443 2707 tis,
461 2626 500 2695 et
516 2619 598 2696 istis
617 2618 793 2697 omnibus
811 2618 1074 2697 deficientibus
1092 2619 1326 2696 revertitur⁴'
1344 2630 1450 2697 terra
1470 2621 1520 2697 ad
1538 2621 1777 2709 donatorem,
1797 2621 1972 2698 omnibus

382 2737 465 2813 eliis
480 2737 641 2815 exclusis
655 2748 700 2817 ut
715 2738 943 2838 predictum
957 2748 1026 2816 est.
1044 2739 1147 2815 Item
1162 2738 1248 2814 dari
1262 2738 1407 2837 poterit
1421 2738 1555 2814 terra⁴⁸
1570 2739 1611 2814 in
1627 2738 1875 2838 maritagium
1890 2748 1973 2817 tam

381 2859 464 2934 viro
481 2884 598 2958 quam
614 2858 738 2946 uxori,
755 2858 931 2935 habenda
949 2868 988 2935 et
1004 2858 1172 2934 tenenda
1189 2857 1409 2956 praedictis⁴⁹
1426 2859 1509 2934 viro
1527 2867 1566 2934 et
1583 2858 1696 2934 uxori
1715 2868 1753 2935 et
1771 2859 1972 2936 heredibus

381 2977 453 3053 viri
467 2987 634 3066 tantum,
650 2986 689 3054 et
704 3003 781 3075 quo
797 3001 889 3054 casu
903 2986 1092 3053 vocentur
1106 2987 1189 3054 tam
1205 2976 1269 3052 alii
1284 2976 1441 3053 heredes
1458 2977 1577 3076 ipsius
1595 2977 1667 3053 viri
1684 3003 1779 3076 quos
1796 2978 1973 3055 habuerit

382 3094 459 3172 ex⁵⁰
475 3096 551 3172 alie
568 3120 688 3172 uxore
705 3095 848 3193 quarn⁵1
865 3094 1099 3171 remotiores.
1121 3096 1164 3171 Si
1181 3103 1311 3171 eutem
1328 3095 1381 3171 sic
1398 3096 1491 3172 data
1509 3095 1629 3172 fuerit
1645 3097 1728 3172 viro
1746 3107 1785 3174 et
1803 3097 1915 3174 uxori
1933 3107 1972 3175 et

381 3213 583 3291 heredibus
599 3214 730 3290 uxoris
747 3223 914 3303 tantum,
930 3223 1024 3291 tunc
1040 3223 1228 3290 vocantur
1245 3215 1296 3291 ad
1313 3215 1586 3291 successionem
1603 3225 1686 3292 tem
1702 3216 1860 3293 heredes
1877 3242 1972 3292 uxo-

382 3333 435 3409 ris
453 3334 501 3409 de
519 3333 589 3409 tali
607 3333 702 3421 viro,
722 3333 800 3409 sive
818 3332 976 3408 masculi
995 3332 1073 3409 sive
1094 3332 1257 3422 femine,
1276 3358 1393 3431 quam
1413 3333 1462 3409 de
1482 3333 1557 3410 alio
1576 3334 1659 3410 viro
1677 3344 1717 3411 et
1738 3335 1972 3425 remotiores,

383 3454 477 3529 dum
500 3461 631 3528 tamen
653 3451 813 3527 masculi
837 3451 989 3528 feminis
1014 3451 1285 3550 preferantur.
1313 3453 1356 3528 Si
1381 3460 1511 3529 autem
1535 3453 1588 3529 sic
1613 3453 1684 3531 fiat
1709 3455 1865 3530 donatio
1891 3456 1973 3531 viro

382 3580 422 3647 et
441 3571 553 3646 uxori
572 3579 611 3646 et
630 3595 764 3647 eorum
781 3568 995 3658 heredibus,
1016 3570 1064 3646 de
1083 3570 1347 3648 communibus
1367 3570 1569 3648 heredibus
1590 3572 1703 3648 dari⁵¹
1721 3572 1972 3672 intellegitur,

382 3688 523 3765 scilicet
542 3689 590 3764 de
608 3712 769 3786 corpore
786 3688 958 3786 ipsorum
978 3688 1188 3786 procreatis
1209 3688 1321 3765 simul
1341 3700 1380 3767 et
1399 3689 1641 3788 progenitis⁸⁸
1663 3691 1729 3767 et⁸‘
1749 3693 1971 3770 coniunctis.

383 3808 488 3884 Item
500 3816 582 3883 esto
595 3806 699 3905 quod
711 3806 800 3883 talis
814 3807 884 3882 fiat
897 3806 1055 3883 donatio
1068 3817 1113 3885 ut
1127 3807 1158 3884 si
1172 3807 1286 3897 dicat,
1299 3808 1368 3885 Do
1383 3806 1451 3886 tali
1464 3810 1546 3886 viro
1561 3819 1711 3886 tactam
1725 3819 1870 3889 terram
1885 3836 1972 3888 cam

381 3924 625 4026 pertiuentiis
638 3951 712 4024 pro
727 3925 905 4024 homapio
921 3935 959 4003 et
973 3926 1128 4003 censitio
1144 3949 1227 4015 raro,
1243 3927 1449 4004 terrendam
1464 3927 1537 4006 ribi
1553 3939 1592 4005 et
1608 3928 1809 4007 heredibus
1825 3931 1916 4020 saia,
1933 3942 1972 4009 et

383 4043 635 4120 incontinenti
662 4043 801 4120 adiciat
827 4043 867 4119 in
893 4052 1001 4119 carta
1026 4043 1120 4120 illa⁵⁵
1146 4044 1260 4120 istam
1286 4044 1509 4135 clausulam,
1536 4056 1576 4123 et
1600 4047 1642 4123 io
1669 4046 1830 4124 liberam
1858 4049 1970 4126 mari-

383 4164 531 4264 tapium
550 4187 637 4241 cam
654 4163 736 4262 filia
753 4187 849 4250 mea,
868 4161 1021 4238 videtur
1039 4163 1143 4260 quod
1160 4163 1236 4239 ista
1254 4164 1331 4240 duo
1351 4165 1464 4240 simul
1484 4175 1586 4243 stare
1604 4190 1684 4242 non
1701 4175 1865 4265 possunt
1884 4192 1972 4244 cum

382 4282 459 4359 sint
477 4282 548 4357 sibi
566 4281 616 4357 ad
634 4281 797 4357 invicem
814 4281 1092 4385 repugnantia:
1113 4278 1230 4381 quia⁶⁶
1249 4280 1338 4359 inde
1358 4284 1531 4382 sequitur
1552 4286 1655 4383 quod
1675 4285 1716 4361 in
1734 4287 1971 4384 primocasu

382 4400 519 4477 debeat
538 4408 643 4476 terra
662 4400 714 4475 sic
733 4399 827 4475 data
844 4425 1041 4476 remanere
1060 4400 1143 4476 viro
1162 4409 1201 4476 et
1219 4400 1421 4478 heredibus
1441 4402 1520 4479 suis
1538 4403 1851 4503 quibuscumque,
1872 4416 1910 4483 et
1930 4406 1971 4481 in

383 4519 549 4596 secundo
575 4543 666 4594 casu
690 4527 774 4594 tam
798 4518 910 4593 uxori
936 4544 1053 4616 quam
1078 4519 1161 4595 viro
1189 4528 1227 4597 et
1253 4546 1386 4596 eorum
1412 4520 1613 4599 heredibus
1641 4525 1904 4601 communibus
1932 4534 1970 4602 et

381 4635 605 4726 coniunctis,
628 4645 667 4712 et
690 4636 721 4712 si
743 4636 841 4713 tales
862 4636 1020 4714 heredes
1041 4661 1121 4713 non
1142 4637 1358 4728 habuerint,
1383 4641 1486 4739 quod
1509 4650 1615 4717 terra
1638 4643 1690 4718 sic
1714 4643 1807 4719 date
1829 4644 1972 4721 reverti

382 4835 534 4911 ''uxoris,
554 4837 624 4913 OB,
644 4837 720 4912 MA,
742 4836 818 4911 ΜΒ,
839 4837 878 4898 Y.
920 4833 1173 4916 ”Anglicanam
1193 4838 1234 4912 V,
1254 4837 1323 4914 OB,
1344 4839 1421 4915 MB,
1441 4840 1487 4913 Y;
1509 4841 1606 4921 angl,
1628 4842 1722 4905 MSS.
1744 4863 1807 4905 rar.
1852 4843 1971 4922 ⁸⁹0m,

382 4937 460 5012 MG,
476 4939 549 4999 CM.
586 4936 613 4971 ⁴⁰
625 4937 705 5014 Om,
721 4938 789 5013 OB,
806 4937 881 4998 ΜΒ.
918 4936 1037 5014 41Οιιι,
1053 4938 1131 5012 MG,
1147 4939 1220 5000 cM.
1259 4938 1325 4973 ⁴⁴⁴⁴⁴
1336 4941 1409 5002 talis
1426 4939 1587 5019 deiecerit,
1605 4945 1683 5022 MG,
1700 4945 1774 5006 CM.
1813 4944 1971 5022 ⁴4⁴⁶Om,

381 5039 452 5114 OB,
471 5038 545 5098 MB.
586 5036 613 5071 ⁴⁸
625 5038 705 5115 Om,
726 5039 791 5098 MA
798 5061 807 5111 ς
826 5046 922 5113 terra,
942 5041 1022 5113 CM;
1042 5043 1098 5115 sic,
1117 5041 1155 5102 V.
1197 5038 1223 5073 ⁴²
1235 5049 1419 5119 revertetur,
1439 5044 1478 5118 V,
1499 5045 1577 5120 MG,
1598 5047 1673 5122 cM,
1693 5047 1766 5120 oc;
1786 5057 1971 5126 revertatur,

382 5139 457 5199 MA.
492 5136 520 5173 ⁴⁸
532 5139 612 5214 Om.,
627 5138 696 5213 OB,
712 5139 786 5200 MB.
823 5136 1124 5215 ⁴⁹Om,MG,CM.
1162 5140 1249 5218 ⁸⁰de,
1266 5143 1333 5219 OC,
1347 5143 1415 5218 LA,
1430 5145 1503 5206 MC.
1542 5146 1971 5230 ⁵¹quamtalinxcrequam,

382 5239 449 5314 OC,
467 5239 546 5314 MG,
565 5240 638 5300 CM.
678 5238 788 5316 ⁸²diei,
806 5241 851 5313 V;
870 5262 940 5315 om,
959 5241 1037 5316 MG,
1056 5243 1120 5303 CM
1144 5243 1204 5320 (—
1213 5243 1252 5305 de
1271 5265 1377 5307 comm.
1398 5245 1462 5309 her.
1483 5249 1582 5329 dari).
1624 5249 1784 5326 ⁸⁸·“Om.,
1803 5253 1873 5330 OB,
1894 5255 1969 5317 ΜΒ.

381 5337 408 5373 ⁸⁵
420 5338 502 5414 Om,
515 5340 585 5414 OB,
600 5339 677 5415 ΜΒ,
692 5339 770 5415 MG,
786 5341 859 5402 CM.
896 5338 923 5374 ⁸⁸
934 5341 1027 5420 qnod,
1044 5343 1121 5419 MG,
1137 5345 1210 5407 CM.
