4374 6366
387 529 461 598 448
918 519 1142 583 BRAC'l'ON:
1163 519 1225 582 DE
1249 518 1442 583 LEGIBUS

387 694 514 767 nuper
526 667 726 746 detulisset
739 668 788 745 de
803 668 939 746 averiis
954 669 1031 746 suis
1045 668 1304 768 replegiandis
1320 695 1404 768 quoe
1419 672 1468 746 B.
1484 669 1587 770 cepit
1602 679 1641 748 et
1657 671 1796 758 iniuste
1812 672 1977 749 detinuit

388 796 434 865 ut
454 787 556 878 dicit,
576 797 616 864 et
634 797 679 864 tu
699 787 833 865 eadem
853 787 982 864 averia
1000 787 1124 864 eidem
1143 788 1197 864 A.
1217 787 1480 888 replegiasses,
1501 797 1540 866 et
1561 789 1595 865 ei
1616 789 1783 866 dedisses
1804 790 1905 867 diem
1927 792 1977 868 od

387 907 608 1006 proximum
626 905 851 982 comitatum
867 914 991 995 tuum,
1010 915 1049 982 et
1066 905 1293 1005 pradictum
1312 904 1390 982 B.²²
1409 905 1655 986 attachiasses
1674 908 1725 984 ad
1743 909 1976 1008 responden·

387 1026 482 1103 dum
501 1052 619 1126 super
637 1026 708 1102 hoc
728 1025 851 1102 eidem
870 1026 937 1115 A.,
957 1025 1164 1124 praedictus
1185 1025 1234 1103 Β.
1256 1036 1346 1126 post
1367 1027 1709 1106 attachiamentum
1730 1029 1827 1106 illud
1848 1029 1977 1105 averia

387 1147 556 1225 eiusdem
574 1148 627 1222 A.
645 1147 786 1224 iterum
804 1147 906 1246 cepit
924 1147 1057 1223 eadem
1075 1146 1272 1224 occasione
1290 1146 1394 1246 qua¹⁸
1413 1174 1458 1224 ea
1477 1147 1585 1247 prius
1603 1157 1770 1248 ceperat,
1789 1150 1850 1226 vel
1870 1176 1975 1227 occa·

387 1265 519 1344 sione²⁴
541 1266 699 1344 alicuius
721 1265 809 1344 talis
831 1267 932 1366 quod
954 1267 1084 1365 tangit
1106 1265 1202 1343 illud
1224 1266 1411 1366 placitum
1433 1267 1738 1368 principaliter,¹⁵
1761 1278 1800 1346 et
1822 1271 1890 1348 illa
1911 1271 1974 1348 de·

385 1390 485 1467 tinet
498 1389 596 1467 sicut
610 1388 730 1489 prius.
745 1389 803 1465 Et
816 1388 907 1487 quia
920 1387 991 1463 hoc
1005 1398 1063 1465 est
1076 1388 1281 1466 manifeste
1295 1398 1430 1466 contra
1445 1413 1578 1488 pacem
1594 1401 1777 1480 nostram,
1792 1392 1863 1469 tibi
1879 1418 1974 1491 pne·

386 1512 548 1610 cipimus
575 1511 678 1610 quod
705 1511 834 1587 averia
858 1511 978 1610 ipsius
1004 1511 1057 1587 A.
1086 1509 1166 1587 sine
1192 1510 1374 1588 dilatione
1401 1511 1602 1588 deliberari
1629 1513 1749 1590 facias
1776 1539 1975 1613 quousque

385 1633 552 1733 capitale
565 1633 752 1732 placitum
767 1633 854 1709 inde
869 1633 970 1709 inter
985 1657 1049 1709 eos
1065 1632 1304 1709 terminetur.
1322 1633 1381 1708 Et
1398 1633 1428 1710 si
1444 1633 1633 1711 inveneris
1649 1635 1753 1734 quod
1769 1635 1975 1734 pradictus

386 1755 435 1832 Β.
452 1755 581 1832 averia
594 1755 714 1855 ipsius
728 1754 781 1830 A.
796 1754 937 1831 iterum
951 1753 1123 1852 ceperit¹⁸
1140 1779 1186 1830 ea
1200 1754 1394 1831 occasione
1410 1780 1488 1853 qua
1502 1780 1548 1832 ea
1562 1756 1671 1854 prius
1688 1756 1801 1856 cepit,
1818 1766 1857 1833 et
1873 1757 1975 1833 idem

385 1877 438 1952 A.
456 1877 590 1955 fecerit
606 1885 645 1954 te
662 1900 838 1953 securum
853 1874 928 1953 de²²
944 1875 1138 1952 clamore¹⁸
1155 1882 1332 1964 etcetera,
1348 1886 1443 1952 tunc
1459 1877 1599 1954 habeas
1616 1903 1746 1955 coram
1762 1879 1975 1958 iustitiariis

385 1999 526 2076 nostris
550 1999 600 2074 od
624 1998 791 2097 primam
816 1998 974 2074 assisam
998 2006 1175 2087 etcetem,
1201 2022 1342 2097 corpus
1366 1999 1486 2097 ipsius
1511 1999 1560 2076 Β.
1587 1999 1638 2076 ad
1664 2001 1975 2099 respondendum

385 2120 569 2218 predicto
585 2120 639 2196 A.
659 2119 707 2196 de
726 2119 892 2196 secundo
910 2118 1098 2217 captione.
1119 2120 1177 2195 Et
1195 2119 1335 2198 habeas
1353 2119 1405 2195 ibi
1423 2119 1494 2195 hoc
1511 2120 1637 2197 breve.
1658 2123 1776 2199 Teste
1795 2131 1973 2199 etcetera.

385 2241 443 2318 Et
462 2240 566 2318 unde
585 2240 691 2318 sive¹'
711 2241 836 2340 prima
856 2241 984 2339 captio
1003 2241 1105 2317 iusta
1125 2241 1244 2318 fuerit
1265 2241 1343 2318 sive
1362 2242 1516 2331 iniusta,
1537 2243 1703 2320 secunda
1724 2244 1880 2321 omnino
1900 2245 1974 2321 erit

384 2362 538 2440 iniusta.
563 2363 638 2440 Vel
661 2361 789 2440 aliter:
814 2361 899 2438 Et¹⁰
923 2363 954 2440 si
977 2363 1165 2439 inveneris
1190 2363 1294 2462 quod
1317 2364 1523 2462 praedictus
1548 2363 1596 2440 Β.
1622 2365 1751 2441 averia
1775 2365 1894 2464 ipsius
1919 2365 1972 2440 A.

383 2487 525 2563 iterum
547 2485 691 2583 ceperit
713 2510 759 2560 eu
782 2484 976 2561 occasione
1000 2511 1078 2585 qua
1100 2484 1208 2583 prius
1231 2511 1277 2561 ea
1299 2493 1466 2584 ceperat,
1491 2484 1613 2561 tunc¹²
1635 2510 1776 2584 corpus
1801 2486 1974 2586 praedicti

384 2607 434 2684 B.
461 2606 601 2684 habeas
627 2631 757 2684 coram
783 2615 822 2684 te
849 2616 888 2684 et
914 2631 1044 2684 coram
1069 2607 1291 2684 custodibus
1320 2606 1551 2706 placitorum
1578 2631 1726 2684 coronae
1753 2615 1894 2684 nostrae
1923 2607 1974 2684 ad

384 2729 605 2830 proximum
624 2729 849 2807 comitatum
867 2739 991 2806 tuum.
1012 2730 1070 2806 Et
1090 2729 1121 2804 si
1141 2753 1213 2827 per
1233 2729 1393 2805 ballivos
1412 2737 1500 2806 tuos
1519 2754 1591 2828 per
1611 2755 1706 2829 quos
1727 2729 1855 2805 averia
1876 2754 1973 2828 prae-

385 2850 475 2928 dicti
492 2851 546 2927 A.
565 2850 732 2927 secundo
749 2849 964 2949 replegiata
983 2849 1172 2927 fuerunt²²
1190 2860 1229 2928 et
1247 2874 1319 2949 per
1337 2850 1431 2927 alios
1450 2849 1592 2950 legales
1611 2851 1781 2927 homines
1799 2849 1973 2927 convinci

384 2972 528 3071 poterit
548 2972 597 3047 de
618 2973 784 3050 secunda
804 2971 994 3071 captione,
1017 2982 1056 3050 et
1077 2997 1151 3070 pro
1171 2997 1251 3048 una
1272 2970 1508 3071 eademque²⁸
1530 2972 1736 3060 occasione,
1758 2980 1853 3049 tunc
1876 2996 1972 3070 prae·

383 3094 529 3171 dictum
546 3095 595 3171 B.
613 3095 668 3170 ita
684 3094 847 3192 castiges
864 3119 934 3192 per
951 3118 1110 3191 gravem
1127 3093 1436 3183 misericordiam,
1456 3101 1500 3169 ut
1518 3094 1721 3193 castigatio
1739 3094 1805 3170 illa
1823 3095 1863 3170 in
1881 3119 1972 3172 casu

383 3215 568 3292 consimili
592 3215 674 3292 aliis
697 3215 874 3292 timorem
897 3215 1044 3292 tribuat
1067 3215 1324 3315 delinquendi.
1351 3215 1468 3291 Teste
1492 3224 1669 3293 etcetera.
1696 3215 1754 3292 Et
1780 3241 1857 3314 quo
1881 3241 1972 3294 casu

383 3363 534 3437 semper
550 3337 744 3437 oportebit
762 3337 866 3437 quod
882 3337 1102 3436 inculpatus
1120 3337 1306 3414 defendat
1323 3337 1531 3413 secundam
1547 3337 1764 3435 captionem
1782 3346 1821 3413 et
1841 3337 1971 3414 deten-

382 3461 526 3537 tionem
541 3468 579 3536 et
594 3459 779 3535 damnum
793 3469 833 3536 et
846 3465 985 3547 totum,
1001 3459 1211 3536 secundum
1226 3458 1329 3558 quod
1345 3458 1465 3535 fuerit
1481 3457 1712 3558 inculpatus,
1728 3468 1864 3535 contra
1881 3485 1970 3558 que·

382 3591 531 3659 rentem
553 3590 592 3657 et
613 3590 748 3658 contru
770 3590 913 3658 sectam
936 3606 1045 3657 suam
1068 3580 1098 3656 si
1123 3589 1265 3656 sectam
1289 3580 1517 3678 produxerit
1541 3579 1800 3668 sufficientem,
1825 3605 1913 3656 cum
1937 3581 1971 3656 ei

382 3728 461 3779 non
479 3703 528 3780 sit
546 3702 777 3779 credendum
796 3702 845 3778 ad
865 3701 1074 3799 simplicem
1092 3725 1224 3778 vocem
1243 3727 1363 3778 suam.
1384 3702 1443 3777 Et
1461 3701 1492 3777 si
1512 3701 1735 3800 simpliciter
1754 3701 1971 3779 defenderit

382 3850 454 3924 per
474 3825 598 3923 legem
620 3851 660 3902 se
681 3824 867 3901 defendat
888 3832 1024 3899 contra
1046 3832 1199 3900 sectam.
1223 3822 1375 3899 Poterit
1396 3831 1528 3898 tamen
1549 3821 1769 3920 inculpatus
1792 3823 1847 3899 ita
1870 3822 1970 3898 exci-

382 3972 474 4046 pere
493 3956 533 4025 et
552 3948 785 4045 respondere
805 3946 909 4044 quod
927 3954 1090 4045 uterque
1110 3945 1333 4020 onerabitur
1354 3944 1404 4019 ad
1425 3952 1568 4021 sectam
1590 3944 1888 4042 producendam.
1912 3943 1970 4019 Et

382 4094 471 4145 cum
488 4068 683 4144 hincinde
704 4066 851 4142 fuerit²⁴
871 4066 1075 4164 diligenter
1096 4065 1325 4153 exammata,
1348 4090 1420 4163 pro
1441 4091 1487 4141 ea
1506 4064 1737 4142 iudicabitur
1758 4064 1870 4165 quoe²⁸
1891 4065 1970 4140 veri

379 4190 615 4291 probabilior
634 4200 673 4268 et
693 4187 931 4266 verisimilior
953 4213 1033 4264 esse
1053 4186 1321 4286 probabitur.²⁶
1343 4187 1401 4263 Et
1422 4188 1526 4286 quod
1546 4194 1649 4263 secta
1671 4187 1882 4262 examinari
1904 4186 1968 4261 de-

383 4313 413 4388 f.
429 4312 547 4405 159b]
603 4311 704 4400 beat,
732 4309 921 4409 probatur
948 4309 997 4384 de
1024 4308 1159 4386 itinere
1186 4307 1375 4384 Willelmi
1404 4308 1452 4384 de
1480 4307 1659 4407 Rslegha
1687 4307 1754 4384 in²⁷
1784 4310 1970 4387 comitatu

381 4434 613 4536 Leycestriae
630 4434 671 4510 in
688 4431 878 4532 principio
896 4431 1025 4520 rotuli,
1045 4431 1092 4508 de
1110 4431 1268 4528 Rogero
1288 4430 1335 4506 de
1354 4429 1393 4505 la
1413 4429 1550 4519 Suche,
1570 4429 1795 4507 ubidicitur
1815 4431 1918 4530 quod
1938 4430 1969 4508 si

382 4567 485 4634 secta
499 4582 547 4632 ex
560 4563 673 4655 parte
688 4555 881 4653 querentis
895 4553 1146 4653 producatur,
1162 4552 1265 4652 quod
1280 4551 1408 4627 averia
1423 4577 1493 4628 sua
1509 4551 1648 4628 iniuste
1664 4560 1780 4650 capta
1796 4550 1970 4630 fuerint²⁸

381 4690 421 4757 et
441 4689 577 4756 contra
596 4678 753 4754 vadium
774 4685 813 4752 et
834 4675 981 4774 plegios
1002 4674 1142 4750 iniuste
1163 4674 1332 4763 detento,
1354 4682 1394 4751 et
1416 4697 1643 4771 responsum
1665 4673 1715 4750 sit
1737 4699 1786 4749 ex
1809 4674 1969 4750 adverso

382 4803 485 4903 quod
502 4801 612 4889 iuste,
631 4807 670 4877 et
688 4799 784 4888 ideo,
803 4797 894 4897 quia
911 4804 1029 4896 capta
1046 4795 1206 4872 fuemnt
1224 4795 1266 4870 in
1284 4795 1425 4872 damno
1443 4804 1483 4871 et
1501 4803 1635 4871 contra
1654 4793 1812 4872 vadium
1830 4804 1869 4873 et
1889 4796 1968 4894 ple·

380 5021 499 5093 ²²Om,
519 5019 597 5094 MG,
616 5016 681 5080 OC.
723 5013 790 5050 ¹¹¹¹¹
801 5015 881 5090 Om,
902 5014 980 5087 MG,
1000 5013 1065 5075 OC.
1108 5010 1135 5046 ¹⁵
1146 5009 1330 5090 principale,
1351 5012 1418 5087 OC,
1440 5010 1518 5086 MG,
1538 5012 1613 5087 CM,
1635 5013 1713 5084 MC;
1735 5015 1881 5090 princip„
1901 5011 1966 5072 LA.

380 5118 407 5156 ²⁸
418 5124 511 5198 cepit,
526 5121 566 5194 V,
582 5117 659 5180 MG.
696 5115 763 5151 ¹¹¹¹¹
774 5115 854 5190 Om.,
869 5116 909 5192 V,
926 5116 992 5190 LA,
1009 5115 1049 5190 Y,
1066 5115 1146 5187 Mc;
1163 5112 1201 5173 de
1217 5113 1305 5174 clam.
1324 5133 1379 5174 suo
1395 5111 1620 5192 prosequendo,
1637 5113 1715 5188 MG,
1732 5113 1787 5175 OC
1810 5113 1966 5192 (clamio).

380 5220 456 5296 ¹⁹si,
474 5220 552 5294 MG,
569 5219 636 5281 OC.
675 5216 794 5294 ποΟιιι,
812 5216 881 5293 ΟΒ,
900 5216 977 5290 MA,
995 5217 1071 5291 ΜΒ,
1089 5216 1128 5276 Υ.
1169 5213 1195 5248 ²²
1208 5215 1287 5290 Om.,
1307 5214 1376 5288 OB,
1395 5215 1472 5288 MA,
1491 5215 1566 5276 ΜΒ.
1608 5213 1774 5291 ²²fuerint,
1795 5216 1871 5289 MA,
1892 5216 1968 5291 ΜΒ,

380 5322 458 5398 MG,
474 5322 548 5396 CM,
563 5320 635 5393 00,
651 5340 721 5392 om„
736 5319 802 5378 ΟΕ.
839 5315 865 5351 ¹⁸
877 5323 908 5376 et
924 5315 1041 5393 eadem,
1057 5317 1126 5390 OB,
1142 5316 1218 5390 MA,
1235 5317 1309 5376 ΜΒ.
1349 5313 1484 5377 “luerit
1500 5323 1595 5389 secta,
1610 5316 1649 5377 V.
1687 5315 1714 5351 ²⁶
1725 5321 1788 5395 qui,
1805 5318 1883 5392 MG,
1899 5316 1966 5378 OC.

380 5422 406 5458 ²⁶
418 5421 579 5501 probatur,
595 5420 662 5495 LA,
680 5421 720 5494 Y,
738 5417 810 5480 MC.
850 5415 968 5494 ”Om,
987 5417 1056 5492 OB,
1074 5417 1151 5492 MA,
1169 5418 1246 5492 ΜΒ,
1264 5416 1331 5493 CE,
1349 5417 1424 5491 CM,
1442 5418 1509 5479 OA.
1552 5415 1727 5493 ²⁸iuerunt,
1746 5419 1786 5494 V,
1805 5420 1872 5496 OC,
1891 5420 1966 5481 ΜΒ.
