4432 6336
657 509 717 570 DE
741 510 1044 583 ADQUIRENDO
1067 512 1224 574 RERUM
1248 513 1450 574 DOMINIO
1779 525 1850 591 101

262 658 393 735 fuerit.
411 659 477 735 Ea
493 685 584 737 vero
601 685 685 759 quae
703 661 931 759 imperfecta
948 671 1051 752 sunt,
1071 689 1309 763 quocumque
1327 673 1502 763 tempore
1520 665 1667 742 fuerint
1685 666 1851 766 incepta,

263 785 352 853 ante
367 777 552 855 feloniam
566 778 627 854 vel
643 789 744 878 post,
759 804 971 878 numquam
986 791 1075 880 post
1091 782 1447 860 condemnationem
1463 782 1650 882 perduci²⁸
1667 793 1853 883 poterunt

262 896 313 971 ad
329 895 523 972 effectum.
545 896 624 975 Sed
640 907 723 974 esto
739 900 843 997 quod
859 899 1052 977 iustitiarii
1069 909 1215 977 terram
1232 901 1364 978 datam
1381 902 1423 977 in
1441 902 1557 978 feodo
1574 902 1636 978 vel
1654 903 1704 978 ad
1722 904 1852 979 termi-

262 1038 356 1091 num
383 1014 579 1092 dimissam
607 1025 698 1093 ante
725 1017 910 1095 feloniam
938 1019 1095 1107 factam,
1124 1044 1212 1096 cum
1240 1019 1319 1095 felo
1347 1020 1543 1097 convictus
1573 1021 1693 1099 fuerit
1724 1021 1852 1120 aliquo

261 1159 403 1232 genere
421 1134 667 1212 convictionis
686 1136 734 1212 de
753 1136 872 1225 facto,
890 1137 979 1213 licet
997 1162 1076 1213 uon
1095 1137 1144 1213 de
1164 1138 1256 1228 iure,
1277 1139 1450 1238 ceperint
1469 1140 1510 1216 in
1529 1165 1688 1218 manum
1708 1140 1853 1218 domini

261 1254 375 1353 regis,
396 1265 435 1332 et
454 1255 511 1331 ita
530 1254 634 1353 quod
653 1253 829 1332 habuerit
850 1254 1022 1331 annum¹⁴
1044 1256 1110 1334 et²⁵
1131 1257 1249 1333 diem:
1272 1257 1488 1358 numquid¹⁸
1509 1258 1654 1357 poterit
1676 1259 1851 1359 capitalis

261 1373 438 1451 dominus
454 1373 573 1450 talem
588 1372 764 1451 seisinam
779 1399 1007 1473 recuperare
1023 1374 1176 1474 qualem
1192 1401 1261 1452 rex
1276 1375 1458 1453 habuiti¹⁷
1476 1378 1570 1453 Non
1586 1379 1634 1454 de
1650 1378 1745 1467 iure,
1762 1380 1853 1478 quia

260 1503 406 1571 terram
428 1493 561 1570 datam
582 1491 622 1569 in
645 1493 761 1569 feodo
781 1518 862 1569 non
882 1495 1026 1593 poterit
1049 1494 1128 1570 felo
1151 1495 1389 1584 forisfacere,
1412 1521 1481 1574 nec
1505 1496 1621 1573 etiam
1645 1497 1778 1574 datam
1802 1498 1852 1574 ad

260 1610 469 1688 terminum
504 1619 595 1687 ante
628 1610 836 1688 terminum
871 1611 1118 1712 completum,
1154 1613 1267 1690 alicui
1302 1613 1537 1693 tenendam¹⁸
1573 1617 1614 1692 in
1650 1617 1852 1706 dominico,

260 1739 423 1829 propter
441 1731 665 1807 servitutem
683 1757 799 1830 quam
817 1731 1009 1808 firmarius
1027 1731 1097 1809 sibi
1116 1733 1322 1831 adquisivit
1339 1743 1430 1811 ante
1448 1734 1634 1812 feloniam
1651 1745 1850 1835 perpetra·

259 1859 343 1928 tam
365 1851 414 1927 de
435 1850 643 1927 usufructu
664 1849 840 1926 habendo
858 1847 913 1925 'ad
935 1853 1144 1928 terminum
1166 1852 1254 1928 vitae
1277 1853 1339 1928 vel
1363 1877 1564 1928 annorum.
1593 1854 1671 1930 Sed
1694 1880 1736 1931 re
1760 1880 1851 1931 vera

261 1969 352 2068 quia
364 1979 454 2069 post
467 1969 676 2046 terminum
691 1994 891 2045 reversura
905 1978 963 2047 est
977 1970 1029 2046 ad
1042 1969 1247 2069 capitalem
1262 1969 1461 2047 dominum
1475 1981 1675 2070 tamquam
1691 1974 1853 2050 eschaeta

261 2113 342 2178 sua,
364 2087 519 2166 habebit
541 2113 610 2164 rex
630 2088 840 2164 terminum
862 2113 976 2165 suum
997 2088 1092 2165 dum
1113 2097 1244 2166 tamen
1268 2090 1308 2166 in
1332 2091 1409 2166 fine
1431 2091 1586 2168 termini
1610 2091 1851 2169 satisfaciat²⁹

260 2205 431 2283 firmario
445 2206 495 2283 ad
508 2206 728 2295 valentiam,
743 2207 798 2283 ita
812 2207 915 2307 quod
928 2207 1023 2282 nihil
1037 2207 1209 2285 firmario
1224 2209 1417 2308 depereat.
1435 2210 1493 2287 Et
1509 2211 1540 2286 si
1556 2211 1659 2287 forte
1674 2211 1850 2310 capitalis

262 2325 438 2402 dominus
465 2326 695 2402 auctoritate
722 2327 882 2425 propria
910 2352 949 2402 se
977 2327 1088 2425 ponit
1116 2327 1155 2401 in
1184 2327 1361 2404 saisinam
1390 2338 1479 2427 post
1508 2354 1654 2406 annum
1680 2339 1721 2406 et
1750 2331 1850 2408 diem

259 2441 453 2521 firmarius
466 2441 621 2520 habebit
635 2468 853 2542 regressum
866 2468 998 2521 versus
1013 2470 1102 2521 eum
1116 2471 1188 2544 per
1202 2444 1316 2522 breve
1330 2470 1543 2536 commune,
1560 2447 1701 2525 scilicet
1718 2448 1851 2541 Quare

260 2562 532 2640 reintruaitin
549 2563 816 2640 terramillam
834 2564 940 2659 infru
957 2563 1164 2641 terminum
1181 2589 1305 2643 suun.
1329 2565 1371 2641 Si
1390 2574 1520 2644 autem
1538 2565 1644 2642 fe10²⁰
1665 2567 1851 2644 dimiserit

260 2681 310 2757 ad
334 2680 575 2758 voluntatem
598 2707 707 2758 suam
731 2692 876 2758 terram
892 2681 965 2760 ¹et²¹
991 2682 1039 2758 de
1064 2709 1166 2760 anno
1191 2684 1231 2760 in
1256 2709 1413 2773 annum,
1438 2694 1528 2761 ante
1554 2685 1738 2764 salonium
1763 2713 1849 2787 per·

260 2809 455 2900 patratam
481 2802 543 2877 vel
570 2809 672 2899 post,
700 2800 832 2878 statim
859 2809 949 2900 post
977 2801 1333 2880 condemnationem
1361 2804 1434 2880 erit
1461 2812 1567 2880 terra
1594 2804 1661 2881 illa
1690 2805 1850 2882 eschaeta

259 2919 436 3020 capitalis
450 2919 607 3009 domini,
621 2920 716 2996 dum
729 2927 861 2996 tamen
876 2919 1052 2997 dominus
1068 2945 1137 2996 rex
1152 2920 1291 2998 habeat
1306 2923 1514 3000 terminum
1530 2949 1654 2999 suum.
1671 2923 1730 3000 Et
1747 2925 1850 3022 quod

260 3063 472 3136 numquam
502 3046 593 3114 ante
621 3038 989 3128 condemnationem,
1020 3039 1080 3114 vel
1111 3038 1232 3115 donec
1262 3040 1406 3116 felonia
1436 3041 1696 3131 convincatur,
1728 3044 1849 3142 possit

259 3166 365 3233 terra
383 3156 521 3233 felonis
540 3181 621 3234 esse
638 3155 800 3234 esohaeta
819 3156 962 3234 domini
981 3157 1169 3257 capitalis,
1188 3159 1366 3236 convenit
1385 3158 1448 3236 lex
1468 3185 1556 3236 oum
1575 3161 1850 3239 consuetudine

259 3276 492 3375 Anglicana,
517 3277 561 3352 ff.
583 3277 632 3354 de
653 3275 923 3354 donationibus
945 3277 971 3353 l.
993 3287 1085 3377 post
1106 3287 1359 3367 contractum,
1381 3278 1447 3355 ubi
1471 3279 1611 3355 dicitur
1633 3280 1737 3379 quod
1760 3290 1850 3380 post

259 3403 500 3471 contractum
517 3394 683 3495 capitale
699 3394 844 3472 crimen
861 3395 1086 3472 donationes
1103 3397 1217 3472 factoe
1234 3396 1365 3474 valent
1384 3398 1456 3474 nisi
1475 3399 1742 3476 condemnatio
1762 3399 1848 3478 sub·

259 3522 390 3590 secuta
405 3513 465 3590 sit.

358 3633 407 3710 Si
418 3631 489 3730 fiat
502 3632 660 3710 donatio
674 3634 723 3711 de
737 3657 778 3710 re
792 3631 928 3712 atiena.
1603 3705 1606 3710 .

259 3750 447 3826 Vrmmus
465 3751 506 3828 in
525 3750 827 3851 praecedentibus
847 3777 931 3850 quae
951 3751 1108 3829 donatio
1128 3753 1255 3831 valeat
1274 3779 1362 3830 cum
1382 3755 1526 3831 effectu
1546 3757 1595 3833 de
1615 3780 1656 3832 re
1679 3757 1849 3856 propria,

259 3879 297 3947 ct
315 3895 400 3968 quae
415 3872 586 3948 revocari
603 3869 709 3947 non²²
727 3871 883 3970 poterit,
901 3896 989 3948 cum
1007 3873 1172 3949 donator
1190 3873 1295 3950 illam
1314 3873 1445 3950 statim
1464 3875 1598 3952 fecerit
1617 3876 1848 3974 accipientis·

260 3988 378 4065 Nunc
401 3997 532 4067 autem
555 3991 764 4067 videndum
788 3991 819 4067 si
844 3991 1001 4068 donatio
1024 3993 1095 4068 fiat
1119 3992 1167 4068 de
1191 4018 1233 4068 re
1258 3992 1394 4081 aliena,
1418 4002 1457 4069 et
1482 4019 1566 4092 quae
1591 3995 1746 4093 quidem
1770 4021 1849 4071 non

112 4146 116 4152 ·
259 4110 361 4188 valet
377 4133 466 4187 cum
482 4111 625 4188 effectu
641 4119 831 4208 quantum
847 4110 898 4187 ad
914 4112 1043 4208 ipsum
1059 4110 1166 4187 cuius
1183 4137 1244 4187 res
1262 4110 1394 4200 fucrit,
1411 4112 1500 4188 licet
1516 4112 1643 4190 valeat
1661 4124 1700 4190 et
1718 4114 1850 4190 statim

259 4229 329 4306 fiat
346 4229 565 4327 accipientis
583 4237 772 4328 quantum
789 4229 840 4305 ad
855 4229 1082 4306 donatorem
1099 4238 1139 4306 et
1156 4229 1412 4317 donatarium,
1431 4240 1470 4307 et
1489 4241 1678 4329 quantum
1697 4233 1746 4308 ad
1764 4233 1849 4309 illos

259 4348 325 4446 qui
338 4348 398 4425 ius
411 4371 490 4425 non
502 4349 657 4437 habent,
669 4371 750 4425 non
763 4357 895 4424 tamen
909 4350 1012 4425 valet
1027 4357 1216 4447 quantum
1232 4350 1282 4425 ad
1296 4349 1405 4424 illum
1420 4350 1486 4448 qui
1500 4350 1558 4426 ius
1573 4348 1688 4427 habet
1705 4352 1848 4440 statim,

259 4467 325 4544 sed
348 4476 437 4566 post
459 4476 625 4566 tempus
648 4467 738 4566 quia
761 4467 793 4545 si
814 4467 1066 4544 incontinenti
1089 4468 1200 4544 eiciat
1223 4468 1443 4557 ieoffatum,
1466 4494 1537 4567 per
1561 4469 1719 4545 assisam
1742 4469 1848 4547 non²⁸

258 4585 513 4685 recuperabit,
533 4587 599 4663 sed
620 4587 650 4662 si
669 4612 741 4685 per
760 4586 1036 4685 negligentiam
1055 4586 1117 4663 vel
1137 4587 1365 4686 patientiam
1384 4587 1561 4664 habuerit
1579 4596 1747 4688 tempus,
1768 4590 1849 4666 sine

259 4705 289 4780 f.
303 4706 373 4798 31]
428 4704 534 4782 brevi
563 4714 602 4782 et
631 4705 769 4782 iudicio
800 4705 979 4782 dissaisiri
1009 4730 1088 4781 non
1118 4705 1272 4804 poterit.
1306 4706 1459 4783 Poterit
1490 4707 1644 4805 quidem
1675 4733 1735 4784 res
1768 4734 1849 4785 esse

257 4823 382 4900 aliena
393 4823 549 4900 omnino
561 4833 599 4902 et
612 4849 660 4900 ex
672 4833 756 4901 toto
769 4833 958 4923 quantum
971 4822 1021 4898 ad
1033 4823 1092 4900 ius
1105 4833 1144 4900 et
1156 4825 1447 4923 proprietatem,
1462 4825 1620 4902 feodum
1634 4835 1673 4903 et
1686 4825 1848 4902 liberum

255 4949 531 5032 tenementum,
550 4943 837 5020 usumfructum
855 4952 893 5020 et
911 4943 1060 5020 nudum
1078 4968 1204 5031 usum,
1223 4952 1262 5019 et
1282 4943 1417 5042 aliquis
1437 4970 1476 5021 se
1495 4944 1667 5043 posuerit
1686 4945 1727 5021 in
1746 4945 1847 5022 scisi-

258 5130 285 5166 ²⁸
296 5133 437 5210 produci,
462 5133 502 5208 V,
528 5135 605 5207 MA,
630 5134 708 5208 MG,
734 5134 807 5196 ΟΜ.
854 5131 1013 5207 14ΙιᾶΟΜ,
1039 5134 1115 5207 ΜΔ,
1142 5132 1216 5193 ΜΒ.
1265 5131 1292 5165 ¹⁸
1303 5152 1478 5212 numquam,
1504 5132 1544 5206 V,
1570 5132 1639 5207 OB,
1666 5133 1743 5209 ΜΒ,
1769 5133 1847 5195 MG.

257 5230 284 5267 ²²
296 5232 449 5310 habuerit,
466 5234 536 5309 OA,
552 5235 627 5310 ΟΜ,
645 5235 717 5295 ΜΟ.
755 5232 782 5268 ²⁸
793 5233 977 5309 habendam,
995 5235 1072 5308 MG,
1090 5235 1163 5296 ΟΜ.
1203 5232 1229 5268 ¹⁹
1241 5233 1384 5310 satisfiat,
1402 5235 1469 5310 ΟΟ,
1487 5235 1554 5310 LA,
1573 5235 1651 5309 MG,
1671 5236 1750 5308 MC;
1769 5235 1848 5296 suffi-

258 5336 332 5408 ciat,
359 5333 433 5394 MA.
482 5333 601 5411 ²⁰0m,
627 5334 697 5410 OB,
724 5335 801 5410 ΜΒ,
832 5336 889 5413 (-Ι-
902 5335 997 5413 ΜΑ).
1046 5335 1166 5412 ²²Om.,
1193 5335 1271 5409 MG,
1299 5336 1374 5411 CM,
1401 5336 1467 5398 ΟΟ.
1517 5334 1636 5411 ²²0m.,
1666 5336 1744 5411 MG,
1773 5337 1846 5397 ΟΜ.

258 5431 285 5467 ²³
297 5433 377 5510 Om,
391 5433 429 5496 V.
