4374 6366
391 484 464 553 436
922 477 1146 540 arneson:
1168 476 1229 540 nn
1254 477 1446 542 morans

389 625 564 716 hominis,
582 625 643 704 vel
660 624 761 726 pro¹²
779 626 926 704 foresta
942 634 1087 716 nostra,
1104 627 1165 706 vel
1182 653 1255 728 pro
1273 627 1402 727 aliquo
1418 627 1495 706 alio
1511 639 1616 708 recto
1634 658 1753 730 quare
1772 635 1984 711 secundum

388 744 516 843 legem
529 743 686 843 Anglioe
700 745 843 822 nonsit
857 744 1141 845 replegiandus.
1159 745 1223 824 Ne
1238 746 1403 846 amplius
1419 757 1597 838 etcetera,
1612 775 1686 850 pro
1701 751 1858 828 defectu
1873 751 1983 829 iusti·

388 862 453 940 tite
469 871 647 940 etcetero.
666 865 785 940 Teste
801 871 980 941 etcetera.

490 981 610 1076 Quod
626 1005 738 1058 uerno
755 990 886 1082 potest
904 981 1049 1060 coeam
1066 1006 1177 1060 ntum
1194 979 1333 1060 babere
1350 983 1399 1062 da
1415 983 1624 1083 probatore
1643 985 1704 1062 vel
1721 985 1872 1064 Mborte
1890 1010 1981 1086 cog·

489 1107 680 1178 noscente.
696 1099 756 1176 Bt
769 1123 856 1199 que
868 1099 1014 1198 placita
1027 1100 1224 1199 pertinent
1239 1100 1290 1178 ad
1305 1100 1450 1178 canna
1466 1111 1504 1179 et
1519 1125 1606 1202 qua
1621 1102 1672 1180 od
1687 1104 1924 1192 comitatum,
1940 1113 1982 1183 et

488 1218 537 1297 dt
553 1217 795 1296 libertatibus
809 1217 1062 1318 singulorum.

386 1337 416 1413 f.
432 1335 551 1431 154b]
593 1337 775 1412 Ducum
787 1345 847 1413 est
859 1334 1006 1434 supra²⁸
1018 1336 1122 1434 quod
1134 1361 1247 1412 nemo
1258 1345 1387 1436 potest
1398 1336 1537 1416 habere
1549 1339 1696 1416 curiam
1708 1365 1818 1417 suam
1829 1340 1878 1418 de
1890 1365 1981 1439 pro-

387 1455 522 1532 batore
540 1465 579 1532 et
597 1455 747 1532 latrone
765 1461 1030 1553 cognoscente.
1050 1455 1262 1532 Videamus
1281 1455 1402 1554 igitur
1421 1479 1505 1554 quae
1525 1456 1669 1557 placita
1687 1459 1908 1556 pertincant
1928 1461 1981 1536 ad

387 1574 533 1651 curiam
547 1583 586 1650 ct
601 1597 686 1672 quae
699 1575 750 1650 ad
765 1573 1001 1650 comitatum.
1018 1574 1122 1650 Sunt
1137 1573 1293 1672 quidam
1307 1575 1470 1651 barones
1484 1584 1524 1651 et
1540 1574 1604 1650 alii
1619 1575 1685 1674 qui
1700 1575 1896 1654 libertates
1911 1576 1978 1654 ha·

387 1693 491 1782 bant,
504 1691 646 1769 scilicet
659 1692 739 1781 sok,
753 1691 834 1781 sak,
847 1691 904 1769 tol
917 1700 957 1768 et
969 1691 1110 1781 theam,
1123 1691 1431 1789 infangenethef,
1445 1692 1786 1791 utfangenethef.²¹
1801 1693 1876 1770 Isti
1890 1719 1979 1792 pos-

387 1821 479 1888 sunt
491 1811 660 1888 iudicare
672 1810 713 1887 in
725 1809 832 1887 curia
846 1835 916 1887 sua
929 1810 960 1887 si
974 1811 1060 1909 quis
1072 1811 1251 1888 inventus
1267 1809 1386 1888 fuerit
1400 1811 1506 1887 infra
1519 1809 1736 1887 libertatem
1751 1837 1861 1889 suam
1875 1812 1978 1889 seisi·

386 1939 450 2007 tus
473 1931 520 2006 de
543 1929 673 2028 aliquo
692 1929 893 2006 latrocinio
914 1929 1134 2018 manifesto,
1157 1927 1255 2006 sicut
1278 1927 1580 2005 hondhabbende
1604 1939 1644 2006 et
1665 1929 1913 2019 bacberende,
1938 1939 1978 2007 et

385 2049 580 2126 insecutus
594 2046 715 2124 fuerit
729 2072 799 2146 per
814 2046 1010 2124 saccabor:
1027 2047 1117 2145 quia
1131 2045 1204 2124 nisi
1213 2045 1383 2122 fueritin
1392 2046 1540 2134 seisina,
1550 2045 1639 2123 licet
1648 2045 1784 2145 aliquis
1794 2057 1979 2146 sequatur

385 2192 518 2244 versus
533 2192 622 2242 eum
635 2167 733 2244 sicut
744 2191 878 2242 versus
892 2165 1094 2254 latronem,
1109 2189 1188 2241 non
1201 2165 1410 2265 pertinebit
1424 2165 1475 2241 ad
1489 2164 1646 2254 curiam
1660 2165 1872 2253 hundreda,
1887 2163 1977 2240 vel¹⁶

385 2283 629 2386 wapentalria
648 2308 876 2382 cognoscere
894 2281 943 2360 de
961 2283 1178 2359 huiusmodi
1198 2282 1327 2372 furtis,
1346 2308 1417 2359 nec
1435 2283 1524 2360 inde
1545 2283 1673 2359 facere
1692 2282 1977 2381 inquisitionem

385 2428 456 2502 per
483 2403 652 2502 patriam
679 2410 813 2478 utrum
840 2401 929 2479 talis
957 2401 1024 2499 qui
1051 2426 1130 2477 non
1159 2399 1279 2477 fuerit
1308 2399 1456 2478 scisitus
1484 2398 1685 2500 culpabilis
1715 2400 1766 2478 sit
1793 2400 1855 2476 vel
1884 2425 1975 2476 non.

386 2522 472 2599 Nec
492 2520 596 2620 quod
617 2519 796 2596 radietur
815 2519 916 2596 inter
937 2519 1085 2618 aliquos
1107 2519 1279 2596 duellum
1301 2518 1382 2595 sine
1404 2518 1552 2596 seisina.
1575 2518 1642 2594 De
1662 2518 1733 2594 hoc
1756 2519 1861 2616 quod
1883 2518 1976 2594 dicit

383 2638 691 2738 infangenethef,
716 2637 924 2714 videndum
947 2637 1040 2736 quid
1063 2638 1124 2714 sit.
1147 2637 1206 2714 Et
1230 2637 1370 2714 dicitur
1393 2636 1689 2734 infangenethef
1712 2637 1814 2712 latro
1838 2644 1975 2735 captus

383 2757 548 2835 interra
566 2757 725 2834 alicuius
743 2755 1024 2834 dehominibus
1044 2755 1121 2832 suis
1139 2755 1309 2854 propriis
1328 2755 1478 2832 saisitus
1496 2753 1572 2831 de”
1591 2753 1804 2831 latrocinio.
1826 2753 1975 2830 Utfan-

383 2875 569 2974 genethcf
587 2900 679 2951 vero
699 2873 839 2951 dicitur
857 2874 958 2950 latro
978 2881 1185 2951 extraneus
1206 2872 1360 2950 veniens
1381 2871 1535 2950 aliunde
1555 2869 1631 2948 dc²'
1652 2879 1759 2948 terra
1778 2871 1915 2961 aliena,
1935 2880 1976 2948 et

384 2994 450 3093 qui
464 3002 602 3093 captus
617 2993 737 3071 fuerit
752 2993 792 3068 in
806 3000 912 3069 terra
927 2991 1047 3091 ipsius
1063 2993 1128 3091 qui
1143 2991 1240 3068 tales
1255 2990 1371 3068 habet
1385 2990 1593 3067 libertates.
1612 2989 1691 3066 Sed
1706 3014 1785 3065 non
1802 2989 1976 3089 sequitur

384 3113 488 3212 quod
508 3111 572 3189 ille
594 3112 716 3211 possit
735 3111 927 3188 hominem
949 3135 1062 3188 suum
1083 3109 1286 3210 proprium
1308 3118 1467 3208 captum
1490 3117 1602 3185 extra
1623 3108 1842 3184 libertatem
1865 3133 1976 3184 suam

382 3227 591 3308 reducere¹⁸
609 3255 731 3328 usque
749 3229 855 3305 infra
873 3228 1089 3306 libertatem
1109 3225 1259 3316 suam,¹⁸
1278 3235 1318 3304 ct
1336 3226 1389 3302 ibi
1407 3252 1496 3303 eum
1515 3225 1683 3303 iudicare
1703 3251 1752 3301 cx
1772 3224 1842 3300 tali
1861 3224 1973 3300 liber·

382 3358 475 3427 tate.
492 3348 623 3426 Debet
639 3348 740 3424 enim
755 3346 868 3446 quis⁸⁰
884 3346 958 3422 iuri
973 3345 1167 3423 subiacere
1182 3344 1247 3422 ubi
1265 3344 1463 3444 delinquit.
1482 3343 1669 3444 Proprias
1686 3343 1789 3420 enim
1803 3342 1974 3419 latrones

381 3476 421 3544 ct
439 3467 581 3544 alienos
599 3467 706 3542 infra
722 3464 939 3542 libertatem
959 3489 1068 3541 suam
1086 3473 1220 3561 captos
1240 3463 1408 3540 iudicare
1426 3472 1600 3562 possunt.
1622 3463 1726 3537 Item
1744 3485 1973 3559 cognoscere

382 3592 545 3683 possunt
563 3583 613 3659 de
626 3581 802 3659 medletis
819 3591 859 3659 et
875 3581 1090 3658 hominibus
1107 3578 1328 3670 verberatis,
1345 3579 1568 3669 vulneratis,
1586 3578 1652 3655 ubi
1671 3578 1816 3656 felonia
1833 3589 1872 3656 et
1891 3604 1972 3678 pax

381 3698 511 3797 regis⁸²
533 3699 595 3775 vel
618 3698 847 3776 vicecomitis
870 3724 949 3775 non
972 3697 1195 3799 apponitur.
1221 3698 1374 3775 Poterit
1396 3706 1529 3775 tamen
1551 3699 1697 3796 apponi
1721 3723 1801 3796 pax
1826 3697 1971 3774 domini

381 3816 511 3914 regis⁸²
523 3825 562 3894 et
573 3816 813 3894 ballivorum.
829 3818 933 3894 Item
946 3817 993 3894 dc
1006 3814 1153 3915 cquis‚⁸⁸
1167 3816 1300 3904 bobus,
1315 3824 1354 3892 et
1367 3814 1450 3893 aliis
1466 3814 1692 3892 animalibus
1706 3815 1917 3893 vulneratis
1932 3823 1972 3891 et

379 3934 629 4012 mahemiatis.
650 3933 758 4011 Talis
777 3933 932 4033 quidem
948 3933 1204 4033 transgressio
1222 3934 1417 4010 emendari
1437 3933 1582 4033 poterit
1600 3959 1672 4033 per
1690 3933 1844 4011 vicinos.
1866 3935 1971 4010 Item

379 4075 608 4149 cognoscere
631 4051 789 4150 potest*
812 4052 860 4128 de
884 4051 1021 4128 debitis
1046 4076 1130 4151 quae
1153 4052 1364 4149 exiguntur
1388 4051 1468 4130 sine
1492 4050 1598 4128 brevi
1621 4051 1767 4128 domini
1791 4051 1905 4150 regis,
1930 4061 1970 4129 et

380 4170 497 4247 etiam
512 4169 560 4246 de
577 4168 659 4245 aliis
676 4168 838 4267 querelis
856 4167 935 4246 sine
951 4169 1069 4244 brevi.
1679 4191 1695 4200 ·

480 4285 552 4362 Aa
564 4284 802 4363 Mcecooaitea
814 4285 1012 4385 pertineat
1026 4286 1242 4364 huiuamodi
1256 4286 1411 4386 placito.

379 4405 447 4482 An
465 4405 703 4484 vicecomites
722 4431 815 4482 vero
833 4407 1029 4506 pertinent
1047 4407 1274 4484 huiusmodi.
1285 4408 1429 4506 placita
1448 4408 1488 4484 in
1508 4411 1705 4487 comitatu.
1728 4412 1971 4510 Cognoscere

381 4527 536 4627 quidem
553 4537 682 4626 potest
702 4529 750 4604 de
767 4528 954 4617 medletis,
975 4528 1113 4626 plagis,
1133 4527 1365 4618 verberibus,
1385 4538 1424 4606 et
1442 4529 1700 4608 consimilibus
1720 4557 1794 4631 pro
1814 4533 1970 4610 defectu

380 4650 634 4738 dominorum,
650 4649 723 4725 nisi
739 4674 901 4749 querens
917 4649 1057 4726 adiciat
1071 4651 1121 4726 dc
1135 4675 1231 4748 pace
1246 4651 1391 4726 domini
1407 4651 1508 4749 regis
1524 4651 1693 4729 infracta
1707 4653 1770 4729 vel
1787 4653 1971 4730 feloniam

380 4777 566 4871 apponat,
585 4778 727 4846 extunc
745 4769 873 4848 cnim⁸⁸
893 4771 1098 4849 vicecomes
1117 4796 1196 4847 non
1215 4771 1328 4849 debet
1346 4771 1614 4863 intromittere,
1634 4797 1724 4851 cum
1740 4774 1812 4850 hoc
1830 4783 1970 4873 tangat

379 4986 499 5065 '’Om„
518 4988 558 5065 V,
577 4989 645 5050 OB.
686 4985 806 5065 ¹⁸0m.,
826 4989 895 5065 OB,
916 4989 992 5063 MA,
1013 4991 1089 5051 ΜΒ.
1130 4988 1250 5068 ¹‘Om.,
1270 4989 1339 5066 OB,
1360 4991 1437 5066 MA,
1457 4991 1535 5067 ΜΒ,
1555 4991 1622 5066 CB,
1644 4992 1718 5053 CM.
1761 4990 1880 5067 Μαι,
1900 4993 1969 5069 OC,

379 5089 456 5151 MG.
494 5088 614 5167 ²⁸0m,
629 5090 670 5167 V,
686 5088 755 5164 OA,
771 5089 840 5167 LA,
855 5089 923 5166 OC,
940 5090 1018 5167 MG,
1035 5090 1076 5167 Y,
1092 5093 1167 5154 MC.
1205 5089 1287 5167 Vin,
1304 5092 1380 5166 MA,
1398 5091 1475 5166 ΜΒ,
1492 5092 1560 5155 ΟΒ.
1600 5090 1628 5126 ¹⁸
1639 5092 1785 5154 reducere
1802 5114 1881 5171 mm,
1899 5095 1969 5170 OA,

379 5191 446 5266 OC,
461 5191 539 5259 MG.
556 5192 631 5267 CM,
647 5191 723 5266 ΜΒ,
741 5192 807 5252 MA
826 5193 885 5270 (-—
895 5191 993 5270 red),
1008 5192 1082 5254 MC.
1121 5191 1187 5227 ²⁸⁴⁹
1198 5193 1279 5268 Om,
1296 5194 1364 5256 OB.
1403 5191 1430 5227 ⁸⁰
1441 5193 1522 5270 Om,
1539 5195 1621 5266 MB;
1639 5197 1787 5274 quisquis,
1804 5195 1874 5270 OB,
1892 5197 1966 5258 MA.

379 5289 533 5352 ⁸¹domini
555 5295 650 5371 regts,
671 5290 741 5366 OB,
763 5293 839 5367 MA,
862 5291 937 5353 ΜΒ.
980 5290 1100 5370 ”Om,
1122 5293 1200 5369 MG,
1223 5291 1290 5367 OC,
1313 5293 1353 5368 Y,
1377 5293 1443 5354 LA.
1487 5291 1611 5372 ⁸⁸equia
1634 5301 1676 5372 ct,
1699 5295 1768 5369 OB,
1791 5297 1868 5372 MA,
1891 5298 1967 5359 ΜΒ.

377 5389 406 5425 ⁸⁴
417 5397 559 5470 possunt,
572 5391 617 5465 V;
631 5395 758 5470 poterit,
772 5393 847 5466 cM,
862 5391 938 5454 ΜΒ.
974 5390 1001 5426 ⁸⁶
1012 5397 1092 5454 enim
1106 5413 1150 5470 ae,
1165 5395 1194 5455 V
1200 5416 1210 5468 ;
1224 5415 1269 5469 sc,
1282 5394 1349 5471 LA,
1365 5395 1405 5470 Y,
1420 5396 1501 5468 MC;
1521 5394 1593 5474 (vic.
1610 5417 1644 5458 se
1658 5417 1732 5474 non,
1746 5398 1833 5478 OC).
