4374 6366
754 441 815 502 DE
838 441 1042 505 PLACITIS
1066 442 1255 506 CORONAE
1728 455 1802 524 439

313 589 431 684 Quod
446 598 560 668 atron
573 589 712 668 iniuria
727 591 940 669 (estimatur
954 592 1087 672 matitia
1101 595 1235 672 modia.

212 707 323 784 Esr⁸²
342 708 496 808 quidem
514 708 654 785 iniuria
670 708 764 787 levis
783 720 822 788 et
840 710 926 788 est³⁸
945 719 1070 789 atrox.
1089 713 1290 789 Atrocitas
1309 740 1400 790 vero
1419 714 1631 793 estimatur
1648 741 1698 793 ex
1717 716 1802 816 ipso

212 828 331 916 facto,
350 835 395 903 ut
415 828 446 903 si
465 829 549 927 quis
568 829 687 905 fuerit
705 830 805 906 male
825 830 1061 920 vulneratus,
1082 832 1304 909 verberatus
1324 843 1363 910 et
1383 833 1483 910 male
1503 842 1692 912 tractatus
1713 859 1802 912 eon·

212 954 277 1023 tra
288 971 434 1046 pacem.
451 946 554 1023 Item
568 973 616 1024 ex
630 946 725 1037 loca,
741 948 826 1025 siin
839 949 946 1024 curia
960 949 1089 1047 regis⁸⁴
1104 950 1165 1026 vel
1180 951 1433 1041 dominorum,
1449 953 1480 1029 si
1495 977 1624 1030 coram
1639 954 1801 1032 iustitia·

213 1067 278 1144 riis
293 1067 353 1144 vel
368 1067 408 1144 in
422 1069 607 1145 comitatu
623 1093 751 1145 coram
767 1069 996 1146 vicecomite.
1015 1070 1118 1147 Item
1134 1071 1166 1147 si
1181 1073 1222 1148 in
1236 1072 1400 1162 theatro,
1417 1073 1458 1150 in
1474 1075 1667 1164 nundinis,
1684 1075 1745 1152 vel
1762 1076 1803 1152 in

213 1190 313 1279 foro,
329 1189 389 1266 vel
406 1188 495 1266 alibi
511 1214 640 1266 coram
656 1191 761 1266 omni
778 1190 935 1290 populo.
956 1191 1060 1268 Item
1076 1191 1181 1270 locus
1197 1192 1378 1282 vulneris,
1395 1193 1468 1270 ut⁸⁸
1486 1195 1518 1271 si
1535 1194 1576 1269 in
1594 1195 1725 1272 fronte
1741 1196 1802 1274 vel

211 1311 379 1386 inundo
393 1311 517 1409 magis
533 1337 649 1410 quam
664 1311 706 1387 in
719 1313 803 1388 loeo
820 1323 975 1389 secreta.
995 1313 1098 1389 Item
1114 1339 1163 1389 ex
1179 1339 1346 1412 persona
1361 1316 1573 1392 aestimatur
1588 1316 1739 1406 iniuria,
1756 1326 1802 1393 ut

211 1433 244 1509 si
256 1432 558 1531 magistratibus,
572 1432 721 1510 ballivis
735 1433 816 1521 fiat,
831 1433 1055 1532 parentibus
1069 1435 1129 1509 vel
1144 1435 1329 1533 patronis.
1346 1435 1450 1512 Item
1464 1461 1543 1511 non
1559 1436 1682 1512 solum
1696 1446 1801 1514 tene-

210 1561 277 1629 tur
294 1553 442 1630 actione
459 1553 685 1629 iniuriarum
702 1555 767 1652 qui
785 1554 878 1631 fecit
895 1555 1085 1644 iniuriam,
1103 1555 1174 1630 hoc
1191 1565 1250 1632 est
1267 1556 1333 1654 qui
1351 1556 1550 1656 percussit,
1570 1557 1636 1634 sed
1653 1557 1717 1634 ille
1735 1556 1801 1656 qui

212 1672 301 1748 dolo
319 1671 412 1748 fecit
428 1672 516 1748 vel⁸⁰
534 1672 694 1762 curavit,
712 1685 758 1751 ut
775 1675 835 1750 cui
852 1676 956 1751 mala
973 1675 1134 1775 pugn0⁸⁷
1153 1684 1431 1775 percuteretm.

312 1795 432 1890 Qawd
445 1795 586 1873 indutio
599 1821 670 1895 per
685 1797 1026 1874 dissimulationem
1042 1797 1228 1875 aboletur.

212 1917 351 1993 ΗΕΘ*
366 1917 524 1994 autem⁸⁹
539 1919 638 1996 actio
654 1944 724 2019 per
739 1920 1080 1998 dissimulationem
1095 1921 1281 1998 aboletur.
1299 1923 1357 2000 Et
1373 1923 1459 1999 ideo
1476 1923 1507 2000 si
1523 1923 1607 2022 quis
1622 1924 1801 2001 iniuriam

100 2131 105 2138 Ι
210 2068 347 2141 passus
364 2043 434 2118 hoc
450 2043 582 2119 statim
598 2044 647 2119 ad
665 2044 836 2120 animum
852 2069 931 2119 non
947 2045 1193 2133 revocaverit,
1210 2052 1347 2143 postea
1362 2071 1411 2123 ex
1429 2047 1652 2145 paenitentia
1669 2045 1799 2122 remis·

211 2189 293 2240 sam
309 2163 487 2241 iniuriam
503 2190 574 2262 per
590 2164 930 2242 dissimulationem
947 2167 997 2242 ad
1014 2166 1186 2242 animum
1203 2166 1423 2265 recolligere
1439 2193 1519 2244 non
1535 2170 1690 2267 poterit.

310 2417 376 2494 De
390 2417 509 2494 vetito
522 2417 650 2494 nonii

211 2539 430 2615 Dnrmvrlo
456 2539 573 2616 namii
601 2566 674 2639 pro
701 2540 937 2618 districtione
966 2542 1144 2618 facienda
1171 2543 1341 2640 pertinet
1370 2543 1420 2619 ad
1447 2568 1628 2620 coronam
1658 2544 1800 2620 domini

210 2661 324 2760 regis,
344 2672 384 2740 et
402 2663 468 2738 vix
488 2663 600 2739 alicui
619 2651 841 2740 conceditur
860 2664 1147 2741 terminandum
1167 2675 1425 2764 praeterquam
1446 2667 1520 2764 ipsi
1540 2666 1696 2742 domino
1717 2667 1801 2764 regi

210 2785 271 2862 vel
285 2785 497 2863 iustitiariis
512 2786 600 2864 suis.
619 2786 698 2863 Sed
714 2789 804 2886 quia
819 2787 1005 2886 placitum
1021 2787 1153 2864 istud⁴⁰
1169 2787 1393 2864 dilationem
1409 2814 1488 2864 non
1504 2789 1620 2887 capit,
1638 2798 1800 2886 propter

211 2908 391 2983 animalia
403 2917 514 2984 muta
526 2917 565 2984 et
579 2918 742 3007 propter
756 2910 939 2985 damnum
955 2910 1058 3008 quod
1071 2910 1222 2986 evenire
1237 2920 1366 3008 posset
1381 2911 1412 2986 si
1427 2910 1493 2986 diu
1507 2910 1798 2987 detinerentur⁴¹

210 3027 367 3117 inclusa,
391 3029 512 3105 donec
533 3030 720 3128 placitum
743 3032 790 3107 de
813 3030 933 3108 vetito
956 3031 1073 3107 namii
1096 3033 1381 3121 terminaretur,
1404 3031 1516 3108 ideo⁴²
1540 3033 1726 3132 placitum
1752 3034 1800 3109 de

210 3149 332 3226 vetito
346 3150 463 3227 uamii
479 3150 688 3227 vicecomiti
705 3152 926 3228 conceditur
941 3153 1238 3243 terminandum,
1255 3154 1327 3230 hac
1343 3156 1580 3244 necessitate,
1598 3157 1701 3255 quod
1718 3156 1799 3255 qui·

211 3273 299 3349 dem
322 3272 538 3349 nonhabet
562 3300 610 3350 ex
633 3273 756 3350 officio
780 3275 1020 3365 vicecomitis,
1045 3277 1112 3353 sed
1137 3277 1236 3353 sicut
1260 3277 1485 3354 iustitiarius
1510 3277 1630 3377 ipsius
1656 3278 1800 3354 domini

210 3395 324 3492 regis.
345 3396 450 3488 <Et
468 3394 600 3473 eodem
616 3399 731 3473 modo
747 3423 826 3474 non
842 3398 914 3475 erit
932 3398 1068 3498 aliquis
1085 3400 1151 3497 qui
1167 3399 1384 3476 huiusmodi
1400 3400 1619 3478 libertatem
1635 3401 1800 3476 clamare

210 3517 332 3614 possit
344 3517 416 3594 ut‘⁸
429 3518 478 3594 de
492 3519 574 3593 iure
588 3517 657 3594 sibi
671 3519 745 3616 ipsi
759 3529 1013 3617 competente,
1027 3521 1099 3596 nisi
1113 3531 1158 3598 ut
1172 3521 1397 3598 iustitiarius
1412 3522 1554 3598 domini
1569 3525 1683 3621 regis,
1698 3534 1737 3600 et
1751 3525 1799 3600 de

211 3637 241 3713 f.
257 3639 350 3733 156]
407 3638 560 3738 speciali
577 3641 815 3717 concessione
832 3641 945 3739 regis,
963 3652 1001 3719 et
1018 3643 1090 3719 nisi
1106 3643 1176 3718 hoc
1192 3644 1343 3732 habeat,
1360 3645 1460 3721 tueri
1477 3671 1555 3721 non
1571 3647 1715 3744 poterit
1733 3647 1800 3724 ali·

211 3787 287 3860 quo
306 3770 482 3860 tempore
499 3763 627 3860 longa.
649 3763 752 3839 Item
770 3788 859 3840 cum
877 3764 961 3863 quis
981 3764 1097 3841 talem
1118 3765 1257 3841 habeat
1276 3766 1504 3855 libertatem,
1526 3768 1648 3845 refert
1667 3778 1801 3845 utrum

211 3884 340 3961 averia
357 3885 568 3961 deliberata
586 3886 732 3961 fuerint
751 3913 822 3986 per
840 3887 954 3963 breve
973 3888 1117 3964 domini
1136 3889 1237 3985 regis
1257 3889 1307 3965 ad
1326 3889 1520 3987 querelam
1541 3890 1687 3966 factam
1706 3891 1800 3988 regi,

211 4007 272 4082 vel
288 4006 368 4083 sine
383 4006 488 4084 brevi
503 4008 618 4105 regis1
634 4010 683 4084 ad
699 4009 894 4108 querelam
909 4010 1054 4086 factam
1071 4011 1288 4088 immediate
1304 4011 1525 4100 vicecomiti,
1544 4012 1594 4087 ad
1610 4012 1681 4086 hoc
1697 4013 1801 4110 quod

212 4131 296 4229 quis
309 4131 448 4207 habeat
461 4131 608 4207 curiam
621 4157 730 4208 suam
745 4133 792 4208 de
805 4131 1021 4208 huiusmodi
1036 4132 1179 4230 placito
1193 4134 1224 4209 si
1238 4133 1384 4210 curiam
1399 4142 1519 4233 petat,
1536 4159 1623 4210 cum
1637 4135 1679 4210 in
1693 4134 1799 4210 iusti·

209 4253 266 4328 tia
281 4253 457 4329 facienda
472 4253 672 4351 negligens
688 4278 768 4330 non
781 4253 1011 4345 extiterit>
1031 4255 1174 4331 Omnia
1190 4281 1280 4332 vero
1297 4281 1381 4354 quae
1397 4257 1619 4353 contingere
1636 4268 1799 4356 possunt

211 4375 312 4449 circa
327 4373 543 4451 huiusmodi
560 4375 747 4474 placitum
763 4377 978 4452 consistunt
994 4376 1047 4453 et²
1064 4387 1268 4453 versantur
1284 4378 1385 4454 circa
1400 4378 1490 4468 duo,
1508 4380 1684 4456 videlicet
1701 4380 1801 4456 circa

211 4497 429 4594 captionem
450 4507 489 4573 et
510 4497 769 4574 detentionem
790 4507 925 4575 contra
946 4498 1102 4575 vadium
1124 4509 1163 4575 et
1184 4500 1343 4599 plegios.
1367 4501 1425 4577 Et
1447 4511 1505 4578 est
1526 4501 1649 4577 omnis
1672 4502 1800 4601 captio
1856 4508 1860 4518 '

212 4618 314 4696 iusta
329 4620 389 4695 vel
406 4619 557 4696 iniusta.
578 4619 620 4696 Si
637 4629 767 4697 autem
783 4621 885 4697 iusta
901 4620 949 4698 sit
967 4621 1106 4718 captio,
1125 4621 1300 4698 videlicet
1316 4647 1389 4721 pro
1407 4623 1565 4699 servitio
1576 4623 1735 4699 detento
1752 4622 1801 4699 ab

212 4741 340 4840 aliquo
360 4742 425 4840 qui
445 4743 641 4818 servitium
659 4743 756 4818 illud
775 4744 983 4840 cognoscit,
1001 4732 1094 4819 tunc
1114 4744 1258 4842 poterit
1277 4743 1341 4820 ille
1362 4744 1428 4842 qui
1448 4744 1553 4843 capit
1573 4769 1801 4842 cognoscere

6 4987 7 5000 κ
98 5000 106 5016 .
211 4957 417 5037 ⁸²eatetiam,
434 4961 501 5037 OC,
518 4960 595 5021 MG.
634 4959 753 5037 ⁸⁸Om.,
771 4959 840 5034 OB,
858 4962 935 5036 MA,
953 4961 1028 5021 ΜΒ.
1068 4959 1221 5022 “domini
1239 4982 1315 5040 reg„
1334 4961 1373 5037 V,
1391 4963 1458 5025 OC.
1499 4960 1799 5037 1ηοιιι.,00,Μ(“ι.

212 5059 277 5095 ⁸⁸⁸⁸⁸
289 5062 339 5122 vel
354 5065 407 5139 qui
422 5061 493 5124 dolo
509 5065 687 5140 procuravit
702 5069 737 5124 ut
753 5061 846 5122 alicui
861 5061 989 5123 maxilla
1005 5082 1122 5141 pugno,
1138 5063 1176 5122 V.
1215 5060 1241 5095 ⁸²
1252 5084 1311 5142 pro
1328 5083 1445 5143 pugno,
1461 5064 1528 5140 LA,
1545 5064 1613 5139 OC,
1629 5064 1712 5136 MG;
1729 5082 1800 5140 om,

212 5163 289 5238 MA,
311 5165 388 5239 ΜΒ,
408 5165 475 5225 ΟΒ.
519 5162 646 5224 ⁸⁸¹⁸⁹est
665 5172 777 5236 autem,
800 5163 864 5223 ΜΒ
872 5185 881 5236 ;
903 5163 976 5236 hac,
999 5164 1070 5236 CE3
1093 5163 1155 5224 haec
1175 5169 1233 5236 cst,
1256 5164 1334 5240 MG,
1356 5164 1422 5226 OC.
1466 5161 1493 5196 ⁴⁰
1504 5162 1594 5239 illud,
1616 5163 1710 5225 MSS.
1733 5183 1799 5224 var.

212 5261 238 5297 ‘¹
250 5270 440 5339 tenerentur,
454 5262 523 5340 OB,
538 5264 614 5338 MA,
628 5264 706 5340 ΜΒ,
720 5264 786 5338 CE,
801 5265 874 5325 CM.
911 5263 981 5324 ⁴²et
996 5263 1075 5340 ideo,
1090 5266 1159 5341 OB,
1175 5265 1251 5340 MA,
1267 5266 1342 5327 MB.
1380 5263 1490 5340 ‘'non,
1506 5266 1583 5342 MG,
1599 5267 1664 5328 OC.
1791 5322 1796 5332 .

295 5363 400 5438 ²Om.,
416 5364 485 5439 OA,
502 5365 567 5425 LA.
606 5362 675 5440 ²ut,
692 5365 761 5441 OB,
778 5366 859 5438 MA;
877 5368 948 5438 nisi,
965 5367 1039 5426 MB.
