4432 6336
381 481 452 550 144
911 472 1133 534 BRACTON:
1156 471 1217 534 DE
1240 471 1433 534 LEGIBUS

379 622 517 700 nuerit.
537 625 641 700 Item
658 621 803 722 poterit
820 622 977 700 donatio
996 648 1076 700 esse
1094 620 1264 699 subiecta
1281 621 1493 698 condicioni
1510 621 1572 698 vel
1592 621 1778 711 servituti,
1798 621 1838 697 in
1856 631 1970 721 parte

379 740 409 815 f.
424 742 493 834 47]
548 743 609 816 vel
630 741 671 817 in
691 749 787 818 toto.
812 741 915 818 Item
937 749 1126 840 quantum
1148 743 1198 818 ad
1219 765 1350 817 omnes
1372 738 1461 817 vel⁴²
1484 748 1674 839 qnantum
1697 741 1747 816 ad
1770 741 1968 839 quosdam.

380 859 617 948 Condicioni,
640 860 850 937 secundum
873 860 976 958 quod
1001 859 1177 958 superius
1199 860 1240 935 in
1265 868 1377 957 parte
1401 859 1640 935 dictumest.
1666 858 1727 933 Ut
1751 859 1782 934 si
1806 858 1969 947 dicatur,

377 977 446 1054 Do
462 975 544 1054 tuli²
561 977 677 1056 talem
693 1002 775 1055 reru
792 979 824 1055 ri
838 978 947 1055 umas
962 978 1109 1056 verterit
1125 1001 1174 1054 ee
1189 977 1300 1066 Ario,
1316 977 1377 1053 vel
1393 975 1439 1054 aa*
1457 999 1582 1054 eomer
1597 975 1791 1054 Ricardum
1808 975 1971 1071 effeetus

377 1097 498 1192 fuerit
515 1121 584 1173 ree
600 1095 869 1183 Ahmauuae:
886 1097 948 1173 vel
964 1098 997 1174 si
1014 1096 1084 1172 hoe
1100 1096 1237 1191 feeerit
1254 1095 1314 1173 vel
1331 1120 1411 1172 uon
1427 1095 1582 1190 fecerit.-
1599 1093 1688 1171 talis
1707 1095 1864 1171 donatio
1882 1120 1969 1194 per·

379 1216 484 1293 fecta
499 1240 578 1292 non
594 1215 667 1292 erit
684 1216 804 1292 donec
822 1215 878 1292 ita
895 1216 945 1292 sit
962 1216 1023 1292 vel
1040 1240 1119 1291 non
1138 1213 1199 1304 sit,
1217 1239 1305 1290 cum
1323 1214 1539 1312 dependeat
1557 1238 1606 1290 ex
1625 1213 1769 1290 insidiis
1789 1214 1969 1301 fortunoe,

376 1342 417 1411 et
435 1335 622 1412 existente
638 1333 858 1412 condicione
875 1335 1051 1434 perfecta
1067 1335 1140 1410 erit
1159 1334 1265 1410 facta
1282 1331 1501 1421 traditione,
1520 1357 1604 1431 quae
1623 1333 1654 1408 si
1672 1357 1751 1409 non
1768 1333 1839 1408 fiat
1855 1333 1968 1408 habe-

378 1453 435 1531 bit
448 1454 672 1531 donatarius
688 1453 877 1531 actionem
891 1479 940 1530 ex
953 1452 1214 1529 conventione.
1231 1452 1289 1528 Et
1303 1452 1405 1528 idem
1421 1451 1493 1528 erit
1510 1452 1540 1526 si
1556 1451 1626 1528 fiat
1640 1451 1784 1528 mentio
1799 1451 1847 1527 de
1862 1451 1968 1527 here·

378 1571 501 1649 dibus.
524 1573 567 1648 Si
586 1580 716 1649 autem
735 1571 802 1649 sic*
821 1571 984 1659 dicatur,
1002 1571 1070 1647 Do
1091 1569 1160 1647 tat
1178 1580 1217 1648 et
1237 1569 1437 1648 heredibus
1457 1569 1536 1646 auis
1555 1568 1626 1645 aab
1647 1567 1718 1648 tch'
1737 1569 1968 1658 conditiore,

378 1719 462 1792 quae
483 1693 701 1792 dependeat
722 1715 771 1766 ex
793 1691 941 1779 futuro,
962 1699 1057 1766 tunc
1078 1689 1142 1765 ad⁵
1164 1689 1235 1764 hoc
1258 1686 1375 1787 quod⁸
1398 1687 1622 1766 donatarius
1644 1687 1807 1765 liberum
1829 1687 1969 1764 habeat

377 1818 641 1887 tenementum
659 1811 701 1885 in
719 1810 866 1899 futum,
886 1808 1074 1885 existente
1091 1807 1312 1884 condicione
1330 1807 1392 1883 vel
1412 1807 1539 1895 feodo,
1560 1805 1696 1882 refert*
1715 1816 1849 1884 utrum
1868 1807 1968 1883 dica·

378 1941 445 2008 tur
469 1930 538 2007 tali
564 1938 603 2006 et
627 1927 828 2004 heredibus
854 1927 931 2004 suis
956 1926 1201 2014 coniunctim,
1226 1928 1287 2003 vel
1311 1926 1381 2001 tali
1408 1934 1447 2002 et
1473 1923 1675 2002 heredibus
1701 1925 1779 2002 suis
1806 1925 1967 2002 divisim.

380 2048 629 2140 <Videlicet
644 2056 690 2124 ut
706 2046 874 2123 conditio
889 2046 1083 2122 referatur
1100 2045 1150 2121 ad
1167 2044 1413 2121 donatarium
1429 2054 1467 2121 et
1485 2044 1641 2121 heredes
1660 2070 1747 2120 suos
1766 2043 1891 2132 simul,
1908 2042 1969 2121 vel

377 2175 532 2243 tantum
548 2168 598 2243 ad
613 2166 770 2243 heredes
786 2175 826 2242 et
842 2189 921 2241 non
937 2164 987 2240 ad
1002 2163 1308 2254 donatarium.>
1330 2163 1373 2240 Si
1391 2171 1521 2239 antem
1537 2163 1781 2251 coniunctim,
1800 2163 1968 2239 nouerit

378 2285 536 2362 alicuius
551 2285 714 2361 istorum
729 2283 892 2360 liberum
905 2290 1180 2371 tenementum,
1196 2305 1266 2358 nee
1282 2281 1457 2380 perfecta
1472 2280 1630 2358 donatio
1648 2289 1854 2380 antequam
1871 2280 1968 2357 exis·

377 2413 437 2480 tat
453 2402 634 2479 condicio.
652 2402 695 2479 Si
710 2411 841 2479 autem
855 2401 1017 2489 divisim,
1033 2400 1165 2477 statim
1180 2400 1355 2499 perfecta
1369 2401 1443 2477 erit
1459 2401 1616 2476 donatio
1631 2409 1670 2476 et
1686 2399 1848 2476 liberum
1864 2409 1967 2476 tene·

378 2530 553 2599 mentum
578 2520 781 2609 donatarii,
806 2520 873 2597 sed
899 2543 978 2596 non
1003 2527 1192 2617 quantum
1219 2519 1269 2595 ad
1292 2518 1450 2596 heredes
1476 2518 1549 2594 erit
1575 2518 1735 2595 feodum
1760 2528 1969 2616 antequam

378 2641 521 2717 existat
542 2639 724 2715 condicio.
750 2636 876 2714 Idem⁸
898 2637 972 2715 erit
995 2636 1162 2726 sidicat,
1185 2637 1253 2714 Do
1277 2637 1346 2714 toh'
1368 2647 1407 2715 et
1431 2635 1633 2714 heredibus
1655 2637 1734 2713 auis
1757 2637 1790 2714 si
1813 2636 1970 2714 heredes

379 2759 553 2836 habuerit
571 2759 620 2836 de
636 2781 796 2856 corpore
813 2781 896 2844 eac,
913 2756 974 2832 vel
992 2756 1024 2833 ri
1041 2779 1137 2854 quoa
1155 2764 1332 2844 eteetera,
1352 2755 1484 2832 statim
1502 2755 1576 2832 erit
1593 2755 1757 2832 liberum
1775 2763 1968 2832 tenemen-

378 2885 463 2954 tum
478 2875 681 2964 donatarii,
697 2876 764 2952 sed
778 2899 989 2972 numquam
1005 2873 1164 2951 feodum
1180 2873 1252 2950 nisi
1268 2872 1369 2948 cum⁰
1385 2873 1483 2950 tales
1497 2872 1685 2963 habuerit,
1703 2881 1865 2972 pmpter
1881 2898 1968 2950 con·

379 2994 566 3072 dicionem
586 3020 670 3092 quae
688 2993 880 3091 dependet
900 3018 948 3069 ex
968 2993 1128 3069 fortuna
1147 3001 1187 3068 et
1206 3000 1347 3068 eventu
1366 2991 1494 3067 dubio.
1518 2991 1561 3068 Si
1581 2999 1712 3069 antem
1733 2991 1785 3068 sic
1807 2992 1969 3080 dicatur,

379 3114 446 3190 Do
463 3111 533 3192 tat·
547 3121 586 3190 et
601 3111 802 3190 heredibus
817 3111 908 3200 suit,
923 3109 1012 3188 vel¹⁰
1027 3109 1097 3188 toh'
1112 3120 1151 3188 et
1167 3108 1369 3187 heredibus
1383 3109 1489 3187 eoisu
1506 3111 1554 3188 de
1570 3133 1731 3210 corpore
1746 3111 1970 3208 procreatis,

378 3234 451 3323 vel,
468 3233 591 3334 quoa¹²
606 3233 656 3311 de
671 3229 858 3330 corpore²⁸
873 3239 1050 3320 eteetera,
1067 3231 1199 3307 statim
1215 3229 1287 3307 erit
1305 3229 1481 3329 perfecta
1497 3229 1681 3308 donatio¹⁴
1697 3229 1764 3306 et¹⁵
1782 3229 1969 3306 feodum¹⁸

379 3354 593 3441 donatario,
606 3350 722 3428 licet¹'
737 3351 778 3427 in
790 3351 868 3427 fine
882 3351 1049 3428 addatur
1061 3351 1150 3427 telis
1164 3350 1346 3438 condicio,
1360 3351 1464 3449 quod
1480 3350 1511 3428 si
1525 3351 1621 3428 tales
1637 3350 1743 3427 non¹⁸
1758 3351 1968 3440 extiterint,

378 3476 440 3550 vel
456 3473 515 3550 si¹⁰
532 3471 731 3549 extiterint
747 3470 814 3548 et²⁰
831 3471 1053 3560 defecerint,
1071 3472 1175 3570 quod
1192 3480 1297 3548 terre
1314 3479 1532 3548 revertatur
1549 3471 1599 3548 ad
1618 3472 1855 3560 donatorem,
1873 3472 1968 3548 nihi·

378 3593 543 3671 lominus
563 3592 739 3692 perfecta
757 3591 830 3669 erit
850 3591 1006 3668 donatio
1026 3591 1075 3666 ab
1093 3590 1210 3667 initio
1222 3591 1329 3668 facta
1348 3592 1567 3680 traditione,
1588 3593 1654 3668 sed
1674 3593 1878 3670 resolvitur
1898 3592 1969 3669 sub

377 3713 448 3789 tali
465 3713 697 3803 condicione,
716 3737 800 3811 quoe
818 3712 973 3812 quidem
990 3713 1109 3789 tacita
1126 3736 1207 3788 esse
1226 3713 1368 3811 poterit
1388 3714 1486 3789 sicut
1505 3739 1698 3811 expressa,
1716 3723 1756 3790 et
1776 3715 1824 3790 de
1842 3739 1969 3790 neces·

379 3837 493 3913 sitate
516 3833 749 3912 revertitur²¹
772 3858 833 3909 res
857 3832 950 3908 data
973 3833 1023 3909 ad
1046 3833 1272 3909 donatorem
1296 3858 1369 3931 pro
1392 3833 1548 3909 defectu
1571 3834 1755 3910 heredum
1779 3858 1866 3911 cnm
1891 3859 1969 3910 non

379 3956 589 4045 extiterint,
606 3955 667 4031 vel
683 3954 715 4030 si
731 3953 930 4031 extiterint
947 3963 986 4030 et
1003 3953 1226 4031 defecerint.
1245 3955 1348 4044 Item
1366 3954 1397 4030 si
1415 3955 1528 4031 ce1tis
1545 3954 1746 4031 heredibus
1763 3955 1834 4032 fiat
1851 3957 1969 4031 dona·

378 4078 445 4166 tio,
474 4077 563 4153 licet
592 4075 815 4163 defecerint,
846 4073 910 4150 alii
939 4074 1162 4151 remotiores
1190 4074 1423 4173 generaliter
1452 4075 1712 4152 admittuntur
1744 4077 1794 4152 ad
1825 4101 1969 4152 sucees-

380 4197 524 4274 sionem
546 4222 596 4273 ex
618 4196 849 4285 condicione,
872 4203 918 4270 ut
941 4194 972 4272 si
996 4194 1159 4282 dicatur,
1181 4195 1249 4271 Do
1274 4194 1343 4274 tah'
1367 4205 1405 4271 et
1430 4193 1631 4272 heredibus
1654 4196 1733 4272 suis
1756 4196 1790 4273 ei
1813 4195 1969 4273 heredes

379 4317 554 4396 habuerit
574 4317 623 4395 de
643 4341 803 4416 corpore
823 4341 906 4404 suo,
927 4315 958 4390 ai
978 4315 1075 4391 tales
1095 4314 1283 4404 hebuerit,
1304 4315 1392 4392 licet
1415 4315 1638 4406 defecerint,
1661 4316 1725 4392 alii
1746 4318 1970 4393 remotiores

378 4447 567 4515 vocantur
590 4439 640 4514 ad
665 4436 950 4513 successionem.
977 4435 1055 4512 Sed
1080 4460 1231 4534 semper
1255 4434 1328 4513 erit
1351 4436 1515 4512 liberum
1539 4445 1802 4515 tenementum
1826 4445 1866 4514 et
1891 4463 1970 4514 non

379 4557 538 4634 feodum
556 4580 753 4657 quousque
769 4555 868 4634 tales
885 4581 965 4633 esse
983 4555 1207 4654 inceperint,
1224 4565 1265 4633 et
1282 4556 1313 4632 si
1329 4556 1427 4634 tales
1446 4582 1657 4655 numquam
1674 4559 1866 4658 procreati
1885 4558 1969 4634 fue·

380 4777 406 4813 ‘¹
418 4784 460 4853 et,
477 4777 546 4851 OB,
563 4776 640 4851 MA,
657 4775 734 4852 ΜΒ,
752 4775 818 4837 CE.

463 4878 555 4953 ¹tibi,
575 4877 654 4953 MG,
676 4877 750 4953 CM,
771 4875 847 4938 MA.
890 4873 952 4953 ¹ef,
972 4877 1040 4953 OC,
1060 4876 1139 4951 MG,
1160 4878 1241 4950 CM;
1262 4899 1332 4951 om,
1353 4879 1447 4940 MSS.
1470 4899 1539 4959 gen.
1583 4878 1767 4955 'Almaniaa
1787 4879 1969 4956 Almannioe,

378 4979 593 5058 Alymannyae,
617 4978 712 5041 MSS.
736 4999 801 5039 var.
848 4976 953 5053 ‘Om.,
977 4978 1044 5053 OC,
1070 4979 1148 5053 MG,
1173 4979 1245 5041 CM.
1293 4977 1424 5054 ΜΟιιι,
1449 4981 1518 5056 OB,
1545 4982 1621 5057 MA,
1648 4983 1723 5043 ΜΒ.
1770 4980 1875 5060 ‘Om.,
1903 4983 1968 5043 CB.

379 5079 439 5144 'ut
457 5082 567 5156 refert,
586 5079 846 5154 MC;etrefert‚
864 5079 934 5155 OB,
951 5078 1028 5153 MA,
1047 5079 1124 5155 MB,
1143 5079 1209 5140 ΟΕ.
1251 5077 1360 5156 'ftem,
1379 5081 1446 5156 LA,
1466 5082 1539 5143 MC.
1581 5080 1687 5158 ⁸0m,
1706 5082 1776 5158 OB,
1796 5085 1872 5161 MA,
1893 5085 1967 5145 ΜΒ.

379 5182 446 5218 ¹¹¹¹¹
457 5184 538 5259 Om,
552 5183 622 5256 OB,
636 5182 704 5258 OC,
719 5181 785 5258 LA,
801 5181 879 5257 MG,
894 5182 968 5242 CM.
1005 5179 1031 5214 ¹²
1042 5186 1075 5241 et
1089 5200 1176 5258 quoa,
1191 5181 1269 5255 MG,
1285 5182 1358 5245 CM.
1395 5181 1422 5217 ²⁸
1433 5203 1563 5263 corpore
1578 5205 1644 5258 auo,
1659 5186 1699 5262 V,
1713 5183 1783 5261 OB,
1800 5186 1876 5262 MA,
1893 5187 1968 5246 ΜΒ.

379 5284 406 5320 ²⁴
418 5285 498 5359 orn,
515 5284 584 5359 OB,
601 5283 678 5358 MA,
694 5284 770 5345 ΜΒ.
808 5279 1049 5357 ²¹⁶¹‘Om‚OC.
1088 5280 1393 5358 ²⁸0m.,MG,cM.
1432 5283 1552 5362 ι70111,
1568 5285 1726 5361 OB;aed,
1744 5286 1810 5349 OC.
1850 5285 1969 5363 ²⁸0m,

380 5386 447 5462 OC,
463 5388 539 5449 MG.
575 5383 642 5420 ²²²²²
653 5385 734 5460 Om,
748 5384 818 5458 OB,
832 5381 909 5456 MA,
923 5382 1000 5458 ΜΒ,
1015 5382 1081 5444 CB.
1117 5382 1143 5417 ²²
1156 5385 1237 5461 Om.,
1253 5384 1330 5460 MG,
1347 5386 1420 5447 CM.
