4432 6340
625 503 686 564 DE
709 503 1012 576 ADQUIBBNDO
1035 503 1193 565 RERUM
1217 503 1418 566 DOMINIO
1746 512 1820 580 233

230 680 325 743 cere,
339 664 469 753 posset
483 655 660 731 dominus
675 655 826 732 facilius
840 655 1108 754 probationem
1120 655 1259 731 habere
1275 657 1322 730 de
1336 654 1515 752 homagio
1530 655 1636 732 facto
1651 665 1689 732 et
1705 656 1819 732 servi·

229 773 284 850 tio
302 773 517 871 recognito:
537 773 628 871 quia
646 773 869 871 homagium
888 773 1109 850 faciendum
1128 776 1342 872 praecedere
1362 774 1475 852 debet
1495 774 1658 872 diligens
1677 775 1820 851 exami-

230 893 348 982 natio,
367 895 398 968 si
417 893 481 970 ille
499 895 565 993 qui
583 894 762 970 heredem
781 920 822 971 se
841 895 936 971 facit
956 895 1006 971 sit
1025 895 1126 970 filius
1147 895 1334 971 naturalis
1355 895 1434 971 eius
1455 896 1562 972 cuius
1582 895 1761 972 heredem
1781 922 1820 972 se

231 1018 337 1106 facit,
360 1025 400 1093 et
421 1016 529 1093 heres
552 1025 679 1092 rectus
701 1025 740 1093 et
762 1015 1004 1114 propinquus
1028 1025 1217 1114 quantum
1241 1016 1371 1092 adius
1396 1015 1655 1114 possessionis,
1679 1026 1719 1092 et
1742 1041 1820 1092 non

230 1137 355 1214 solum
370 1145 497 1213 rectus
514 1144 553 1213 et
568 1135 822 1235 propinquus,
840 1136 907 1212 sed
924 1134 982 1212 si⁸⁴
1000 1135 1076 1212 sit³³
1092 1135 1200 1213 heres
1216 1136 1472 1236 propinquior
1489 1145 1678 1236 quantum
1694 1139 1745 1214 ad
1761 1136 1820 1214 ius

229 1257 491 1358 proprietatis.
509 1257 682 1347 Quilibet
699 1266 829 1333 autem
844 1256 952 1333 heres
969 1257 1224 1356 propinquior
1239 1266 1447 1357 utrumque
1463 1258 1522 1334 ius
1538 1257 1679 1335 habere
1695 1257 1820 1347 debet,

229 1378 478 1479 possessionis
493 1377 668 1455 videlicet
682 1386 722 1454 et
738 1377 1000 1476 proprietatis,
1016 1378 1189 1476 quamvis
1206 1404 1250 1454 eo
1268 1377 1364 1455 alius
1380 1377 1503 1455 maius
1520 1379 1578 1455 ius
1595 1379 1782 1455 habuerit.

332 1499 432 1593 Qoae
448 1508 539 1577 suot
555 1499 785 1598 inquirenda
802 1509 840 1576 et
858 1499 1025 1575 tenendo
1041 1499 1083 1574 io
1098 1510 1338 1578 sacramento
1356 1499 1564 1597 fidelitatis.

231 1622 344 1696 Irmr
358 1619 499 1719 inquiri
512 1619 625 1696 debet
638 1619 751 1718 quale
764 1628 803 1696 et
816 1627 1005 1718 quantum
1016 1619 1254 1695 tenementi³⁸
1266 1628 1409 1709 teneat,
1424 1619 1524 1720 pro⁸⁷
1539 1647 1615 1720 quo
1629 1631 1668 1698 et
1682 1622 1730 1698 de
1745 1647 1821 1720 quo

229 1739 426 1839 obligatur
444 1740 666 1838 homagium
686 1741 824 1817 facere.
847 1741 950 1817 Item
969 1739 1061 1838 quid
1080 1741 1121 1815 in
1141 1740 1341 1829 dominico,
1362 1749 1401 1817 et
1421 1742 1514 1841 quid
1533 1741 1575 1817 in
1595 1742 1760 1831 servitio,
1781 1751 1821 1818 et

230 1873 364 1941 utrum
387 1873 515 1941 totum
539 1871 802 1939 tenementum
827 1870 958 1939 teneat
982 1862 1023 1936 in
1049 1861 1237 1938 dominico
1262 1861 1323 1936 vel
1348 1871 1476 1938 totum
1501 1863 1542 1938 in
1568 1863 1733 1951 servitio,
1759 1862 1820 1939 vel

230 1995 384 2084 partem
407 1984 447 2059 in
471 1983 659 2060 dominico
683 1981 749 2060 et⁸⁸
773 1991 927 2081 partem
948 1983 989 2058 in
1013 1982 1178 2058 servitio.
1207 1983 1310 2059 Item
1334 2008 1406 2081 per
1430 1983 1533 2082 quod
1559 1983 1757 2060 servitium
1781 1990 1821 2060 et

231 2104 397 2204 qualiter
422 2103 629 2181 descendat
654 2103 689 2179 ei
714 2103 916 2191 hereditas,
944 2105 1047 2202 quod
1072 2103 1180 2179 heres
1206 2129 1286 2180 esse
1313 2103 1446 2202 possit,
1473 2103 1549 2180 ne⁸⁸
1575 2103 1617 2180 in
1641 2104 1820 2203 captione

230 2227 260 2303 f.
275 2225 370 2319 soh]
424 2224 593 2323 homagii
632 2222 861 2321 contingat⁴⁰
902 2224 1100 2300 dominum
1139 2249 1211 2322 per
1251 2224 1527 2322 negligentiam
1568 2224 1693 2323 decipi
1732 2224 1820 2302 vel⁴²

230 2372 409 2423 errorem.

331 2467 430 2561 Quis
444 2467 606 2563 effectos
619 2466 797 2565 homagii.

229 2590 446 2664 Erracrus
466 2613 557 2664 vero
576 2587 744 2685 homagii
765 2596 834 2676 est,
854 2588 959 2685 quod
979 2587 1011 2664 si
1030 2588 1114 2686 quis
1134 2587 1357 2685 homagium
1378 2587 1489 2664 alteri
1509 2588 1644 2664 iecerit
1665 2588 1820 2665 domino

229 2709 290 2785 vel
310 2733 389 2786 non
408 2708 575 2798 domino,
597 2734 621 2785 a
639 2707 711 2784 tali
730 2708 886 2784 domino
906 2707 967 2784 vel
987 2707 1166 2805 homagio
1187 2733 1257 2784 suo
1277 2708 1453 2785 recedere
1474 2733 1552 2784 non
1573 2709 1718 2807 poterit
1739 2709 1820 2784 sine

229 2829 367 2907 iudicio
389 2831 573 2929 quamdiu
593 2830 761 2906 tenuerit
781 2837 1056 2917 tenementum,
1078 2854 1149 2927 per
1171 2829 1275 2927 quod
1296 2828 1492 2926 obligatur
1513 2829 1564 2905 ad
1585 2829 1819 2927 homagium,

229 2951 271 3027 in
291 2951 480 3028 dominico
500 2951 562 3027 vel
584 2950 749 3027 servitio.
774 2950 878 3026 Item
898 2950 992 3025 nihil
1014 2950 1157 3048 poterit
1179 2957 1314 3026 tenens
1338 2949 1466 3026 facere
1488 2959 1651 3048 propter
1674 2948 1819 3048 obliga·

228 3072 373 3148 tionem
395 3071 575 3169 homagii,
599 3071 703 3170 quod
726 3080 901 3147 vertatur
925 3070 1080 3147 domino
1104 3071 1155 3146 ad
1179 3069 1513 3147 exheredationem
1537 3069 1626 3146 vel⁴'
1651 3078 1820 3147 atrocem

230 3192 447 3282 iniuriam,⁴⁸
468 3217 538 3269 nec
558 3193 735 3269 dominus
755 3193 902 3269 tenenti
923 3219 944 3269 e
965 3189 1189 3268 converso.⁴⁴
1209 3190 1328 3280 Quod
1349 3191 1381 3268 si
1403 3191 1576 3280 fecerint,
1599 3191 1820 3268 dissolvitur

230 3323 269 3390 et
282 3312 551 3410 extinguitur⁴⁶
563 3313 786 3410 homagium
798 3313 953 3388 omnino
967 3320 1006 3388 et
1019 3310 1187 3410 homagii
1201 3313 1387 3387 connexio
1402 3320 1441 3388 et
1455 3311 1651 3410 obligatio,
1665 3321 1704 3389 et
1719 3311 1820 3388 erit⁴‘

228 3431 373 3508 iustum
394 3431 576 3508 iudicirun
596 3456 684 3508 cum
704 3430 906 3508 venerint'
927 3439 1062 3507 contra
1083 3431 1305 3528 homagium
1327 3440 1366 3507 et
1387 3430 1584 3507 fidelitatis
1606 3454 1819 3507 sacramen·

229 3560 325 3628 tum.
356 3548 549 3643 <Quod⁴⁸
576 3552 616 3626 in
641 3576 686 3626 eo
711 3549 752 3626 in
778 3575 854 3649 quo
880 3548 1138 3648 delinquunt⁴⁹
1164 3549 1390 3648 puniantur,
1418 3549 1559 3626 scilicet
1586 3549 1627 3623 in
1654 3574 1819 3648 persona

229 3670 374 3747 domini
392 3670 496 3769 quod
515 3669 669 3746 amittat
688 3668 911 3756 dominium,
929 3676 969 3744 et
987 3668 1029 3744 in
1047 3694 1214 3766 persona
1231 3669 1397 3745 tenentis
1417 3667 1521 3766 quod
1541 3668 1696 3744 amittat
1715 3677 1818 3744 tene·

228 3797 414 3877 mentum,
438 3787 648 3864 secundum
670 3786 773 3887 quod
795 3786 959 3862 inferius
980 3786 1129 3862 dicetur
1152 3784 1314 3884 plenius.
1339 3786 1398 3862 Et
1422 3787 1474 3862 sic
1497 3785 1651 3862 dissolvi
1676 3786 1819 3885 poterit

229 3905 539 4004 homagium.'⁰>

331 4027 511 4121 Qualiter
526 4025 747 4124 homagium
763 4022 985 4102 dissolvitor
1001 4033 1040 4100 ct
1057 4022 1309 4120 restinguitur.

230 4146 448 4236 Quarum
471 4152 602 4221 autem
626 4142 858 4220 dissolvatur
882 4140 1115 4239 homagium,
1140 4166 1189 4215 ex
1214 4165 1293 4216 una
1317 4148 1429 4239 parte
1454 4139 1515 4216 vel
1541 4139 1616 4214 ex⁵²
1641 4149 1818 4238 utraque,

230 4262 374 4339 domini
390 4272 430 4340 et
445 4261 622 4350 tenentis,
640 4261 695 4337 ita
710 4260 814 4359 quod
829 4285 878 4336 ex
895 4285 973 4335 una
990 4267 1102 4357 parte
1118 4267 1249 4336 teneat
1266 4255 1332 4335 et⁸¹
1350 4284 1399 4333 ex
1417 4257 1566 4334 altera⁸⁸
1584 4283 1674 4346 non,
1692 4258 1754 4334 vel
1771 4284 1820 4333 ex

229 4391 394 4481 utraque
408 4390 520 4480 parte
535 4380 699 4468 deficiat,
712 4380 931 4456 videndum.
947 4379 1006 4455 Et
1021 4378 1216 4454 sciendum
1230 4377 1333 4476 quod
1349 4375 1555 4475 aliquando
1569 4385 1675 4452 tenet
1689 4376 1819 4453 homa·

230 4501 338 4598 gium
352 4507 391 4575 et
404 4499 572 4597 homagii
585 4497 771 4574 connexio
784 4498 825 4573 in
839 4521 1004 4596 persona
1017 4495 1195 4584 tenentis,
1211 4504 1250 4572 et
1264 4493 1448 4571 omnino⁸‘
1464 4494 1684 4572 dissolvitur
1699 4505 1738 4572 et
1755 4521 1819 4570 ex·

230 4717 258 4751 ⁸⁴
269 4717 349 4792 Om,
363 4718 429 4792 LA,
444 4717 516 4778 CM.
552 4715 578 4750 ⁸⁶
590 4716 671 4789 Om,
685 4716 761 4791 MA,
775 4715 840 4776 CB.
876 4713 902 4748 ⁸⁰
913 4714 1277 4788 tenementum,V;ten.,
1293 4712 1368 4786 MA,
1383 4713 1459 4786 MB,
1474 4714 1549 4788 CM,
1564 4714 1631 4775 OB.
1668 4712 1821 4792 ⁸'etpro,

230 4819 309 4894 MG,
323 4820 397 4893 CM,
412 4818 451 4878 Y.
487 4816 514 4851 ⁸⁸
525 4817 606 4892 Om,
620 4817 690 4892 OA,
704 4817 772 4893 LA,
787 4815 861 4889 ΜΟ,
876 4815 948 4888 ΟΕ;
963 4835 1031 4894 per,
1046 4815 1120 4887 OB;
1136 4814 1197 4888 vel,
1213 4815 1287 4875 ΟΜ.
1324 4812 1351 4848 ”
1362 4814 1443 4890 Om,
1461 4816 1536 4890 MA,
1554 4816 1634 4888 MB;
1651 4819 1734 4894 quia,
1750 4816 1818 4878 OB.

229 4916 431 4998 ωοοιιιὶιιςίῐ,
449 4916 519 4992 OB,
538 4919 615 4992 MB,
638 4917 773 4996 (contra,
792 4915 887 4993 MA).
928 4914 955 4949 ⁴²
967 4917 1017 4976 vel
1035 4935 1103 4994 per,
1122 4916 1161 4989 V,
1182 4915 1256 4990 ΟΜ,
1277 4915 1354 4990 MG,
1374 4916 1413 4977 Y.
1455 4915 1482 4949 ⁴¹
1493 4917 1543 4976 vel
1562 4917 1664 4990 aliam,
1686 4917 1725 4992 V,
1745 4917 1820 4992 ΟΜ,

231 5019 308 5094 MG,
326 5020 384 5082 OB
407 5018 502 5097 (corr.
521 5017 636 5095 alias);
655 5020 706 5079 vel
723 5017 812 5090 alias,
831 5018 907 5090 MA,
927 5018 1001 5077 ΜΒ.
1042 5015 1169 5077 ⁴¹·⁴⁸vel
1187 5017 1265 5079 alias
1284 5025 1404 5079 atroces
1423 5021 1562 5093 iniurias,
1582 5019 1647 5079 CB.
1688 5015 1783 5080 “nec
1802 5039 1820 5079 e

230 5138 388 5196 converso,
410 5119 478 5194 OB,
500 5118 576 5194 MA,
597 5119 674 5193 MB,
696 5119 770 5193 ΟΜ,
793 5119 870 5193 MG,
892 5118 931 5179 Y.
974 5115 1001 5150 ⁴⁵
1013 5118 1225 5196 distinguitur,
1247 5118 1314 5193 LA,
1338 5119 1411 5194 MC,
1435 5119 1510 5193 MB,
1532 5118 1591 5180 OA
1618 5119 1713 5197 (corr.
1736 5121 1818 5199 er).

230 5219 257 5254 ⁴⁸
268 5225 329 5281 erit
345 5220 428 5296 inde,
444 5220 522 5294 MG,
539 5220 577 5280 V.
616 5218 642 5254 ⁴¹
654 5224 782 5295 venant,
800 5219 878 5292 MG,
895 5219 933 5280 V.
972 5217 1037 5252 ⁴⁸⁴⁰
1050 5219 1131 5292 Om.,
1147 5219 1217 5295 OB,
1235 5219 1311 5293 MA,
1329 5220 1405 5293 MB,
1424 5220 1491 5295 ΟΕ,
1510 5221 1549 5295 Υ,
1570 5221 1647 5298 MG,
1665 5224 1745 5296 cM;
1765 5225 1819 5297 ric,

229 5319 299 5394 OA,
314 5321 381 5395 LA,
396 5321 463 5394 00,
478 5320 551 5381 MC.
587 5318 614 5354 ⁴⁹
626 5318 826 5397 delinquitur,
841 5321 907 5396 LA,
922 5319 995 5380 ΜΟ.
1033 5318 1059 5354 ⁶²
1071 5319 1151 5397 Om,
1166 5320 1235 5397 OA,
1251 5321 1317 5396 LA,
1332 5322 1400 5398 OC,
1417 5323 1490 5384 CM.
1528 5317 1819 5400 ”Om.,OB,CM,

230 5421 271 5494 Y,
285 5421 361 5482 MG.
399 5419 425 5454 ⁵⁸
437 5419 510 5497 alia,
524 5421 564 5495 V,
578 5421 647 5495 OA,
663 5421 729 5496 LA,
744 5420 811 5494 OC,
827 5420 899 5481 ΜΟ.
936 5417 964 5453 ⁶⁴
975 5421 1056 5497 Om,
1072 5421 1149 5496 MG,
1164 5421 1204 5496 Y,
1220 5422 1300 5495 ΟΜ;
1316 5421 1395 5498 Ideo,
1412 5424 1488 5500 MA,
1504 5426 1580 5502 MB,
1596 5425 1663 5489 OB.
