4432 6336
625 493 686 554 DE
710 493 1013 566 ADQUIRENDO
1036 494 1193 555 RERUM
1217 493 1419 556 DOMINIO
1749 501 1819 570 121

229 645 341 733 tario,
364 654 404 722 et
424 643 519 720 hora
540 669 724 742 congrua,
748 645 828 721 sine
849 654 957 722 carta
979 644 1128 733 obierit,
1151 643 1239 720 vel⁸³
1262 653 1390 722 mente
1414 642 1601 721 alienatus
1627 643 1758 732 luerit,
1782 654 1823 721 et

229 762 454 840 donatarius
474 772 564 862 post
583 763 661 839 haec
680 773 828 840 cartam
848 763 1064 841 donationis
1085 763 1319 863 adquisierit,
1340 763 1429 840 licet
1450 763 1604 861 signum
1624 764 1823 862 cognitum

230 882 362 972 fuerit,
380 882 624 960 nihilominus
641 883 787 960 tenebit
805 883 961 960 donatio
979 891 1019 960 et
1036 892 1145 959 carta
1162 883 1270 959 nulla
1288 883 1371 959 erit.
1390 883 1455 959 De
1472 882 1544 958 hac
1561 882 1724 960 materia
1742 882 1822 981 ple·

230 1002 317 1078 nius
344 1001 493 1079 dicetur
518 1002 635 1090 infra,
660 1002 708 1078 de
734 1001 811 1078 fide
837 1011 1033 1079 cartarum
1059 1011 1098 1080 et
1124 1003 1469 1079 instrumentorum
1497 1003 1528 1078 si
1554 1002 1607 1078 eis
1635 1002 1755 1079 fuerit
1782 1002 1823 1078 in

229 1120 369 1196 iudicio
388 1120 680 1198 contradictum.

332 1373 451 1467 Quod
472 1398 551 1450 aaa
573 1374 675 1451 volet
697 1375 854 1453 dorsatio
876 1375 950 1454 aiei
971 1375 1228 1474 subsequatur
1251 1375 1421 1462 traditio,
1445 1386 1484 1452 et
1505 1375 1591 1452 ideo
1614 1376 1823 1454 uidendum

330 1492 379 1570 de
397 1492 581 1571 dividam
599 1494 881 1595 possessionum
902 1494 1125 1594 et'qoals'ter
1143 1495 1372 1594 udq1eiratur
1389 1495 1578 1594 possessio
1598 1518 1739 1572 ruma.

230 1610 529 1688 Dounmorsum
557 1611 767 1690 secundum
793 1615 897 1713 quod
923 1614 1151 1712 praedietmn
1177 1623 1235 1690 est
1263 1614 1339 1690 alia
1365 1615 1552 1713 perfecta,
1581 1614 1656 1690 alia
1682 1615 1822 1713 imper·

231 1731 346 1808 fecta.
375 1732 454 1809 Sed
479 1757 567 1808 cum
594 1732 687 1808 dare
712 1732 761 1809 sit
787 1758 869 1809 rem
894 1732 1114 1832 accipientis
1142 1734 1281 1821 lacere,
1308 1758 1520 1832 numquam
1547 1732 1619 1811 erit
1647 1734 1823 1832 perfecta

230 1849 388 1926 donatio
404 1858 611 1949 antequam
627 1851 850 1928 donatarius
867 1850 1023 1951 plenam
1039 1852 1215 1928 habuerit
1232 1851 1519 1951 possessionem,
1538 1853 1616 1930 sive
1633 1853 1822 1942 saisinam,

231 1981 270 2047 et
289 1995 360 2070 per
378 1996 419 2047 se
438 1970 545 2048 sine⁸⁷
566 1967 721 2068 aliquo⁸⁸
742 1971 807 2069 qui
826 1970 884 2047 ius
904 1971 1126 2048 clamaverit
1146 1971 1187 2046 in
1205 1997 1259 2059 re,
1280 1971 1320 2046 id
1339 1980 1398 2047 est
1418 1972 1538 2047 donec
1558 1971 1628 2048 sibi
1649 1969 1822 2048 tradita⁸⁰

230 2114 291 2166 res
306 2087 467 2178 fuerit,⁴⁰
480 2089 571 2188 quia
583 2088 853 2167 traditionibus
868 2099 907 2167 et
920 2089 1217 2189 usucapionibus
1232 2089 1487 2189 possessiones
1503 2098 1542 2167 et
1557 2115 1687 2166 rerum
1702 2090 1822 2167 domi·

230 2209 296 2286 nia
307 2210 610 2287 translenmtm.
627 2210 723 2285 Non
735 2209 837 2286 enim
852 2208 989 2286 sufficit
1005 2211 1036 2286 si
1050 2209 1109 2286 ius
1124 2209 1237 2286 alicui
1251 2210 1494 2298 concedatur,
1510 2209 1583 2286 nisi
1598 2209 1822 2286 donatarius

232 2326 435 2405 saisinam⁴²
462 2329 581 2406 luerit
606 2326 872 2404 consecutas*
900 2328 978 2405 Sed
1004 2327 1186 2425 quoniam
1212 2328 1400 2427 possessio
1426 2329 1504 2405 sive
1530 2328 1669 2405 saisina
1693 2329 1823 2405 multi·

231 2445 324 2545 plex
346 2455 416 2535 est,
439 2445 626 2546 imprimis
649 2445 858 2525 videndum
878 2446 981 2525 erit⁴⁸
1005 2446 1116 2546 quae⁴⁴
1141 2447 1191 2525 sit
1214 2447 1402 2546 possessio
1426 2455 1465 2522 et
1489 2447 1654 2546 qualiter
1676 2446 1823 2524 divida-

230 2575 308 2643 tur.
331 2568 435 2645 Item
456 2567 622 2667 qualiter
641 2566 869 2666 adquiratur
889 2592 961 2666 per
980 2565 1229 2644 traditionem
1247 2567 1309 2643 vel
1331 2567 1405 2643 alio
1426 2549 1553 2656 modo,
1574 2575 1614 2644 et
1635 2592 1706 2666 per
1728 2593 1823 2666 quas

234 2710 418 2784 personas
447 2685 704 2785 adquiritur,⁴⁶
733 2696 774 2763 et
803 2685 969 2785 qualiter
997 2683 1112 2761 cum⁴⁸
1144 2684 1336 2783 adquisita
1366 2686 1497 2774 fuerit,
1528 2685 1752 2774 retineatur,
1784 2696 1823 2762 et

232 2806 398 2904 qualiter
421 2807 506 2906 quis
528 2807 586 2883 uti
611 2806 760 2894 debeat,
784 2815 823 2883 et
848 2806 879 2882 si
904 2804 1079 2905 pluribus
1104 2805 1174 2881 fiat
1199 2804 1283 2903 quis
1308 2806 1552 2903 praeferatur,
1577 2815 1730 2882 etcum
1757 2805 1822 2881 ad-

232 2927 374 3028 quisita
387 2927 506 3004 fuerit
521 2927 686 3025 qualiter
700 2925 915 3013 amittatur,
930 2934 1070 3002 etcum
1086 2924 1224 3000 amissa
1239 2923 1358 3001 fuerit
1374 2923 1539 3022 qualiter
1555 2922 1822 3000 restituatur.⁴²

334 3046 442 3142 Quia
456 3046 507 3124 sit
522 3044 722 3147 possessio.

233 3167 347 3256 Qum
366 3166 417 3244 sit
435 3165 623 3264 possessio
642 3164 861 3241 videndum.
882 3163 941 3239 Et
960 3159 1184 3239 sciendum⁴⁸
1204 3162 1308 3262 quod
1327 3162 1514 3261 possessio
1534 3172 1592 3240 est
1613 3161 1823 3261 corporalis

233 3287 286 3361 rei
307 3285 490 3373 detentio,
509 3285 549 3360 id
569 3291 627 3361 est
644 3283 816 3383 corporis
836 3291 875 3360 et
896 3281 1013 3358 animi
1032 3306 1121 3357 cum
1140 3281 1233 3358 iuris
1254 3279 1512 3357 adminiculo⁴⁹
1532 3280 1822 3358 concurrente.³⁰

232 3406 298 3482 De
316 3432 359 3482 re
378 3415 508 3482 autem
525 3402 715 3501 corporali
734 3399 846 3476 ideo⁸²
867 3401 1018 3489 dicitur,
1038 3400 1128 3499 quia
1147 3400 1403 3499 incorporalia
1423 3426 1501 3476 non
1520 3410 1684 3499 possunt
1704 3400 1823 3500 possi-

234 3526 316 3603 deri
340 3525 439 3603 nec⁸²
465 3522 637 3622 usucapi,
663 3548 733 3599 nec
758 3522 839 3600 sine
863 3546 1024 3620 corpore
1050 3521 1164 3612 tradi,
1192 3522 1282 3620 quia
1308 3547 1380 3620 per
1406 3547 1446 3599 se
1472 3521 1720 3599 traditionem
1745 3548 1825 3599 non

234 3648 449 3747 patiuntur.
477 3646 573 3723 Ideo
598 3645 780 3721 dicuntur
804 3644 913 3743 quasi
939 3643 1136 3742 possideri.
1164 3643 1287 3718 Tradi
1312 3643 1414 3719 enim
1440 3653 1603 3743 possunt
1627 3643 1689 3718 vel
1716 3644 1825 3743 quasi

234 3791 305 3865 per
325 3765 553 3866 patientiam
573 3764 639 3843 et⁵8
661 3791 732 3864 per
751 3791 875 3842 usum.
897 3764 955 3841 Et
977 3763 1164 3862 possessio
1185 3764 1271 3839 ideo
1292 3763 1432 3841 dicitur
1454 3764 1508 3839 rei
1530 3764 1713 3853 detentio,
1735 3764 1825 3864 quia

234 3888 465 3968 naturaliter
482 3895 637 3964 tenetur
656 3887 705 3962 ab
725 3911 769 3962 co
789 3886 854 3984 qui
872 3885 907 3962 ei
926 3885 1078 3973 insistit,
1098 3885 1137 3961 id
1157 3894 1216 3961 est
1235 3885 1497 3983 corporaliter.
1518 3884 1583 3961 De
1603 3887 1674 3961 hoc
1695 3895 1825 3963 autem

234 4008 339 4105 quod
362 4005 482 4084 dicit⁶⁴
506 4007 677 4106 corporis
700 4015 739 4084 et
763 4005 880 4084 oaimi
905 4030 991 4082 cam
1015 4005 1109 4083 iaris
1133 4004 1363 4083 adminiculo
1388 4014 1651 4094 concurrente,
1676 4006 1825 4082 dieemr

233 4128 340 4204 infra
354 4127 516 4227 plenius.
532 4129 591 4206 Et
607 4152 695 4204 cum
711 4129 795 4226 quis
811 4128 851 4203 in
866 4127 1102 4227 possessione
1119 4127 1237 4203 fuerit
1254 4136 1292 4203 et
1309 4127 1343 4202 ei
1358 4127 1658 4202 controversiam
1673 4151 1823 4203 movea-

233 4272 331 4337 mus,
349 4257 417 4325 aut
434 4247 604 4347 pertinet
619 4247 669 4324 ad
684 4245 755 4341 hoc
770 4256 815 4323 ut
831 4255 1007 4323 nostrum
1023 4245 1126 4345 quod
1144 4269 1222 4320 non
1238 4244 1489 4345 possidemus,
1507 4254 1546 4322 et
1565 4245 1668 4321 forte
1684 4245 1824 4321 iniuste

235 4366 422 4443 fuerimus
445 4366 552 4442 eiecti
574 4367 622 4442 de
644 4365 881 4465 possessione
903 4360 1074 4463 propria,
1096 4363 1158 4440 vel
1180 4363 1211 4440 si
1235 4363 1399 4440 alienam
1421 4363 1519 4440 sicut
1543 4373 1825 4440 antecessorum

234 4495 456 4563 nostrorum
471 4483 694 4584 petierimus
711 4481 841 4581 quod³⁸
858 4482 967 4559 nobis
984 4481 1223 4572 restituatur,
1239 4483 1300 4558 vel
1317 4483 1366 4559 ad
1384 4482 1455 4557 hoc
1471 4484 1575 4581 quod
1593 4480 1690 4582 per⁵⁸
1706 4483 1824 4559 inter·

236 4701 262 4737 ⁸⁸
273 4708 349 4778 sive,
362 4701 429 4777 OC,
444 4703 522 4777 MG,
535 4701 609 4762 CM.
644 4698 711 4735 ⁸⁷⁴⁸
722 4705 786 4761 sive
800 4721 857 4780 per
870 4699 975 4776 abum,
988 4701 1034 4773 V;
1048 4703 1114 4761 sine
1128 4699 1201 4774 alio,
1214 4700 1283 4773 OA,
1298 4699 1364 4775 LA,
1378 4699 1446 4774 OC,
1462 4700 1538 4761 MG.
1574 4697 1641 4734 Μ
1652 4700 1769 4761 tradita
1784 4705 1826 4762 sit

235 4823 295 4880 res,
311 4803 389 4877 MG,
406 4803 481 4877 CM,
496 4802 563 4864 OC.
601 4799 668 4868 ⁴.¹'⁴²
679 4804 824 4862 saisinam
838 4806 907 4880 quis
925 4801 1023 4863 fuerit
1038 4799 1229 4875 subsecutus,
1246 4802 1314 4876 OB,
1334 4802 1409 4877 MA,
1426 4802 1494 4877 CE,
1511 4803 1551 4877 Y,
1570 4803 1634 4862 ΜΒ
1656 4803 1716 4879 (-
1726 4800 1824 4880 quis).

235 4901 263 4937 ⁴⁸
273 4910 332 4978 est,
344 4904 421 4978 MA,
435 4903 515 4975 CM;
528 4922 597 4976 om,
610 4901 679 4976 OB,
694 4901 770 4976 MB,
782 4902 823 4979 Y,
840 4900 897 4978 (-Ι-
910 4901 997 4978 ΟΕ).
1021 4899 1049 4934 ⁴⁴
1059 4902 1144 4979 quid,
1157 4902 1198 4977 V,
1210 4900 1280 4979 OB,
1294 4903 1332 4963 Y.
1358 4901 1385 4936 ⁴⁸
1396 4903 1477 4979 Om,
1491 4903 1560 4978 OB,
1575 4905 1652 4978 MA,
1667 4904 1743 4979 MB,
1758 4903 1825 4979 CB,

236 5000 275 5064 Y.
314 4999 407 5064 “sut
423 5023 502 5077 cnm,
521 5004 604 5076 MG;
622 5009 694 5063 ante
712 5022 791 5078 cnm,
808 5003 889 5076 CM;
907 5024 975 5064 cum
994 5009 1107 5079 autem,
1125 5004 1191 5066 OC.
1231 5001 1452 5065 ⁴'restituatur
1470 5005 1539 5065 ideo
1557 5003 1672 5065 dicitur
1691 5009 1758 5083 quis
1777 5010 1825 5065 ast

235 5107 267 5163 in
290 5108 484 5183 possessione
505 5105 554 5166 vel
578 5109 676 5183 quasi,
698 5104 739 5178 V,
760 5104 826 5165 OC.
872 5100 1068 5165 ⁴⁸sciendum
1090 5112 1148 5181 est,
1172 5104 1266 5166 MSS.
1290 5124 1355 5165 var.
1401 5102 1602 5166 ⁴⁹·⁶⁰vinoulo
1624 5113 1825 5168 concurrente

235 5206 300 5265 sive
322 5205 519 5278 adminiculo,
542 5205 611 5280 OB,
634 5204 711 5282 MA,
733 5204 810 5279 MB,
832 5204 900 5279 CE,
922 5205 961 5266 Y.
1006 5203 1136 5280 ⁵²idem,
1158 5206 1237 5281 MG,
1260 5206 1335 5279 CM,
1359 5206 1425 5268 OC.
1469 5203 1617 5284 ‘’neque,
1640 5207 1735 5269 MSS.
1759 5227 1823 5268 rar.

236 5303 334 5384 “vel
352 5306 422 5382 OB,
441 5306 518 5383 MA,
537 5307 613 5383 MB,
632 5306 699 5380 OE,
717 5306 756 5367 Y.
797 5305 958 5384 ⁵⁴dicitur,
977 5307 1018 5382 V,
1037 5307 1114 5380 MG,
1134 5308 1208 5383 CM,
1228 5307 1294 5369 OC.
1336 5305 1362 5339 ⁶⁶
1374 5307 1455 5380 Om,
1475 5308 1544 5384 OA,
1564 5309 1631 5382 LA,
1652 5307 1729 5382 MG,
1750 5309 1824 5369 OM.

235 5405 262 5440 ⁸⁸
273 5408 354 5482 Om,
369 5406 439 5485 OB,
454 5408 531 5483 MB,
549 5405 607 5486 (4-
619 5407 679 5486 Y).
