4432 6336
368 436 416 508 82
897 427 1120 490 BRACTON:
1143 427 1203 488 DE
1228 427 1420 490 LEGIBUS

367 606 521 658 reversa
547 605 635 656 cum
663 579 851 656 donatore
878 577 1102 667 remanebit,
1130 578 1220 677 quia
1248 578 1471 676 homagium
1500 579 1531 655 si
1560 577 1668 677 prius
1697 576 1958 666 intervenerit,

367 700 571 788 evanescit,
592 724 662 775 nec
684 697 747 775 ille
770 698 821 775 ad
842 723 956 796 quem
978 723 1039 775 res
1062 698 1114 774 sic
1136 697 1343 776 revertitur
1365 698 1474 774 heres
1496 697 1571 774 erit
1592 697 1795 786 donatarii,
1819 721 1891 772 nec
1913 706 1958 774 ut

366 819 475 896 heres
502 817 563 895 vel
588 815 709 916 quasi,
736 842 807 893 nec
832 842 905 916 pro
931 815 1070 894 herede
1096 841 1167 893 nec
1193 816 1277 892 loco
1303 816 1464 905 heredis,
1492 840 1562 892 nec
1590 817 1740 894 factum
1767 816 1958 893 donatarii

367 936 633 1016 warantizabit
653 936 781 1034 aliquo
801 961 892 1012 casu
912 935 985 1013 nisi
1004 943 1160 1013 tantum
1180 935 1281 1013 dotis
1301 935 1625 1013 constitutionem.
1648 935 1706 1012 Et
1727 935 1798 1012 hoc
1818 961 1899 1012 non
1918 937 1959 1011 in

367 1055 472 1133 omni
491 1081 582 1133 casu
602 1055 675 1132 nisi
694 1079 783 1131 cum
802 1055 852 1132 sit
871 1080 972 1154 pura
991 1054 1149 1132 donatio
1170 1064 1209 1132 et
1229 1079 1307 1130 non
1327 1054 1597 1132 condicionalis
1617 1079 1688 1131 nec
1708 1055 1882 1143 modalis,
1903 1053 1960 1131 ita

367 1175 472 1275 quod
490 1200 669 1274 expresse
687 1183 898 1250 revocetur.
921 1173 1027 1265 <Et
1046 1175 1094 1250 de
1112 1172 1183 1249 hac
1202 1174 1364 1250 materia
1382 1173 1543 1250 inveniri
1563 1172 1707 1273 poterit
1726 1173 1775 1252 de
1794 1173 1959 1251 termino

370 1295 504 1372 Sancti
528 1293 715 1371 Michoelis
739 1318 841 1370 anno
866 1291 996 1391 regis²⁹
1022 1292 1187 1369 Henrici
1211 1292 1339 1382 tertio,
1365 1293 1571 1392 incipiente
1595 1300 1747 1391 quarto,
1773 1293 1959 1370 comitatu

367 1412 601 1502 Bedfordiae,
622 1415 670 1489 de
689 1411 887 1490 Ricardo²⁰
905 1413 954 1490 de
974 1411 1176 1502 Hare.²²>
1200 1412 1304 1489 Item
1324 1412 1531 1488 revertitur
1548 1421 1655 1490 terra
1674 1412 1767 1488 data
1788 1438 1866 1489 non
1886 1437 1959 1512 pro

366 1533 524 1610 defectu
538 1533 723 1610 heredum
736 1539 893 1610 tantum
908 1532 969 1608 vel
984 1531 1280 1630 assignatorum,
1296 1533 1363 1607 sed
1378 1557 1452 1631 pro
1468 1531 1624 1608 defectu
1639 1531 1824 1608 heredum
1841 1532 1958 1630 assig-

366 1661 549 1729 natorum
567 1651 615 1728 de
634 1650 771 1750 quibus
790 1651 898 1727 nulla
916 1651 963 1727 fit
980 1650 1125 1728 mentio
1143 1651 1184 1726 in
1203 1649 1422 1740 donatione,
1442 1651 1546 1749 quod
1565 1676 1625 1728 res
1645 1649 1739 1727 data
1758 1651 1809 1728 ad
1826 1649 1959 1750 ipsos²²

367 1771 584 1849 descendat.
606 1771 711 1848 Item
730 1771 936 1847 revertitur
953 1779 1059 1847 terra
1079 1769 1172 1847 data
1191 1770 1242 1847 ad
1260 1770 1488 1847 donatorem
1507 1794 1580 1869 pro
1600 1770 1757 1846 defectu
1776 1769 1960 1846 heredum

367 1891 696 1990 qualitercumque
723 1897 897 1968 tenentes
925 1889 1080 1966 feoffati
1109 1889 1268 1978 fuerint,
1297 1913 1406 1987 pure,
1436 1886 1507 1966 sub
1533 1883 1766 1977 condicione,
1795 1888 1855 1966 vel
1885 1887 1960 1965 alio

366 2012 493 2099 modo,
515 2009 548 2086 si
565 2010 722 2086 omnino
741 2009 870 2085 nullus
888 2008 997 2085 heres
1018 2016 1209 2108 appareat
1228 2018 1267 2085 et
1287 2033 1375 2084 cum
1396 2008 1582 2085 donatore
1602 2007 1824 2085 remanebit.
1848 2008 1907 2085 Et
1928 2008 1959 2084 si

368 2129 567 2206 dubitetur
589 2155 640 2205 an
663 2128 712 2205 sit
733 2128 855 2217 heres,
877 2129 1011 2204 eodem
1033 2128 1148 2203 modo
1170 2128 1291 2204 donec
1313 2128 1458 2204 sciatur
1480 2127 1511 2204 si
1533 2127 1642 2204 heres
1666 2126 1715 2204 sit
1739 2137 1778 2204 et
1800 2128 1886 2226 quis
1909 2127 1960 2204 sit

367 2248 488 2338 heres,
509 2257 549 2325 et
569 2247 610 2322 in
629 2247 701 2324 hoc
722 2271 813 2323 casu
834 2245 907 2324 erit
929 2247 1094 2322 donator
1116 2271 1188 2345 pro
1210 2245 1359 2322 herede.
1384 2246 1488 2322 Item
1510 2245 1744 2324 revertitur²⁸
1768 2247 1819 2324 ad
1841 2245 1959 2322 dona-

366 2375 493 2443 torem
515 2376 621 2443 terra
644 2364 765 2441 data‘⁴
788 2390 867 2441 non
891 2391 964 2465 pro
989 2363 1145 2441 defectu
1169 2363 1394 2453 heredum,²⁵
1420 2364 1486 2442 sed
1511 2364 1602 2464 qrria
1625 2365 1685 2442 ius
1709 2374 1749 2442 et
1775 2365 1959 2442 successio

368 2478 598 2564 descendere
626 2510 705 2561 non
733 2483 878 2584 poterit
907 2483 958 2560 ad
986 2483 1143 2560 heredes
1173 2491 1335 2583 propter
1365 2485 1684 2584 impedimentum
1713 2493 1958 2584 perpetuum,

368 2605 467 2682 sicut
493 2603 638 2681 felonia
663 2602 913 2681 antecessoris
938 2605 987 2680 de
1013 2628 1092 2702 qua
1116 2602 1312 2680 convictus
1340 2602 1460 2680 fuerit
1488 2601 1615 2702 aliquo
1642 2628 1783 2702 genere
1811 2604 1959 2680 convic-

366 2724 494 2814 tionis,
507 2734 546 2802 et
560 2723 649 2801 talis
661 2731 767 2800 terra
781 2722 993 2801 remanebit
1006 2747 1094 2798 cum
1107 2721 1295 2799 donatore
1309 2731 1354 2800 ut
1367 2722 1529 2799 eschaeta
1544 2748 1625 2799 sua.
1642 2722 1701 2800 Et
1716 2722 1779 2799 ille
1795 2725 1960 2799 donator

368 2845 419 2920 ad
431 2868 545 2942 quem
557 2843 610 2920 sic
622 2843 841 2931 revertitur,
853 2840 1057 2918 habebitur
1068 2841 1152 2918 loco
1164 2841 1313 2918 heredis
1327 2842 1377 2918 ad
1390 2840 1720 2918 warantizandum
1733 2841 1863 2918 omnia
1876 2867 1961 2941 quae

368 2961 475 3038 felo¹⁶
497 2960 643 3062 ςεεείῐη
666 2969 756 3038 ante
779 2959 975 3050 feloniam,
998 2958 1119 3036 dum²⁸
1142 2959 1264 3037 voluit
1287 2968 1326 3037 et
1349 2960 1490 3059 potuit,
1513 2960 1608 3037 dum
1628 2970 1762 3038 tamen
1784 2961 1962 3060 perfecta

369 3081 516 3158 fuerit²⁹
531 3089 621 3158 ante
638 3078 862 3167 feloniam,⁸⁰
879 3081 976 3157 sicut
992 3079 1150 3156 donatio
1167 3079 1227 3155 vel
1244 3081 1295 3155 ad
1310 3078 1519 3156 terminum
1535 3079 1715 3169 dimissio,
1731 3104 1816 3179 quae
1832 3080 1961 3157 omnia

368 3201 399 3276 f.
413 3198 508 3294 28b]
564 3200 678 3276 firma
690 3207 806 3276 erunt
819 3207 859 3276 et
872 3206 959 3275 rata
972 3207 1012 3275 et
1024 3198 1169 3274 irritari
1182 3224 1262 3275 non
1275 3206 1473 3298 poterunt,
1487 3198 1575 3276 licet
1591 3200 1638 3276 de
1651 3198 1817 3276 termino
1833 3199 1960 3275 videa·

368 3330 436 3398 tur
449 3320 554 3419 quod
569 3319 632 3407 sic,
648 3318 738 3416 quia
752 3317 907 3394 videtur
921 3317 1026 3416 quod
1041 3316 1232 3394 firmarius
1248 3326 1467 3395 warantum
1481 3343 1561 3394 non
1575 3316 1715 3395 habeat
1732 3318 1780 3394 de
1795 3319 1960 3395 termino

369 3463 452 3529 suo,
475 3439 574 3515 sicut
595 3437 670 3514 dici
691 3437 836 3536 poterit
859 3437 907 3512 de
929 3437 1114 3513 custodia.
1141 3436 1220 3513 Sed
1244 3461 1285 3514 re
1309 3462 1401 3513 vera
1422 3445 1529 3514 tenet
1553 3436 1641 3514 talis
1666 3437 1845 3526 dimissio,
1870 3438 1962 3536 quia

368 3556 546 3634 dominus
564 3555 740 3655 capitalis
758 3581 837 3631 non
854 3557 976 3632 intrat
993 3564 1038 3633 ut
1055 3563 1195 3644 custos,
1214 3556 1281 3632 sed
1297 3565 1343 3632 ut
1361 3555 1538 3633 dominus
1556 3565 1596 3634 et
1614 3556 1697 3632 loco
1716 3555 1875 3634 heredis.
1896 3555 1961 3631 Ea

369 3701 461 3753 vero
479 3701 564 3774 quoe
581 3683 673 3752 ante
692 3673 875 3751 feloniam
892 3674 1048 3772 incepta
1066 3673 1239 3751 fuerint⁸²
1260 3684 1299 3752 et
1317 3699 1397 3750 non
1416 3676 1603 3774 perfecta,
1624 3677 1691 3752 sed
1711 3675 1751 3751 in
1770 3675 1960 3765 faciendo,

370 3796 470 3874 sicut
497 3794 539 3871 in
567 3794 881 3894 promissionibus
910 3802 949 3870 et
978 3793 1276 3891 obligationibus
1303 3803 1344 3870 et
1373 3795 1473 3871 dotis
1503 3795 1851 3884 constitutionibus,
1881 3821 1961 3872 non

370 3909 500 3992 valent
519 3924 609 4014 post
627 3912 903 3989 convictionem
921 3921 960 3990 et
979 3912 1345 3989 condemnationem.
1366 3911 1431 3988 Ea
1450 3937 1542 3989 vero
1562 3939 1646 4011 quae
1666 3922 1756 4012 post
1778 3913 1961 3991 feloniam

370 4034 594 4112 factasunt
619 4032 680 4109 vel
705 4031 934 4131 imperfecta
959 4041 998 4109 et
1025 4031 1065 4107 in
1090 4029 1280 4120 faciendo,
1307 4056 1519 4130 numquam
1545 4032 1728 4110 valebunt
1755 4041 1846 4133 post
1871 4057 1960 4110 con·

370 4152 665 4240 demnationem,
683 4176 753 4228 nec
769 4150 964 4228 tenebitur
981 4152 1146 4226 donator
1163 4150 1214 4226 ad
1231 4150 1562 4228 warantizandum
1579 4151 1667 4228 licet
1686 4152 1736 4229 sit
1753 4152 1836 4228 loco
1854 4152 1959 4229 here

371 4271 429 4348 dis
448 4272 490 4347 in
509 4271 748 4369 quibusdam.
770 4269 828 4347 Et
849 4271 946 4347 sicut
966 4295 1026 4346 res
1046 4269 1098 4345 sic
1118 4270 1211 4345 data
1229 4295 1311 4346 esse
1331 4268 1474 4369 poterit
1494 4269 1682 4346 eschaeta⁸²
1703 4273 1900 4348 donatoris
1920 4271 1962 4347 in

371 4389 571 4479 domhaico,
590 4389 724 4466 eodem
740 4390 855 4464 modo
873 4388 1017 4487 poterit
1034 4388 1068 4463 ei
1086 4413 1166 4465 esse
1183 4388 1225 4464 in
1240 4387 1420 4487 homagio
1438 4397 1477 4466 et
1497 4389 1661 4478 serviti0,
1680 4391 1790 4489 quasi
1807 4389 1961 4467 medio⁸⁸

371 4508 472 4584 inter
487 4508 616 4607 ipsum
631 4515 670 4584 et
685 4515 881 4584 tenentem
896 4507 1062 4584 tenentis
1078 4507 1137 4583 sui
1152 4506 1304 4583 sublato
1320 4509 1368 4584 de
1383 4508 1509 4585 medio
1526 4519 1565 4585 et
1581 4509 1664 4585 loco
1681 4509 1788 4586 cuius
1806 4519 1962 4608 oportet

372 4623 489 4701 eum⁸⁴
517 4624 728 4714 succedere,
756 4623 848 4702 velit
876 4623 985 4714 nolit,
1014 4625 1104 4723 quia
1131 4625 1354 4722 homagium
1383 4635 1422 4702 et
1451 4626 1649 4704 servitium
1676 4653 1853 4704 recusare
1882 4641 1962 4705 non

372 4745 533 4844 poterit:
559 4754 599 4822 et
624 4742 676 4821 sic
701 4743 773 4822 erit
797 4743 882 4820 loco
905 4743 1053 4821 heredis
1078 4744 1114 4821 ei
1137 4745 1199 4821 cui
1224 4744 1403 4834 succedit,
1429 4744 1518 4821 licet
1542 4745 1783 4845 vulgariter⁸⁸
1810 4749 1962 4824 dicatur

372 4949 499 5031 1'regni
522 4955 616 5031 regia,
638 4952 706 5027 OC,
729 4950 806 5013 MG.
851 4949 916 4986 ¹¹¹¹¹
928 4952 1002 5013 Luc.
1026 4950 1065 5012 de
1089 4952 1193 5031 Harpe,
1216 4951 1294 5026 Mo,
1317 4952 1391 5014 cM.
1437 4951 1538 5029 ”eon
1561 4953 1640 5029 MG,
1664 4955 1737 5015 cM.
1783 4953 1962 5016 ²⁸¹²⁴rever-

371 5057 450 5114 titur
469 5061 553 5113 terra
573 5052 613 5113 sd
633 5052 813 5113 donatorem
834 5060 918 5113 terra
938 5053 1024 5128 data,
1045 5054 1114 5129 ΟΑ,
1134 5055 1201 5128 LA,
1222 5054 1296 5128 MC,
1319 5055 1384 5116 ΟΕ.
1427 5053 1453 5088 ²¹⁵
1465 5055 1598 5130 heredis,
1619 5058 1688 5130 ΟΑ,
1709 5058 1776 5133 LA,
1798 5058 1873 5134 MC,
1895 5058 1962 5134 OC,

374 5153 447 5214 cM.
490 5149 637 5215 ²⁸·”iero
659 5157 752 5232 gessi,
772 5154 842 5227 OA,
863 5154 920 5215 LA
945 5153 1062 5232 (fere),
1084 5156 1147 5217 MC
1174 5154 1259 5231 (fere
1280 5177 1359 5219 corr.
1382 5156 1476 5237 selo).
1521 5156 1588 5193 ⁸⁸⁸⁸⁸
1599 5159 1680 5235 Om,
1701 5161 1770 5235 OA,
1792 5161 1862 5235 OB,
1886 5161 1962 5236 MA,

373 5255 450 5330 ΜΒ,
469 5254 536 5330 CE,
556 5255 594 5316 Y.
636 5253 802 5332 ²⁰fuerint,
821 5256 888 5331 LA,
908 5256 986 5331 MG,
1006 5257 1079 5317 Mc,
1118 5255 1147 5290 ³²
1159 5257 1297 5334 fuerunt,
1316 5259 1356 5333 V,
1376 5260 1445 5334 OB,
1466 5261 1541 5321 ΜΒ.
1583 5259 1702 5323 ”sieut
1721 5261 1863 5336 escham,
1884 5262 1962 5337 MG,

373 5356 446 5418 cu.
491 5355 673 5431 “menum,
696 5355 766 5433 oa,
790 5357 865 5417 Ma.
911 5355 1026 5432 uam,
1050 5359 1119 5432 on,
1142 5359 1210 5435 m,
1235 5359 1318 5433 Mo;
1343 5381 1390 5435 a,
1415 5361 1488 5422 cM.
1534 5359 1561 5394 ⁸⁶
1573 5361 1750 5441 vulgaliter,
1775 5363 1870 5426 uss
1895 5345 1960 5424 m.
