4432 6336
389 517 461 585 164
918 508 1141 570 BRACTON:
1164 507 1225 569 DE
1248 508 1441 570 LEGIBUS

385 659 490 737 tione
513 658 687 748 ecclesiae,
710 669 750 737 et
772 659 876 735 unde
898 659 1145 758 postmodum
1168 659 1385 735 convictum
1409 658 1486 736 fuit
1510 658 1613 758 quod
1635 659 1737 737 idem
1761 667 1977 736 antecessor

387 806 598 880 numquam
622 781 711 857 inde
736 780 913 858 seisinam
935 780 1081 870 habuit,
1106 787 1146 858 ct
1169 780 1255 856 ideo
1280 779 1437 856 donatio
1461 778 1580 868 nulla,
1606 779 1695 857 licet
1719 779 1822 857 idem
1847 779 1976 857 Gode·

387 902 514 980 fridus
528 912 567 980 et
582 911 696 1002 pater
709 928 800 978 suus
815 902 1063 1001 postmodum
1077 902 1167 978 inde
1183 911 1308 979 essent
1324 902 1364 977 in
1380 901 1527 979 saisina.
1547 903 1650 978 Item
1666 902 1716 977 ad
1731 901 1802 976 hoc
1819 902 1914 978 facit
1929 902 1977 978 de

386 1021 550 1100 termino
570 1022 728 1099 Pasehae
749 1047 851 1099 anno
870 1021 1000 1120 regis²⁸
1021 1022 1186 1099 Henrici
1206 1022 1365 1112 decimo,
1386 1022 1572 1098 comitatu
1594 1021 1837 1122 Leycestrioe,
1860 1020 1978 1098 assiss

386 1143 531 1220 ultimae
564 1143 880 1244 presentationis,
914 1144 1016 1221 inter
1048 1143 1272 1221 Walterum
1305 1143 1354 1219 de
1387 1141 1618 1221 Rideware¹⁴
1652 1151 1692 1219 et
1726 1143 1895 1243 priorem
1930 1144 1977 1220 de

386 1264 660 1363 Dudelegba,²⁸
684 1264 751 1341 ubi
774 1265 877 1343 idem
901 1265 1103 1342 Waltems
1128 1264 1222 1341 nihil
1247 1288 1385 1364 capere
1411 1265 1539 1363 potuit
1565 1289 1636 1363 per
1662 1264 1832 1354 assisam,
1859 1262 1978 1364 quio²⁸

386 1410 511 1464 comes
531 1387 579 1463 de
597 1385 807 1474 Ferariis,²'
827 1387 892 1486 qui
911 1386 1126 1463 manerium
1145 1386 1241 1463 illud
1261 1386 1311 1462 ad
1332 1383 1462 1486 quod²⁸
1484 1385 1683 1463 advocatio
1703 1385 1771 1460 illa
1790 1385 1977 1484 pertinuit

387 1507 492 1585 dedit
514 1508 697 1607 praedicto
719 1508 911 1597 Walter0,
933 1533 1145 1607 numquam
1168 1507 1416 1608 praesentavit
1439 1508 1490 1584 ed
1512 1505 1708 1584 ecclesiam
1730 1506 1847 1583 illam.
1874 1508 1977 1584 Item

387 1627 437 1703 ed
454 1627 526 1702 hoc
546 1627 642 1704 facit
661 1628 765 1726 quod
784 1626 931 1704 habetis
952 1628 999 1704 de
1018 1627 1183 1704 termino
1206 1626 1339 1703 Sancti
1359 1625 1545 1703 Michaelis
1567 1651 1669 1701 anno
1689 1624 1791 1724 regis
1812 1624 1977 1702 Henrici

388 1772 493 1824 nono
519 1745 725 1846 incipiente
753 1746 912 1835 decimo,
942 1745 1061 1823 assisa
1088 1744 1233 1822 ultimae
1262 1744 1569 1844 praesentationis
1596 1745 1700 1821 inter
1728 1742 1898 1843 priorem
1928 1743 1976 1819 dc

386 1866 522 1943 Lewes
545 1876 584 1944 et
606 1865 739 1943 Adam
763 1866 810 1942 de
833 1865 949 1941 Novo
972 1867 1163 1953 Mercato,
1187 1865 1235 1940 de
1258 1863 1415 1940 ecclesia
1439 1863 1487 1940 de
1510 1861 1762 1951 Hatfeldia,²⁹
1785 1862 1851 1938 ubi
1875 1862 1977 1939 idem

385 1984 519 2061 Adam
533 1984 775 2084 recuperavit
790 1983 1124 2084 presentationem
1140 2008 1250 2060 snam
1265 1983 1312 2059 de
1328 1981 1465 2058 seisina
1481 1982 1543 2057 avi
1559 1982 1618 2058 sui
1635 2007 1684 2058 ex
1700 1989 1814 2081 porte
1828 1979 1976 2057 matris.

386 2103 510 2181 Casus
525 2103 680 2203 quidem
693 2102 782 2180 talis
797 2112 872 2179 est:
887 2104 1001 2179 Avus
1017 2100 1201 2201 quidam⁸⁰
1217 2101 1337 2201 ipsius
1352 2099 1453 2177 Adae
1468 2108 1646 2178 etcetera.
1661 2099 1754 2176 De‘²
1770 2100 1840 2175 boc
1855 2109 1976 2176 mate

385 2223 444 2299 ria
466 2221 580 2322 plene
603 2223 709 2298 infra
732 2224 780 2298 de
803 2222 922 2298 assisa
943 2221 1089 2297 ultimae
1111 2219 1428 2320 presentationis,
1453 2219 1575 2296 ethic
1600 2218 1890 2318 superabundat
1915 2217 1976 2293 vel

385 2342 477 2419 ibi.⁸¹
497 2344 600 2420 Item
617 2341 771 2418 videtur
788 2342 892 2439 quod
909 2341 990 2417 sine
1007 2364 1168 2438 corpore
1186 2339 1330 2438 poterit
1346 2339 1406 2414 ius
1424 2337 1683 2415 advocationis
1701 2336 1907 2415 transferri
1926 2336 1976 2413 ad

386 2460 532 2538 alium⁸⁸
551 2487 622 2560 per
640 2485 691 2549 se,
711 2469 750 2536 et
769 2457 905 2559 quasi⁸⁴
925 2458 1111 2558 possideri
1130 2457 1229 2534 sicut
1248 2456 1411 2534 servitus
1431 2455 1578 2533 donec⁸⁸
1598 2455 1803 2544 vacaverit,
1823 2465 1862 2532 et
1882 2465 1976 2532 tunc

385 2607 457 2682 per
472 2608 586 2660 usum
601 2592 640 2659 et
656 2580 991 2681 presentationem
1006 2579 1164 2656 retineri
1181 2579 1230 2655 ad
1248 2577 1535 2655 similitudinem
1553 2576 1758 2655 servitutis.
1779 2576 1873 2653 Non
1891 2575 1977 2653 est⁸⁸

386 2707 488 2783 enim
500 2729 650 2782 necesse
662 2713 708 2781 ut
720 2703 873 2779 videtur
885 2701 989 2801 quod
1001 2726 1152 2800 semper
1166 2699 1336 2777 adhaerat
1350 2700 1475 2776 fundo
1489 2699 1549 2775 vel
1562 2706 1783 2775 tenemento
1798 2698 1859 2773 cui
1873 2697 1975 2786 insit,

385 2853 474 2904 cum
488 2827 610 2903 inesse
626 2825 771 2926 poterit
787 2822 950 2901 ecclesiae
966 2822 1175 2900 secundum
1193 2821 1297 2920 quod
1312 2820 1470 2898 ecclesia
1486 2821 1722 2896 construitur
1740 2844 1788 2895 ex
1805 2818 1919 2916 lignis
1937 2825 1977 2893 et

385 2947 589 3048 lapidibus,
605 2957 644 3025 et
659 2947 763 3023 unde
779 2945 919 3023 dicitur
934 2944 1134 3021 advocatio
1148 2943 1238 3020 talis
1254 2941 1428 3018 ecclesias.
1446 2942 1504 3018 Et
1519 2941 1622 3017 unde
1640 2941 1670 3016 si
1687 2940 1844 3017 ecclesia
1861 2940 1976 3016 done·

385 3077 451 3146 tur
466 3069 546 3146 sine
560 3076 793 3156 tenemento,
809 3067 934 3143 adhuc
949 3064 1093 3165 poterit
1107 3064 1312 3141 transferri
1328 3060 1555 3139 advocatio⁸'
1572 3063 1632 3139 vel
1649 3060 1816 3150 retineri,
1834 3065 1976 3137 etcum

384 3219 454 3292 per
473 3219 513 3270 se
531 3194 624 3268 data
643 3189 762 3266 fuerit
781 3189 993 3276 advocatio,
1013 3195 1052 3263 et
1071 3211 1159 3261 cum
1178 3185 1333 3262 ecclesia
1353 3183 1546 3260 vacaverit
1566 3183 1789 3260 donatarius
1810 3206 1973 3282 praesen·

385 3313 538 3403 taverit,
557 3322 596 3390 et
613 3312 672 3388 ius
689 3309 949 3388 advocationis
967 3308 1147 3385 retinebit
1165 3332 1236 3406 per
1256 3305 1443 3394 seisincm,
1462 3315 1501 3382 et
1522 3306 1574 3381 sic
1593 3305 1741 3381 desinet
1761 3328 1841 3380 esse
1860 3302 1976 3378 advo·
2006 3290 2009 3296 ’

385 3435 487 3512 catio
502 3436 549 3510 de
565 3433 678 3510 fundi
694 3426 976 3532 pertinentiis.⁸⁸
992 3431 1050 3506 Et
1065 3428 1168 3505 unde
1185 3427 1338 3504 videtur
1355 3426 1458 3526 quod
1476 3427 1507 3503 si
1524 3425 1587 3502 ille
1605 3426 1670 3524 qui
1688 3425 1978 3502 advocationem

386 3555 492 3633 dedit
507 3555 585 3633 sive
600 3562 690 3631 ante
705 3552 944 3630 vacationem
959 3549 1123 3626 ecclesiae
1138 3549 1216 3626 sive
1232 3557 1333 3648 post,
1349 3548 1518 3624 fundum
1532 3546 1681 3623 dederit
1697 3571 1784 3622 cum
1800 3544 1976 3622 omnibus

386 3675 628 3777 pertinentiis
646 3675 723 3752 suis
741 3683 780 3752 et
797 3699 885 3751 cum
903 3671 1151 3749 advocatione
1169 3669 1332 3746 ecclesiae
1351 3694 1541 3768 expresse,
1561 3692 1639 3742 non
1658 3667 1799 3743 valebit
1819 3665 1976 3743 donatio

385 3807 575 3898 quantum
598 3797 649 3872 ad
672 3795 972 3882 advocationem,
996 3792 1085 3868 licet
1108 3793 1236 3868 valeat
1259 3798 1449 3890 quantum
1474 3791 1524 3865 ad
1548 3789 1716 3864 fundum
1739 3787 1974 3864 transferen·
2023 3848 2027 3855 .

385 3915 507 3996 dum⁸⁹
530 3918 610 3995 sine
633 3916 894 4004 advocatione,
918 3914 1009 4013 quia
1030 3915 1196 3990 donator
1218 3911 1258 3988 id
1281 3911 1384 4010 quod
1408 3911 1516 4010 prius
1539 3909 1646 3986 dedit
1672 3908 1751 3985 sine
1775 3908 1976 3984 voluntate

386 4040 416 4116 f.
431 4041 500 4133 55]
557 4037 749 4116 donatarii
774 4061 966 4113 resumere
993 4058 1072 4111 non
1099 4031 1255 4133 poterit,
1284 4057 1353 4108 nec
1381 4031 1522 4108 iterum
1539 4031 1653 4118 dare,
1682 4029 1770 4106 licet
1798 4029 1975 4105 videatur

385 4161 512 4261 prima
535 4160 633 4238 facie
656 4159 760 4258 quod
784 4183 935 4258 semper
957 4155 998 4232 in
1021 4155 1158 4233 seisina
1179 4154 1352 4231 extiterit
1375 4153 1497 4228 donec
1521 4151 1744 4228 donatarius
1769 4157 1975 4249 praesenta·

385 4283 494 4359 verit.
513 4282 592 4359 Sed
606 4308 648 4358 re
663 4306 755 4357 vera
770 4280 862 4356 dare
877 4304 956 4354 non
971 4277 1127 4377 poterit,
1143 4301 1230 4351 cum
1247 4273 1471 4351 donatarius
1486 4273 1546 4348 ius
1562 4272 1701 4348 habeat
1718 4269 1976 4370 praesentandi

386 4413 425 4481 et
442 4403 491 4481 sit
507 4402 616 4501 qussi
631 4402 672 4476 in
689 4400 827 4478 seisina
842 4400 962 4476 donec
978 4397 1134 4475 ecclesia
1150 4396 1356 4485 vacaverit,
1374 4389 1413 4472 et
1431 4394 1483 4470 sic
1500 4419 1571 4493 per
1588 4392 1856 4492 imaginariam
1874 4389 1975 4468 seisi-

386 4624 412 4660 ¹⁸
424 4629 513 4704 regni
526 4629 620 4703 regis,
632 4623 699 4698 OC,
714 4626 786 4685 CM.
811 4621 838 4656 ¹⁴
850 4620 1029 4697 Bedeware,
1043 4619 1226 4700 Bydeware,
1240 4617 1419 4692 Badeware,
1433 4617 1617 4696 Kydeware,
1632 4615 1726 4678 MSS.
1739 4637 1804 4675 var.
1831 4613 1856 4648 ²⁵
1869 4613 1976 4693 Dyde-

385 4723 895 4806 legh.,Dodelegb.,'Dudeleham,
910 4723 1003 4784 MSS.
1018 4742 1083 4783 var.
1119 4720 1184 4755 ²⁶⁴⁷
1197 4721 1277 4797 Om,
1291 4721 1360 4795 OB,
1375 4721 1451 4795 ΜΒ,
1470 4719 1526 4795 (†
1540 4718 1636 4796 MA).
1673 4716 1811 4796 ²⁸qnem,
1824 4716 1894 4792 OA,
1909 4716 1977 4790 LA,

385 4826 416 4887 Y
440 4827 535 4904 (corr.
556 4825 667 4905 qnod).
710 4822 947 4901 ²⁹Hattefeud,
967 4822 1134 4898 Hatreudss,
1156 4821 1342 4898 Hantleud„
1366 4819 1565 4897 Haterleud,
1588 4819 1776 4894 Hantfend,
1799 4817 1976 4892 Batefend,

387 4927 481 4990 MSS.
497 4947 562 4989 var.
600 4925 627 4962 ⁸⁰
638 4925 770 5005 quidem,
785 4926 854 5003 OB,
871 4925 937 5002 ΟΕ,
953 4925 1020 5001 LA,
1036 4927 1081 4999 Υ,
1098 4929 1153 4999 sic,
1169 4924 1209 5000 V,
1226 4926 1305 4998 MC3
1322 4922 1417 5002 qnid,
1435 4923 1528 4984 MSS.
1544 4943 1609 4982 ver.
1648 4919 1714 4956 ⁸⁸⁸⁸⁸
1726 4921 1806 4998 Om,
1823 4921 1892 4997 OA,
1909 4921 1976 4994 LA,

387 5028 460 5088 MC.
495 5025 561 5062 ⁸⁸⁴⁴
572 5027 667 5089 elium
679 5047 737 5106 per
749 5032 848 5106 quast,
861 5027 930 5101 OB,
944 5029 1020 5102 MA,
1033 5026 1101 5102 ΟΕ,
1114 5027 1301 5100 CM3alium
1314 5033 1346 5086 et
1359 5029 1457 5104 quast,
1472 5026 1547 5086 ΜΒ.
1584 5023 1610 5059 ⁸⁸
1621 5043 1679 5102 per
1693 5023 1801 5099 donec,
1816 5023 1885 5099 OB,
1901 5023 1977 5098 MA,

387 5128 454 5204 ΟΕ,
473 5129 553 5202 ΟΜ;
570 5131 620 5192 vel
637 5129 744 5204 donec,
762 5129 837 5189 ΜΒ.
878 5126 904 5162 ⁸⁸
917 5129 996 5203 Om,
1015 5129 1084 5204 OB,
1103 5128 1180 5204 MA,
1200 5128 1274 5188 MB.
1316 5125 1341 5161 ⁸⁷
1353 5132 1400 5188 tus
1420 5126 1641 5203 advocabonia,
1660 5127 1730 5201 OB,
1749 5127 1831 5198 MB3
1850 5124 1976 5186 donstIo

386 5227 606 5303 advocatIonis,
622 5231 698 5304 MA,
714 5231 789 5306 MC,
805 5231 873 5306 ΟΕ,
889 5231 968 5303 ΟΜ;
986 5229 1147 5292 advocatio
1166 5230 1262 5307 (corr.
1280 5227 1406 5289 donatio
1423 5227 1664 5306 advocationis),
1681 5229 1720 5289 Y.
1758 5226 1865 5288 ⁸⁸cum
1880 5230 1978 5306 perti·

386 5333 511 5405 nentiis,
527 5330 602 5402 OA;
618 5328 658 5391 de
675 5329 772 5393 fundo
789 5338 821 5392 et
837 5336 962 5410 perun,
979 5331 1055 5392 MG.
1094 5329 1120 5365 ⁸⁹
1132 5329 1362 5404 trsmlerendo,
1380 5330 1424 5405 V;
1442 5329 1647 5408 transiemus,
1666 5331 1737 5404 CE;
1756 5327 1977 5404 transferend,

387 5428 481 5490 MSS.
496 5449 561 5490 var.
1215 5425 1228 5457 ⁸
