4432 6336
388 447 437 516 92
917 438 1141 501 aaacroa:
1163 439 1224 500 na
1248 419 1439 504 Ladmus

387 591 483 667 bene
498 590 641 668 valebit
656 598 942 668 testamentum.
962 590 1005 667 Si
1023 599 1152 668 autem
1168 592 1334 668 donator
1350 589 1403 668 sic
1419 591 1666 668 donationem
1683 591 1830 680 fecerit,
1849 617 1921 691 pro
1940 616 1979 668 se

388 719 428 786 et
454 709 655 787 heredibus
682 710 759 786 suis
786 709 867 799 tali,
894 710 1003 786 nulla
1030 711 1137 786 facta
1162 710 1355 788 mentione
1382 712 1430 786 de
1456 711 1658 788 heredibus
1686 710 1890 801 donatarii,
1918 711 1979 787 vel

388 831 492 930 quod
508 833 558 907 ad
574 831 695 908 vitam
711 857 831 921 suam,
848 857 908 909 res
926 833 979 908 sic
994 833 1088 908 data
1103 831 1176 910 erit
1193 832 1356 909 liberum
1371 841 1635 910 tenementum
1652 831 1794 931 quoad⁰
1812 831 1979 910 vixerit¹⁰

388 953 653 1042 donatarius,¹²
671 951 762 1051 quia
779 952 936 1030 taliter²¹
956 955 1048 1030 dare
1066 953 1226 1052 perinde
1243 963 1301 1031 est
1321 979 1366 1030 ac
1384 953 1416 1030 si
1434 953 1545 1030 daret
1564 954 1615 1030 ad
1633 953 1764 1030 vitam.
1787 954 1830 1031 Si
1849 964 1979 1032 autem

387 1076 458 1152 fiat
474 1075 631 1152 donatio
646 1076 697 1151 ad
713 1075 922 1153 temrinum
938 1100 1128 1152 annorum
1146 1075 1318 1174 quamvis
1335 1075 1600 1173 longissimum
1618 1077 1684 1174 qui
1701 1077 1862 1154 excedat
1880 1077 1979 1154 vitas

387 1196 596 1286 hominum,
611 1204 743 1273 tamen
760 1221 808 1274 ex
824 1197 895 1272 hoc
911 1221 990 1273 non
1006 1196 1160 1273 habebit
1177 1196 1401 1274 donatarius
1419 1196 1581 1274 liberum
1597 1205 1873 1286 tenementum
1891 1223 1979 1274 cum

388 1316 575 1394 terminus
593 1343 783 1394 annorum
801 1327 928 1395 certus
947 1316 996 1395 sit
1015 1326 1055 1394 et
1073 1318 1349 1395 determinatus
1369 1326 1408 1394 et
1428 1317 1615 1396 terminus
1634 1319 1721 1394 vitae
1741 1320 1920 1408 incertus,
1940 1329 1979 1397 et

389 1439 479 1537 quia
502 1438 572 1514 lice
592 1437 617 1473 ²⁸
640 1438 734 1514 nihil
757 1440 897 1516 certius
920 1439 970 1517 sit
994 1448 1129 1527 morte,
1153 1439 1247 1515 nihil
1270 1449 1402 1517 tamen
1426 1440 1606 1516 incertius
1632 1450 1690 1518 est
1713 1439 1808 1517 hora
1832 1442 1978 1517 mortis.

389 1559 542 1635 Poterit
556 1559 685 1637 enim²⁴
701 1560 784 1661 quis
800 1571 945 1637 terram
960 1561 1072 1637 alicui
1088 1561 1293 1638 concedere
1310 1561 1360 1636 ad
1375 1560 1583 1638 terminum
1600 1585 1801 1650 annorum,
1817 1569 1857 1639 et
1874 1562 1980 1639 illam

388 1686 550 1762 eandem
567 1684 672 1760 infra
687 1683 895 1760 terminum
912 1681 1021 1759 illum
1039 1682 1150 1759 alteri
1167 1684 1259 1760 dare
1276 1683 1338 1759 vel
1356 1683 1479 1759 eidem
1496 1685 1537 1759 in
1555 1684 1681 1772 feodo,
1700 1692 1740 1760 et
1757 1683 1809 1760 sic
1828 1693 1981 1761 mutare

389 1832 507 1882 unam
535 1805 811 1905 possessionem
839 1806 880 1881 in
907 1805 1021 1881 aliam
1051 1805 1081 1880 si
1109 1805 1323 1881 firmarium
1352 1804 1584 1881 feoffaverit.
1617 1805 1660 1881 si
1690 1814 1819 1882 autem
1848 1805 1979 1894 alium,

388 1936 553 2024 utraque
572 1927 759 2026 possessio
777 1925 945 2016 durabit,
965 1927 1056 2025 quia
1075 1951 1155 2002 sese
1175 1925 1465 2025 compatiuntur
1484 1927 1671 2003 terminus
1691 1935 1730 2004 et
1751 1927 1979 2004 leoffamen·

388 2057 473 2125 tum
490 2050 538 2126 de
555 2050 690 2125 eadem
705 2059 822 2137 terra,
841 2048 930 2148 quia
947 2047 998 2125 ibi
1016 2058 1107 2125 sunt
1126 2048 1276 2125 diversa
1293 2048 1389 2123 iura.
1407 2048 1477 2123 Ad
1497 2047 1732 2125 leoffatum¹⁵
1751 2074 1843 2124 vero
1861 2048 1979 2147 perti·

388 2179 455 2248 net
470 2170 689 2270 proprietas
704 2169 809 2246 leodi
823 2177 863 2247 et
876 2169 1040 2246 liberum
1054 2178 1329 2257 tenementum
1345 2167 1538 2246 firmarius
1555 2194 1646 2246 vero
1660 2169 1754 2246 nihil
1771 2169 1841 2247 sibi
1858 2170 1979 2247 vindi·

388 2317 475 2370 care
490 2292 634 2392 poterit
649 2291 721 2368 nisi
736 2292 1035 2380 usumfructum,
1053 2289 1193 2368 scilicet
1209 2291 1313 2389 quod
1328 2290 1444 2367 libere
1461 2291 1518 2367 uti
1535 2289 1692 2390 posset²⁰
1709 2301 1748 2368 et
1765 2291 1845 2368 sine
1861 2293 1980 2391 impe·

390 2411 560 2489 dimento
579 2411 733 2488 feoffati
751 2410 950 2510 percipere
969 2411 1181 2487 fructum.¹'
1203 2412 1307 2488 Item
1325 2413 1418 2487 dare
1437 2413 1580 2511 poterit
1599 2413 1684 2510 quis
1705 2412 1817 2488 alicui
1835 2422 1981 2490 terram

390 2536 440 2610 ad
459 2534 698 2611 voluntatem
717 2541 883 2610 suamet
902 2533 1085 2631 quamdiu
1103 2533 1138 2610 ei
1157 2533 1357 2632 placuerit,
1376 2533 1608 2610 determino
1627 2534 1894 2610 interminum
1914 2532 1981 2611 ct²⁸

390 2657 438 2732 de
457 2681 558 2731 anno
575 2656 615 2731 in
632 2679 793 2731 annum:
813 2664 851 2732 et
869 2681 945 2753 quo
962 2680 1053 2730 casu
1072 2654 1135 2731 ille
1153 2654 1218 2754 qui
1236 2654 1375 2754 accipit
1393 2655 1544 2731 nullum
1560 2654 1676 2732 habet
1694 2655 1858 2732 liberum
1875 2665 1980 2733 tene·

389 2783 576 2866 mentum,
601 2801 690 2853 cum
716 2775 893 2853 dominus
920 2775 1169 2876 proprietatis
1197 2801 1279 2853 rem
1306 2775 1358 2851 sic
1385 2800 1602 2853 concessam
1629 2785 1804 2874 repetere
1832 2773 1981 2875 possit¹⁹

391 2897 489 2973 sicut
508 2897 735 2997 precarium.
758 2899 861 2974 Item
882 2907 963 2974 esto
983 2900 1087 2996 quod
1106 2899 1160 2973 A.
1182 2896 1336 2996 primo²⁰
1357 2897 1542 2974 dimiserit
1565 2898 1615 2973 ad
1634 2898 1842 2975 terminum
1863 2923 1981 2974 anno·

392 3043 490 3107 rum,
517 3027 556 3095 et
582 3027 717 3116 postea
744 3016 909 3093 durante
934 3016 1100 3093 termino
1128 3014 1350 3093 feoffaverit
1377 3017 1466 3092 inde
1493 3016 1542 3092 B.
1571 3025 1610 3093 et
1637 3016 1678 3090 in
1705 3016 1981 3116 possessionem

391 3135 598 3226 induxerit,
617 3136 723 3213 salvo
741 3135 913 3212 firmario
930 3135 1095 3213 termino
1114 3159 1201 3210 suo:
1221 3142 1261 3210 et
1279 3160 1366 3211 cum
1384 3135 1479 3210 nihil
1498 3135 1568 3212 sibi
1586 3135 1788 3213 retinuerit
1806 3136 1908 3211 idem
1926 3137 1980 3212 A.

391 3255 463 3332 nisi
483 3264 639 3333 tantum
658 3255 808 3331 nudum
827 3253 1050 3342 dominium,
1072 3255 1120 3330 de
1141 3255 1247 3330 lacto
1269 3254 1409 3331 feoffat
1430 3254 1558 3352 ipsum
1580 3254 1805 3343 firmarium,
1828 3255 1859 3330 si
1881 3255 1982 3331 idem

391 3375 441 3450 B.
465 3383 554 3473 post
576 3375 783 3450 terminum
805 3373 1040 3473 completum
1062 3399 1102 3450 se
1124 3383 1246 3472 ponat
1268 3373 1309 3448 in
1332 3372 1508 3450 seisinam
1531 3372 1680 3449 ratione
1703 3373 1818 3472 primi
1843 3374 1982 3449 leoffe-

391 3495 523 3583 menti,
543 3504 582 3572 et
600 3494 814 3570 firmarium
832 3492 995 3580 eiecerit,
1015 3517 1094 3568 non
1112 3491 1296 3590 competit
1316 3491 1487 3568 firmario
1507 3491 1700 3568 restitutio
1721 3518 1791 3591 per
1813 3493 1982 3581 assisam,
2059 3557 2063 3566 .

393 3617 484 3715 quia
501 3613 610 3715 ipse¹²
629 3615 682 3690 A.
704 3637 783 3688 non
802 3611 932 3710 potuit
950 3611 984 3687 ei
1005 3611 1132 3687 lacere
1152 3610 1315 3687 liberum
1334 3620 1598 3688 tenementum
1618 3635 1706 3686 cum
1725 3636 1805 3687 non
1824 3611 1984 3689 haberet

392 3736 465 3811 nisi
488 3734 637 3811 nudum
660 3730 883 3808 dominium.
910 3730 988 3807 Sed
1010 3730 1082 3805 hoc
1105 3729 1303 3828 recognito
1327 3755 1397 3828 per
1422 3730 1580 3806 assisam
1603 3730 1797 3808 tenebitur
1821 3731 1904 3830 ipse
1928 3731 1981 3806 A.

393 3853 560 3932 secundo
588 3852 753 3928 feoffato
781 3851 831 3927 ad
860 3849 1099 3927 excambium
1126 3848 1167 3925 in
1194 3849 1279 3947 ipso
1307 3849 1446 3925 iudicio
1475 3850 1555 3924 sine
1583 3849 1658 3925 alio
1686 3849 1791 3925 brevi
1820 3859 1983 3948 propter

394 3974 584 4060 fraudem,
610 3971 804 4070 cumipse
829 3969 955 4068 primo
980 3968 1167 4045 feoffatus
1193 3966 1308 4042 cum²²
1334 3967 1450 4044 semel
1476 3992 1517 4044 se
1542 3968 1715 4066 posuerit
1739 3969 1780 4045 in
1806 3968 1984 4045 seisinam

392 4091 491 4191 per²⁸
509 4089 703 4170 secund0²⁴
721 4087 956 4166 feoffatum²⁵
975 4087 1094 4164 fuerit
1112 4085 1293 4174 eiectus,²⁸
1311 4085 1377 4163 et²⁷
1395 4112 1466 4186 per
1484 4087 1641 4163 assisam
1659 4087 1925 4185 recuperaveri
1945 4086 1984 4162 .²⁸

394 4217 452 4292 Et
470 4217 574 4315 quod
591 4239 670 4290 non
687 4211 818 4290 valet²⁹
836 4209 993 4287 donatio
1011 4209 1059 4284 ab
1077 4234 1123 4285 eo
1142 4209 1249 4285 facta
1267 4206 1360 4306 qui⁸⁰
1379 4208 1472 4284 nihil
1490 4208 1624 4285 habuit
1644 4209 1684 4284 in
1703 4209 1892 4285 dominico
1911 4209 1984 4285 nisi

392 4337 542 4412 nudum
568 4333 792 4420 dominium,
820 4329 960 4406 scilicet
986 4327 1209 4425 homagium
1236 4336 1275 4404 et
1303 4325 1511 4415 servitium,
1539 4325 1714 4403 habetis'²
1744 4328 1984 4405 determino

394 4554 519 4632 ’‘²⁰quo
541 4553 704 4625 advixerit,
727 4550 822 4612 MSS.
844 4568 909 4608 var.
954 4545 980 4580 ¹¹
992 4545 1159 4619 donatarii,
1182 4545 1252 4620 OA,
1274 4544 1341 4619 LA,
1365 4547 1432 4621 OC,
1457 4545 1535 4620 MG,
1558 4546 1631 4607 CM.
1677 4544 1783 4623 ¹²tali,
1808 4548 1885 4622 MG,
1909 4548 1983 4608 ΟΜ.

394 4654 513 4730 ²⁸Om.,
538 4653 617 4727 MG,
642 4652 715 4712 CM.
761 4649 904 4723 ²⁴etiam,
929 4648 967 4722 V,
993 4648 1060 4723 LA,
1085 4646 1152 4720 OC,
1178 4646 1256 4723 MG,
1282 4646 1356 4721 CM,
1382 4647 1455 4707 ΜΟ.
1503 4645 1787 4723 ¹⁵leoffamentum,
1813 4651 1882 4725 OB,
1908 4649 1984 4723 MA,

395 4757 472 4832 ΜΒ,
495 4755 563 4816 MG
590 4754 635 4830 (a.
660 4754 684 4813 f.
708 4751 802 4829 non),
826 4751 901 4825 CM,
925 4750 990 4811 OC.
1036 4745 1063 4781 ¹⁶
1075 4752 1185 4827 possit,
1209 4749 1248 4824 V,
1274 4749 1339 4822 LA,
1365 4748 1443 4823 MG,
1467 4750 1507 4823 Y,
1533 4749 1599 4810 OC.
1646 4747 1671 4785 ²²
1684 4750 1919 4827 usumfructum,
1944 4753 1985 4826 V,

394 4858 463 4932 OB,
483 4856 559 4932 MA,
578 4855 654 4928 MB,
674 4855 719 4926 Y;
740 4853 872 4927 fructus,
893 4851 970 4925 MG,
990 4851 1065 4925 CM,
1084 4850 1149 4910 ΟΟ.
1191 4848 1310 4923 ¹⁸Om.,
1331 4851 1400 4924 OB,
1421 4852 1497 4925 MA,
1518 4853 1594 4926 ΜΒ,
1616 4853 1682 4926 LA,
1704 4854 1777 4913 MC.
1820 4852 1846 4887 ²⁹
1858 4858 1984 4932 poterit,

395 4958 461 5031 LA,
482 4957 524 5032 Y,
544 4957 613 5029 OB,
634 4955 707 5015 MC.
751 4953 777 4987 ²⁰
789 4956 954 5032 principio,
977 4952 1055 5025 MG,
1076 4953 1149 5013 CM.
1194 4950 1322 5028 ²²idem,
1345 4953 1414 5028 OB,
1436 4953 1511 5029 MA,
1534 4954 1611 5030 ΜΒ,
1632 4955 1671 5015 Υ.
1714 4953 1833 5030 ‘'Om,
1855 4956 1895 5032 V,
1918 4957 1985 5030 LA,

396 5059 459 5118 ΜΒ
468 5080 476 5131 ;
501 5065 632 5130 tantum,
655 5056 720 5117 OC.
767 5053 793 5087 ²⁸
804 5074 874 5132 pro,
898 5053 965 5128 ΟΕ,
990 5052 1068 5126 MG,
1093 5054 1173 5126 CM;
1198 5073 1254 5131 per
1279 5053 1371 5131 quod,
1396 5054 1462 5115 OC.
1509 5053 1723 5131 ²⁴secundum,
1748 5058 1788 5134 V,
1813 5058 1882 5134 OB,
1908 5061 1985 5134 ΜΒ,

395 5158 468 5219 ΜΟ.
504 5154 1006 5230 ²⁴‘²⁶secundumfeoffamentum,
1021 5155 1096 5215 MA.
1131 5151 1157 5186 ²⁸
1169 5157 1311 5231 reiectus,
1326 5156 1395 5229 OA,
1410 5155 1476 5231 ΟΕ,
1491 5158 1558 5232 LA,
1573 5159 1651 5233 MG,
1665 5160 1740 5234 CM,
1756 5161 1828 5221 ΜΟ.
1865 5158 1984 5235 ²⁷Om,

395 5259 434 5336 V,
453 5260 520 5321 OB.
562 5257 588 5292 ²⁸
600 5254 805 5336 recuperabit,
824 5257 864 5332 V,
884 5256 953 5331 OB,
971 5257 1053 5327 MB;
1073 5260 1278 5333 recuperavit,
1299 5257 1363 5317 ΟΕ.
1406 5255 1555 5334 ²⁹raleat,
1576 5260 1615 5335 V,
1635 5261 1706 5334 LA,
1723 5263 1790 5336 ΟΟ,
1812 5262 1889 5337 MG,
1909 5264 1985 5339 ΟΜ,

395 5361 469 5422 ΜΟ.
505 5359 532 5394 ⁸⁰
543 5364 625 5438 quia,
638 5361 679 5435 V,
694 5358 770 5432 MA,
785 5359 862 5433 ΜΒ,
877 5358 950 5419 ΟΜ.
986 5355 1012 5391 ⁸¹
1024 5365 1059 5418 ut
1073 5355 1204 5432 habetis,
1219 5357 1259 5433 V,
1275 5360 1344 5434 OB,
1359 5359 1435 5435 ΜΒ,
1452 5359 1519 5435 ΟΕ,
1534 5361 1579 5434 Υ;
1595 5370 1628 5423 et
1642 5370 1687 5436 ut,
1704 5363 1778 5423 MA
