4374 6366
743 465 805 526 DE
828 464 1031 526 PLACITIS
1055 464 1244 528 CORONAE
1717 475 1790 543 449

202 617 286 715 gios
307 640 386 691 non
407 616 575 703 detenta,
596 615 629 691 si
649 612 764 691 cum²⁹
787 624 892 691 secta
912 614 1031 692 fuerit
1052 616 1284 704 examinata,
1306 641 1385 692 non
1408 618 1611 695 concordet
1634 642 1704 694 nec
1727 618 1790 695 de·

203 744 325 833 ponat
353 734 562 810 secundum
588 732 839 810 intentionem
867 733 1072 831 querentis,
1099 734 1189 832 quia
1217 734 1322 810 forte
1348 734 1440 811 dicit
1467 735 1704 812 contrarium
1730 736 1792 812 vel

203 852 408 940 diversum,
426 851 487 927 vel
506 851 596 951 quia
612 850 706 926 nihil
724 849 821 927 scit⁸⁰
839 851 911 926 nisi
930 851 977 928 de
996 850 1143 941 auditu,
1163 851 1225 928 vel
1243 850 1373 950 quod⁸²
1393 851 1486 928 nihil
1506 861 1636 930 acum
1655 853 1732 930 fuit
1750 853 1792 929 in

203 969 407 1069 praesentia
425 995 557 1047 eorum
577 969 642 1069 qui
660 969 941 1068 producuntur,
959 976 1053 1044 tunc
1071 969 1134 1046 ille
1154 970 1202 1047 de
1221 996 1297 1068 quo
1317 969 1492 1069 queritur
1509 969 1690 1047 recedat⁸⁸
1711 970 1792 1046 sine

203 1087 275 1164 die.

302 1207 407 1283 Sunt
427 1206 542 1283 etiam
562 1203 705 1282 catalla
722 1228 808 1303 qaoe
827 1214 1016 1303 petantur
1035 1205 1105 1282 aab
1127 1205 1280 1283 nomine
1299 1205 1515 1283 avariorem
1536 1231 1624 1282 eam
1645 1208 1791 1306 quirin

302 1325 383 1401 solo
400 1323 524 1402 alieno
539 1324 676 1419 fecerit
693 1348 792 1422 opem
809 1323 1070 1418 manifestam,
1086 1325 1119 1401 ai
1134 1325 1393 1401 instromenta
1408 1349 1480 1401 sao
1496 1325 1595 1402 sicot
1612 1325 1792 1402 atenalio

302 1443 507 1541 capiantur
523 1442 633 1540 quasi
647 1441 690 1520 io
706 1441 877 1518 namium
893 1450 1056 1540 propter
1074 1441 1223 1519 delicto.

204 1560 324 1637 Sunr
346 1561 463 1636 etiam
483 1559 625 1636 catalla
647 1585 731 1658 quae
753 1559 960 1659 aliquando
982 1568 1171 1659 petuntur
1193 1559 1264 1636 sub
1287 1561 1440 1637 nomine
1463 1561 1680 1639 averiorum
1703 1587 1791 1638 cum

202 1679 286 1779 quis
302 1679 342 1754 in
359 1679 440 1755 solo
457 1678 580 1754 alieno
597 1703 695 1778 opus
714 1678 848 1754 fecerit
865 1676 1155 1767 manifestum,⁸⁸
1171 1687 1216 1754 ut
1235 1679 1265 1753 si
1283 1679 1503 1755 howiaverit
1521 1679 1583 1754 vel
1600 1678 1791 1758 fossatum

201 1795 336 1874 fecerit
356 1795 445 1872 vel⁸‘
465 1820 644 1872 carucam
664 1796 874 1885 immiserit,
895 1806 934 1873 et
955 1796 1171 1872 huiusmodi
1193 1796 1371 1872 utensilia
1391 1797 1453 1872 vel
1474 1797 1615 1873 catalla
1635 1797 1789 1896 capian-

200 1923 277 2004 tur,
292 1913 358 1992 et⁸⁵
372 1940 443 2014 per
455 1915 614 1992 vadium
626 1924 664 1991 et
678 1914 825 2013 plegios
840 1916 1032 2012 denegata
1045 1939 1133 1990 cum
1146 1924 1343 2013 petantur,
1360 1923 1398 1992 et
1413 1915 1619 1991 vicecomes
1634 1915 1695 1991 vel
1709 1914 1789 1991 bol-

200 2034 299 2110 livus
317 2035 366 2110 ad
384 2034 578 2132 querelam
594 2034 673 2110 eius
690 2034 797 2109 cuius
815 2034 962 2109 fuerint
978 2033 1045 2109 illa
1062 2033 1328 2109 deliberaverit
1345 2059 1466 2132 usque
1485 2033 1536 2107 ad
1552 2033 1788 2121 comitatum,

200 2151 266 2228 ubi
288 2177 376 2228 cum
397 2160 534 2251 captor
556 2152 696 2228 dixerit
718 2152 822 2249 quod
839 2149 943 2227 'iuste
965 2160 1082 2250 capta
1105 2150 1181 2226 sint
1205 2159 1367 2249 propter
1390 2175 1488 2248 opus
1511 2148 1789 2226 menifestum⁸'

200 2270 241 2346 in
256 2271 381 2347 fundo
397 2280 435 2347 et
451 2270 532 2347 solo
548 2296 616 2346 suo
632 2269 772 2345 iniuste
787 2278 923 2345 contra
937 2269 1177 2345 voluntatem
1194 2293 1314 2357 suam,
1331 2277 1371 2345 et
1388 2268 1484 2345 alius
1501 2268 1604 2344 dicat
1621 2267 1790 2344 fundum

199 2389 309 2465 illum
329 2415 410 2465 esse
431 2413 561 2466 suum:
582 2389 672 2486 quia
693 2387 797 2464 istud
818 2387 947 2485 tangit
966 2387 1129 2463 liberum
1150 2395 1423 2475 tenementum,
1445 2409 1516 2462 nee
1538 2385 1623 2461 sciri
1645 2385 1789 2483 poterit

199 2506 285 2605 quis
302 2532 434 2583 eorum
451 2505 627 2584 dominus
645 2507 706 2596 sit,
722 2530 792 2582 nec
808 2505 1013 2582 comitatus
1030 2513 1263 2603 potestatem
1279 2503 1395 2580 habet
1412 2503 1677 2601 cognoscendi,
1694 2512 1789 2580 tunc

199 2625 474 2701 recurrendum
497 2624 571 2701 erit
596 2624 647 2700 ad
671 2623 828 2701 assisam
853 2649 961 2698 novae
985 2622 1189 2699 disseisinoe
1215 2621 1419 2721 perillum
1444 2622 1510 2719 qui
1536 2622 1721 2720 queritur,
1749 2631 1788 2700 et

198 2752 445 2821 retornentur
462 2741 641 2819 utensilia
659 2748 698 2820 et
715 2741 843 2818 averia
861 2741 913 2818 sic
932 2748 1059 2839 capta,
1078 2749 1116 2818 et
1135 2748 1225 2816 ante
1243 2740 1462 2839 captionem
1481 2740 1605 2817 assisae
1624 2764 1703 2816 non
1723 2740 1786 2817 de·

198 2861 420 2938 liberentur.
440 2861 499 2938 Et
515 2861 568 2938 sic
585 2861 655 2938 fiat
673 2861 721 2937 de
739 2858 933 2938 similibus.

198 3059 225 3096 ²⁹
236 3068 349 3136 tamen,
366 3062 432 3135 LA,
448 3062 488 3135 Y,
504 3061 582 3137 MG,
598 3061 671 3122 MC.
709 3057 736 3094 ⁸⁰
749 3059 834 3135 fecit,
850 3060 918 3136 OC,
935 3059 1018 3132 MG;
1035 3063 1087 3135 sit,
1103 3059 1167 3120 Mc
1174 3081 1183 3131 ;
1205 3058 1283 3137 (non
1300 3061 1369 3132 scit,
1386 3057 1455 3132 OB,
1471 3057 1553 3129 MA;
1571 3078 1600 3118 n
1619 3060 1672 3130 sit,
1689 3054 1785 3133 ΜΒ).

197 3160 223 3195 ⁸¹
236 3165 318 3239 quie,
336 3162 375 3237 V,
394 3162 470 3237 MA,
489 3162 528 3223 Y.
568 3159 595 3195 ⁸²
607 3161 739 3237 recedet,
759 3161 835 3236 MA,
853 3161 892 3222 Y.
933 3158 960 3194 ⁸⁸
972 3159 1171 3220 manifestum
1189 3161 1239 3220 vel
1258 3158 1479 3232 manufactum,
1499 3159 1543 3231 V;
1564 3158 1785 3233 manufactum,

198 3261 266 3337 OA,
287 3262 355 3336 LA,
375 3263 448 3324 MC.
488 3260 605 3335 ⁸⁴oum,
626 3262 694 3336 OA,
715 3262 784 3338 OB,
804 3261 881 3337 ΜΒ,
901 3261 968 3336 CE,
989 3260 1063 3322 CM.
1105 3258 1131 3293 ⁸⁶
1144 3260 1224 3337 Om,
1246 3259 1315 3334 ΟΒ,
1335 3260 1411 3334 MA,
1433 3260 1509 3334 ΜΒ,
1530 3260 1598 3334 CE,
1620 3261 1694 3334 CM,
1716 3260 1783 3322 OA.

198 3359 224 3396 ⁸⁰
235 3361 456 3438 manufactum,
474 3361 543 3438 OA,
560 3361 627 3436 LA,
645 3362 718 3423 MC.
