4392 6352
779 525 840 584 DE
865 525 1068 587 PLACITIS
1091 525 1280 588 COBONAE
1753 538 1826 607 861

238 683 377 773 quarto
388 673 575 748 comitatu
586 699 666 750 non
677 674 895 751 admittitur
907 675 1099 755 essonium
1111 677 1269 754 alicuius
1283 678 1481 777 appellati,
1495 704 1565 756 nec
1579 681 1703 756 audiri
1716 681 1830 759 debet

239 795 323 895 quis
345 795 476 872 volens
498 796 618 873 talem
638 823 894 897 manucapere
917 825 1038 897 usque
1061 800 1111 875 ad
1134 800 1252 876 alium
1275 801 1511 890 comitatum,
1536 803 1608 879 nisi
1632 805 1735 881 forte
1758 806 1830 880 hoc

238 927 336 998 esset
351 945 399 995 ex
412 929 606 1018 praecepto
619 920 763 996 domini
777 920 878 1018 regis
892 922 996 1019 quod
1010 921 1138 1021 potius
1153 932 1252 999 esset
1266 923 1528 1000 voluntarium
1541 951 1659 1024 quam
1672 926 1827 1003 iustum.

337 1043 415 1120 lile
429 1044 478 1121 de
490 1043 615 1138 forcia
628 1069 707 1120 ooo
722 1055 780 1121 eat
794 1044 1094 1143 interrogandae
1109 1047 1231 1124 donec
1245 1046 1395 1141 factam
1411 1049 1671 1126 contincatur.

239 1167 344 1244 Cum
357 1177 487 1244 autem
500 1168 612 1244 ambo
625 1178 751 1246 essent
763 1170 997 1268 praesentes²²
1010 1180 1055 1247 ut
1067 1171 1295 1270 pradictum
1308 1180 1377 1261 est,
1392 1173 1454 1249 ille
1468 1175 1516 1249 de
1530 1174 1651 1250 forcia
1664 1200 1743 1250 non
1756 1174 1829 1252 erit

238 1289 536 1388 interrogandus
551 1290 672 1367 donec
689 1293 838 1369 factum
855 1293 1115 1381 convincatur,
1133 1319 1220 1370 cum
1237 1295 1268 1372 si
1286 1318 1452 1394 praesens
1470 1306 1568 1373 esset
1585 1322 1665 1372 non
1681 1305 1828 1373 tenere-

238 1424 304 1491 tur
318 1416 426 1514 prius
441 1415 684 1513 respondere,
701 1440 770 1490 nec
786 1415 869 1512 agit
884 1423 1018 1492 contra
1034 1417 1162 1515 ipsum
1179 1417 1307 1515 aliqua
1323 1418 1584 1517 praesumptio.
1602 1420 1660 1496 Et
1676 1421 1754 1495 haec
1771 1428 1829 1496 est

238 1537 337 1614 ratio
356 1538 458 1614 forte
476 1537 566 1636 quia
583 1537 788 1636 prasentia
804 1549 962 1615 excusat
981 1565 1068 1615 eum
1087 1548 1126 1615 et
1145 1540 1243 1636 iuga
1260 1541 1458 1618 induceret
1477 1542 1827 1640 presumptionem.

241 1659 319 1735 Sed
334 1661 407 1735 erit
422 1659 511 1736 talis
528 1685 599 1759 per
614 1661 762 1759 plegios
779 1661 1030 1738 dimittendus
1048 1661 1145 1738 sicut
1161 1688 1242 1739 esse
1259 1662 1415 1739 deberet
1434 1664 1464 1740 si
1482 1672 1644 1762 uterque
1661 1689 1828 1763 praesens

239 1793 348 1860 esset.
367 1785 425 1859 Et
441 1783 507 1858 ubi
523 1782 586 1860 ille
602 1785 650 1860 de
667 1784 773 1860 facto
791 1808 870 1859 non
887 1792 944 1860 est
962 1783 1230 1882 replegiabilis,
1248 1783 1340 1860 ille²²
1357 1785 1406 1860 de
1424 1785 1546 1861 forcia
1564 1812 1635 1885 per
1651 1785 1828 1885 plegios¹⁸

238 1905 298 1981 vel
312 1931 385 2004 per
396 1904 584 1982 ballivos²⁴
598 1906 818 1983 dimittatur
831 1906 952 1982 donec
967 1905 1186 2005 appellatus
1202 1908 1250 1983 de
1265 1908 1371 1983 facto
1386 1933 1424 1984 se
1441 1908 1658 1984 defenderit
1673 1908 1735 1984 vel
1750 1935 1829 1984 non

238 2029 467 2118 defenderit,
481 2029 571 2128 quia
584 2028 650 2104 ubi
665 2029 813 2105 factum
826 2028 878 2104 ibi
892 2029 1036 2127 poterit
1050 2055 1130 2106 esse
1143 2030 1265 2105 forcia
1280 2031 1520 2129 quandoque,
1536 2032 1604 2107 sed
1618 2056 1829 2130 numquam

239 2153 362 2228 forcia
382 2153 462 2228 sine
483 2153 601 2240 facto,
624 2152 714 2251 quia
735 2151 800 2227 ubi
822 2151 1035 2250 principale
1057 2176 1135 2227 non
1156 2152 1328 2229 consistit
1351 2177 1420 2227 nec
1442 2179 1487 2229 ea
1509 2178 1593 2251 quae
1616 2162 1830 2251 sequuntur

238 2273 365 2350 locum
382 2274 522 2350 habere
539 2274 691 2362 debent,
709 2273 807 2351 sicut
824 2274 898 2349 dici
917 2275 1060 2373 poterit
1079 2273 1126 2350 de
1145 2284 1349 2373 precepto,
1369 2275 1663 2375 conspiratione,
1682 2286 1721 2353 et
1740 2301 1828 2352 con·

239 2397 440 2475 similibus:
458 2397 631 2496 quamvis
648 2396 864 2472 huiusmodi
881 2422 962 2473 esse
979 2395 1155 2496 possint¹⁶
1173 2397 1289 2473 etiam
1308 2397 1388 2473 sine
1406 2398 1523 2486 facto,
1542 2407 1580 2474 et
1600 2399 1829 2497 quandoque

238 2521 456 2620 puniuntur
478 2521 509 2596 si
534 2520 682 2595 factum
705 2519 971 2617 subsequatur.
999 2519 1076 2595 Sed
1099 2519 1180 2595 sine
1204 2520 1309 2595 facto
1333 2546 1423 2608 non,
1448 2520 1559 2595 iuxta
1582 2519 1695 2597 illud:
1722 2521 1829 2610 Quid

239 2642 341 2719 enim
355 2642 483 2718 obfuit
499 2651 659 2718 conatus
675 2667 762 2718 cum
779 2641 917 2717 iniuria
933 2641 1083 2717 nullum
1099 2641 1233 2718 habuit
1250 2642 1444 2719 effectum.
1464 2643 1549 2719 Nec
1566 2643 1682 2720 etiam
1699 2643 1829 2719 obesse

239 2767 379 2844 debent
396 2773 644 2865 praeceptum,
662 2763 907 2863 conspiratio,
926 2773 964 2840 et
981 2764 1180 2840 consilium
1197 2764 1269 2842 nisi
1287 2765 1435 2840 iactum
1453 2764 1718 2863 subsequatur.

340 2890 441 2968 Cam
459 2899 589 2967 autem
606 2898 769 2988 uterque
785 2911 955 2988 proeacna
971 2888 1092 2983 faerit
1111 2898 1150 2964 et
1166 2887 1230 2966 ille
1248 2889 1297 2965 de
1313 2887 1420 2982 facto
1440 2888 1646 2975 convictas,
1664 2887 1831 2987 qualiter

339 3008 390 3086 ait
404 3008 690 3107 procedendum
707 3016 842 3084 contra
854 3006 964 3084 iliam
980 3007 1027 3083 dc
1042 3005 1176 3101 forcia

241 3132 347 3218 Cum
364 3141 494 3208 autem
507 3141 670 3230 uterque
685 3156 851 3231 praesens
867 3131 986 3207 luerit
1003 3140 1041 3206 et
1056 3131 1119 3206 ille
1136 3131 1183 3207 de
1200 3131 1306 3206 iacto
1323 3129 1400 3207 sive
1417 3156 1584 3229 praesens
1600 3129 1678 3207 sive
1695 3129 1830 3207 absens

240 3257 361 3333 luerit
376 3257 665 3344 condemnatus,
683 3263 845 3353 propter
861 3253 931 3328 hoc
948 3253 1011 3330 ille
1029 3254 1077 3330 de
1095 3253 1321 3329 sorciacum
1339 3278 1506 3352 praesens
1525 3252 1643 3329 fuerit
1662 3278 1741 3328 non
1756 3253 1830 3329 erit

239 3379 563 3466 condemnandus,
585 3378 651 3455 sed
671 3387 762 3475 aget
781 3402 936 3454 causam
956 3386 995 3453 et
1015 3403 1055 3452 se
1075 3376 1272 3464 defendat,
1293 3401 1382 3453 cum
1400 3374 1567 3451 habeat¹⁶
1590 3375 1829 3451 defensiones

240 3530 329 3581 suas
345 3503 516 3600 integras
534 3510 573 3577 et
591 3501 741 3576 factum
758 3500 902 3598 poterit
920 3524 1001 3576 esse
1018 3499 1099 3575 sine
1117 3499 1249 3574 forcia.
1268 3499 1326 3575 Et
1344 3498 1509 3597 qualiter
1527 3507 1689 3597 uterque
1708 3523 1748 3574 se
1767 3498 1830 3574 de·

241 3626 400 3703 lendere
418 3625 553 3701 debeat
571 3623 719 3699 dicetur
735 3622 841 3698 infra
857 3621 1008 3720 plenius
1026 3623 1074 3697 de
1092 3621 1266 3721 appellis.

342 3748 450 3843 Quid
467 3748 667 3846 utlagatus
683 3745 901 3840 forisfaciat
919 3769 990 3845 per
1008 3744 1300 3842 utlagationem.

241 3873 270 3949 f.
288 3872 406 3965 128b]
463 3872 568 3949 Cum
595 3869 679 3971 quis
704 3869 760 3945 ita
785 3868 905 3946 luerit
929 3868 1129 3966 utlagatus
1154 3868 1228 3944 rite
1253 3878 1292 3944 et
1319 3868 1530 3945 secundum
1554 3868 1679 3966 legem
1705 3877 1830 3956 terrae,

240 3995 449 4072 videndum
469 4019 552 4092 quae
572 3992 788 4069 forisfaciat
806 4017 878 4090 per
897 3991 1130 4090 utlagariam
1149 3987 1264 4065 cum²'
1285 3987 1365 4066 sic²⁸
1386 3997 1525 4089 quarto
1545 3989 1731 4065 vocatus¹⁹
1752 4013 1831 4064 non

241 4117 510 4216 comparuerit.
529 4117 588 4192 Et
606 4115 801 4192 sciendum
820 4115 923 4213 quod
940 4113 1127 4212 imprimis
1146 4111 1390 4189 forisfaciat²⁰
1409 4112 1577 4211 patriam
1596 4121 1635 4188 et
1654 4137 1830 4208 regnum,

241 4248 281 4316 et
305 4239 415 4315 exsul
440 4237 613 4326 efficitur,
638 4247 677 4314 et
699 4237 819 4313 talem
843 4245 983 4311 vocant
1008 4234 1167 4332 Anglici
1191 4234 1363 4332 utlaghe,
1391 4242 1429 4309 et
1455 4233 1530 4309 alio
1555 4233 1708 4309 nomine
1735 4232 1831 4308 solet

241 4360 457 4437 nominari²²
479 4360 702 4458 antiquitus,
724 4357 864 4434 scilicet
886 4356 1159 4445 frendlesman,
1181 4366 1220 4432 et
1241 4355 1293 4432 sic
1313 4355 1467 4430 videtur
1487 4355 1590 4453 quod
1612 4352 1830 4430 forisfacit²¹

242 4483 393 4560 amicos.
419 4484 477 4559 Et
502 4482 605 4558 unde
630 4482 661 4558 si
687 4481 771 4579 quis
796 4480 914 4557 talem
940 4488 1029 4577 post
1055 4477 1289 4576 utlagariam
1313 4487 1352 4554 et
1378 4477 1642 4576 expulsionem
1669 4477 1831 4553 scienter

241 4604 404 4703 paverit,
417 4603 683 4702 receptaverit,
697 4602 757 4677 vel
770 4627 858 4677 cum
870 4600 942 4677 eo²³
956 4601 1292 4676 communicaverit
1306 4600 1434 4697 aliquo
1448 4599 1574 4686 modo,
1589 4599 1650 4674 vel
1664 4598 1830 4674 occulta·

241 4727 340 4803 verit
351 4725 440 4802 vel²⁴
453 4723 746 4824 receptaverit,²⁶
761 4724 894 4801 eadem
908 4747 1024 4821 poena
1038 4722 1168 4821 puniri
1182 4721 1294 4797 debet
1309 4747 1386 4819 qua
1400 4720 1604 4819 puniretur
1619 4720 1830 4818 utlagatus,

241 4943 361 5020 uOm,
388 4943 466 5018 MG,
491 4944 547 5005 OC
577 4940 819 5019 (†abseutea).
866 4937 955 5002 ¹¹vel
979 4937 1044 5012 ille,
1069 4938 1138 5013 OA,
1164 4938 1231 5012 LA,
1257 4938 1326 5013 OB,
1354 4937 1430 5010 MA,
1457 4938 1534 5013 MB,
1561 4938 1635 5013 ΜΟ,
1662 4937 1729 5010 ΟΕ,
1756 4938 1829 4998 ΟΜ.

242 5042 445 5124 ¹³plevinam,
464 5044 533 5116 OB,
553 5042 629 5117 MA,
649 5043 725 5115 ΜΒ,
745 5043 819 5116 ΟΜ,
838 5041 876 5102 V.
917 5038 1113 5113 ²⁴ballirum,
1133 5039 1172 5114 V,
1192 5038 1261 5113 OB,
1281 5039 1358 5114 MA,
1378 5039 1455 5114 ΜΒ,
1476 5038 1550 5112 ΟΜ,
1571 5038 1610 5100 Y.
1652 5036 1679 5072 ²⁵
1691 5047 1831 5116 possunt,

242 5143 281 5220 V,
296 5144 363 5219 OC,
380 5144 454 5220 CM,
469 5144 510 5218 Y,
526 5143 599 5203 MC.
637 5140 787 5216 ¹⁸autem,
804 5141 962 5214 MG,OC.
1001 5138 1106 5200 ¹⁷⁴⁸ai
1123 5139 1406 5215 cumsit,V;cum
1423 5144 1474 5215 ait,
1491 5139 1585 5201 MSS.
1602 5161 1684 5213 ναις
1701 5161 1770 5202 cum
1787 5144 1831 5215 in,

242 5244 308 5307 OC.
350 5243 377 5278 ¹⁰
388 5251 526 5318 vocatur,
546 5242 615 5317 OA,
635 5243 704 5317 OB,
724 5242 792 5316 OC,
813 5242 888 5316 ΜΒ,
910 5242 984 5314 ΜΟ,
1006 5241 1084 5316 MG,
1104 5241 1184 5313 cM,
1204 5247 1332 5300 vocatur
1353 5247 1395 5314 et,
1416 5241 1491 5301 MA.
1535 5239 1561 5274 ¹⁰
1574 5240 1743 5319 forisfacit,
1764 5243 1831 5318 ΟΕ,

243 5344 323 5418 ΜΟ;
349 5344 435 5422 (om,
455 5364 513 5423 per
532 5343 588 5404 utl.
612 5389 620 5403 .
642 5386 651 5403 .
674 5387 682 5402 .
704 5346 854 5420 imprimis
877 5340 1065 5416 forisfaciat,
1086 5340 1172 5419 LA).
1216 5340 1241 5373 ²¹
1254 5345 1367 5416 vocari,
1388 5340 1458 5416 OB,
1481 5343 1557 5417 MA,
1580 5344 1655 5404 MB.
1700 5342 1727 5377 ¹⁸
1740 5343 1831 5405 loria-

243 5445 350 5520 iaciat,
367 5444 437 5520 OB,
453 5446 530 5520 ΜΒ,
548 5443 623 5518 ΟΜ,
639 5445 680 5519 Y,
698 5442 776 5516 MG,
793 5442 858 5505 OC.
898 5440 925 5476 ²⁸
936 5461 972 5504 co
989 5445 1132 5518 scienter,
1149 5442 1188 5503 V.
1227 5439 1292 5474 ²²²²²
1305 5442 1385 5516 Om.‚
1403 5445 1470 5518 OC,
1487 5444 1526 5506 Y.
