4432 6340
381 457 455 526 206
914 451 1136 513 BRACTON:
1159 453 1220 514 DE
1244 451 1436 514 LEGIBUS

381 625 543 701 corpore
565 626 634 678 suo
659 602 872 693 decesserit,
896 605 999 702 quod
1022 629 1110 680 cum
1133 603 1320 704 placitum
1344 604 1393 682 sit
1416 603 1457 680 in
1480 603 1587 680 curia
1609 613 1744 680 nostra
1766 603 1974 692 etoetera,“

232 827 239 836 ι
381 720 483 796 inter
495 720 624 818 ipsum
638 720 692 796 D.
708 729 747 798 et
761 722 985 820 praedictam
1000 722 1045 799 C.
1060 747 1222 799 uxorem
1237 722 1318 800 eius
1334 748 1382 799 ex
1397 747 1477 798 una
1491 729 1603 822 parte
1619 730 1658 800 et
1672 723 1838 800 eundem
1854 724 1907 799 A.
1923 749 1973 801 ex

382 839 544 929 altera,⁶⁶
565 850 604 917 et
625 838 700 939 ipsi
719 839 773 916 D.
795 848 834 916 et
856 841 900 917 C.
922 840 963 915 in
985 841 1118 918 eodem
1139 841 1282 940 placito
1305 839 1467 917 fecerint
1488 848 1741 930 attornatum‚
1764 851 1803 918 et
1825 842 1876 919 ad
1898 843 1973 918 cla·

379 983 527 1035 morem
544 958 663 1056 ipsius
679 956 762 1034 A.⁸⁸
778 968 817 1035 et
832 958 1044 1036 multarum
1061 959 1247 1057 gentium,
1265 958 1396 1037 habita
1413 958 1621 1057 aliquando
1638 959 1852 1057 suspicione
1869 961 1973 1058 quod

381 1077 516 1154 eadem
530 1077 575 1162 C.
591 1087 745 1154 mortua
760 1077 821 1166 sit,
836 1086 875 1155 et
891 1077 1036 1154 dictum
1052 1077 1101 1154 sit
1115 1075 1338 1154 multotiens
1355 1075 1587 1154 attornatis⁵²
1604 1075 1724 1176 ipsius
1741 1079 1786 1155 C.
1799 1080 1908 1179 -quod
1922 1080 1973 1157 ad

362 1201 365 1206 ’
382 1196 635 1295 suspicionem
649 1195 767 1272 talem
781 1197 992 1273 tollendam
1006 1197 1131 1295 ipsam
1146 1197 1403 1297 producerent
1418 1222 1548 1273 coram
1563 1197 1775 1274 iustitiariis
1791 1207 1830 1274 et
1845 1197 1974 1274 vivam

382 1314 617 1404 exhiberent,
643 1315 718 1414 ipsi
743 1339 830 1391 eam
855 1315 1075 1391 nullatenus
1103 1312 1400 1414 produxerint,⁸⁸
1427 1324 1590 1414 propter
1617 1316 1721 1414 quod
1747 1316 1825 1392 iam
1851 1315 1974 1393 maior

383 1433 542 1510 suborta
561 1443 619 1510 est
637 1432 801 1531 suspicio
819 1458 936 1532 quam
955 1431 1102 1510 solebat
1121 1433 1223 1532 quod
1242 1418 1397 1509 mortua
1416 1433 1478 1521 sit,
1497 1442 1538 1510 et
1555 1458 1659 1510 mors
1678 1435 1758 1510 eius
1778 1435 1975 1511 concelata

383 1551 433 1628 ed
454 1551 788 1658 exheredationem
809 1551 929 1652 ipsius
952 1552 1004 1627 A.
1028 1552 1087 1628 Et
1109 1551 1194 1628 ideo
1216 1577 1264 1628 ne
1287 1550 1437 1628 falsitas
1459 1552 1614 1629 veritati
1636 1554 1880 1651 praeferatur,
1904 1552 1974 1630 tibi

382 1669 625 1769 precipimus
655 1671 759 1768 quod
790 1668 997 1769 assumptis
1027 1678 1155 1745 tecum
1185 1679 1353 1768 quatuor
1382 1669 1567 1747 militibus
1597 1671 1647 1747 de
1676 1672 1863 1748 comitatu
1892 1681 1973 1760 tuo,

383 1813 479 1888 quos
501 1789 551 1864 ad
572 1788 643 1864 hoc
662 1788 805 1889 legales
827 1815 909 1865 esse
929 1789 1082 1877 videris,
1103 1789 1145 1864 in
1167 1788 1328 1888 propria
1349 1813 1516 1888 persona
1537 1797 1608 1865 tua
1629 1789 1742 1866 simul
1765 1815 1853 1866 cum
1877 1815 1973 1891 prae·

383 1906 485 1982 dicto
506 1907 560 1983 A.
583 1907 740 1984 accedas
763 1908 869 2007 apud
890 1908 1009 1984 talem
1029 1905 1156 1984 locum
1179 1907 1244 1983 ubi
1267 1907 1452 2007 predicto
1474 1909 1521 1992 C.
1544 1932 1694 1985 moram
1717 1908 1824 1997 facit,
1848 1907 1973 1986 sicut'’

383 2026 569 2102 attornati
594 2027 651 2102 sui
676 2025 717 2102 in
740 2025 846 2102 curia
869 2023 1030 2101 nostra⁶⁰
1054 2051 1181 2124 nuper
1203 2025 1508 2123 cognoverunt,⁸²
1533 2036 1572 2104 et
1596 2024 1708 2103 eom⁰²
1734 2053 1758 2103 a
1782 2026 1974 2126 praedictis

383 2146 412 2221 f.
428 2147 497 2239 71]
551 2144 736 2221 militibus
758 2143 870 2220 simul
890 2168 979 2220 cum
1000 2144 1183 2243 praedicto
1204 2145 1256 2220 A.
1278 2154 1317 2221 et
1339 2145 1421 2221 aliis
1443 2171 1538 2243 quos
1559 2145 1661 2222 idem
1680 2146 1734 2221 A.
1756 2146 1804 2223 de
1826 2145 1974 2223 familia

383 2290 453 2340 sua
473 2288 600 2340 secum
620 2264 796 2352 adducet,
806 2262 913 2339 eam²
934 2262 1055 2338 videri
1075 2261 1195 2339 facias
1216 2263 1246 2339 si
1268 2263 1392 2338 adhuc
1412 2273 1607 2361 superstes
1628 2263 1678 2340 sit
1695 2273 1737 2340 et
1756 2265 1861 2340 viva:
1882 2273 1921 2342 et
1942 2265 1974 2340 si

381 2383 470 2459 viva
486 2383 547 2471 sit,
563 2392 657 2459 tunc
673 2383 713 2458 in
729 2408 806 2481 quo
823 2391 928 2458 statu
946 2407 1030 2458 eam
1047 2381 1247 2470 inveneris,
1265 2391 1304 2458 et
1321 2381 1531 2458 secundum
1548 2382 1652 2481 quod
1670 2408 1754 2458 eam
1772 2381 1973 2471 inveneris,

383 2510 506 2577 certos
526 2501 665 2577 reddas
684 2524 754 2577 nos
775 2499 849 2575 vel²
871 2498 1093 2576 iustitiarios
1114 2507 1266 2577 nostros
1288 2501 1357 2576 tali
1377 2498 1461 2576 loco
1481 2499 1551 2577 tali
1572 2500 1645 2590 die,
1667 2501 1875 2589 evidenter,
1898 2501 1972 2577 dis·

382 2619 502 2696 tincte
525 2629 564 2696 et
587 2627 732 2718 aperte,
756 2644 828 2717 per
849 2619 998 2695 litteras
1020 2627 1109 2694 tuas
1133 2618 1319 2716 sigillatas
1344 2619 1469 2716 sigillo
1493 2627 1562 2694 tuo
1586 2629 1625 2696 et
1650 2617 1783 2717 sigillis
1807 2628 1974 2718 quatuor

382 2737 548 2816 militum
567 2737 849 2839 praedictorum.
870 2737 930 2814 Et
948 2737 1089 2813 habeas
1109 2735 1174 2812 ibi·
1194 2737 1352 2814 nomina
1370 2737 1538 2814 militum
1557 2746 1596 2814 et
1615 2737 1687 2812 hoc
1707 2738 1832 2814 breve.
1856 2739 1974 2814 Teste

382 2865 560 2933 etoetera.

481 2981 508 3056 1
509 2987 587 3056 tem
608 3003 696 3056 cum
716 3001 829 3056 veras
849 2979 957 3056 heres
977 2988 1152 3056 mortona
1173 2979 1223 3056 ot
1244 2988 1283 3056 et
1303 2987 1550 3078 supponatur
1571 2979 1669 3056 olias
1690 3005 1715 3055 a
1735 2979 1893 3056 motodc
1914 2977 1975 3055 vel

482 3099 621 3176 marito
636 3097 918 3193 fraudulenter.
1625 3189 1626 3192 Ἴ

382 3223 494 3299 Iram
513 3246 601 3298 cum
618 3221 813 3320 legitimus
831 3220 940 3298 heres
959 3229 1134 3298 mortuus
1155 3221 1275 3298 fuerit
1294 3221 1334 3297 in
1353 3221 1527 3298 custodia
1545 3221 1720 3320 capitalis
1740 3221 1885 3297 domini
1905 3220 1972 3295 ali·

381 3340 501 3430 cuius,
527 3350 567 3417 et
592 3339 656 3416 ille
681 3340 859 3416 dominus
886 3339 1061 3439 capitalis
1088 3339 1206 3416 alium
1233 3348 1462 3417 extraneum
1488 3341 1736 3438 supposuerit
1763 3340 1845 3415 loco
1872 3338 1973 3426 talis,

382 3471 476 3539 tunc
492 3462 542 3537 ad
558 3461 754 3560 querelam
769 3459 849 3537 veri
866 3459 1014 3538 heredis
1030 3459 1090 3537 vel
1108 3460 1265 3538 alterius
1283 3461 1386 3538 forte
1405 3460 1455 3536 ad
1473 3487 1586 3560 quem
1603 3459 1811 3561 pertineat⁴
1828 3460 1973 3536 heredi·

382 3593 443 3660 tas
457 3591 503 3660 ut
516 3582 689 3671 eschaeta,
705 3592 750 3659 ut
765 3580 797 3658 si
812 3608 924 3658 verus
939 3581 1061 3657 heres'
1078 3580 1144 3680 qui
1159 3590 1335 3659 mortuus
1351 3590 1409 3658 est
1424 3590 1574 3658 teneret
1591 3583 1638 3658 de
1654 3582 1809 3658 domino
1826 3607 1917 3680 rege
1934 3581 1974 3657 in

383 3703 509 3804 capite
525 3703 586 3780 vel
602 3705 650 3780 de
666 3703 753 3793 alio,
769 3711 863 3779 tunc
879 3703 949 3780 fiat
964 3702 1043 3780 tale
1060 3702 1173 3779 breve
1190 3702 1230 3778 in
1248 3728 1413 3803 persona
1431 3701 1543 3800 regis.

483 3827 610 3904 Breve
625 3827 658 3904 ai
674 3826 864 3904 hereditas
880 3825 1028 3902 heredia
1044 3827 1187 3903 mortui
1202 3825 1341 3902 debeat
1356 3850 1437 3903 csse
1454 3822 1617 3902 esctoeta
1632 3823 1778 3902 domitat
1793 3825 1906 3923 repis.

382 3951 480 4027 Rax
498 3949 709 4026 vicecomiti
728 3948 903 4026 salutem.
924 3948 1098 4046 Praecipe
1117 3949 1171 4024 A.
1191 3957 1230 4026 et
1249 3949 1298 4024 Β.
1319 3948 1431 4024 uxori
1452 3947 1533 4025 eius
1553 3948 1657 4046 quod
1676 3947 1775 4024 iuste
1796 3957 1974 4034 etoetera,

383 4071 548 4148 reddant
570 4070 680 4146 nobis
702 4079 853 4147 tantam
875 4079 1021 4147 terram
1043 4094 1131 4145 cum
1154 4070 1396 4168 pertinentiis
1420 4067 1600 4145 etoetera⁶
1625 4094 1741 4167 quam
1765 4068 1975 4144 clamamus

383 4200 428 4270 ut
449 4191 649 4270 eschaetam
669 4200 854 4280 nostram,
876 4201 915 4268 et
936 4190 1027 4290 quia
1048 4216 1089 4266 as
1110 4215 1181 4267 nos
1202 4189 1343 4265 reverti
1365 4189 1478 4266 debet
1498 4187 1556 4264 ut⁷
1580 4187 1740 4266 eschaeta
1761 4197 1906 4277 nostra,
1930 4214 1975 4265 eo

385 4313 488 4413 quod
503 4313 548 4389 C.
564 4312 644 4388 filia
658 4321 697 4389 et
710 4311 819 4388 heres
833 4310 888 4387 D.
904 4310 1032 4410 quide
1047 4309 1155 4387 nobis
1171 4310 1296 4388 tenuit
1312 4311 1352 4385 in
1368 4309 1495 4408 capite
1510 4309 1604 4385 obiit
1619 4309 1699 4386 sine
1714 4308 1864 4397 herede,
1880 4317 1920 4386 et
1935 4307 1975 4383 in

384 4458 502 4532 quam
516 4430 688 4531 praedicti
703 4432 756 4507 A.
774 4440 813 4507 et
828 4431 877 4506 Β.
894 4456 973 4507 non
987 4428 1129 4506 habent
1145 4429 1371 4527 ingressum,
1388 4429 1461 4505 nisi
1476 4455 1547 4529 per
1562 4428 1634 4504 hoc
1650 4428 1753 4528 quod
1769 4429 1975 4529 praedictus

383 4553 437 4628 A.
459 4551 682 4651 praedictam
702 4552 751 4627 B.
773 4550 885 4627 duxit
905 4550 946 4626 in
964 4575 1137 4638 uxorem,
1158 4556 1365 4648 postquam
1387 4547 1487 4625 falso
1509 4557 1548 4626 et
1569 4549 1620 4626 ad
1641 4547 1975 4625 exheredationem

385 4770 456 4831 “et
471 4791 551 4845 eum,
569 4770 638 4844 OB,
656 4770 732 4844 MA,
751 4769 827 4844 ΜΒ,
844 4771 885 4844 Y,
903 4767 969 4829 CB.
1008 4767 1035 4802 ⁸⁵
1047 4769 1121 4842 alia,
1137 4769 1207 4845 OA,
1226 4769 1293 4845 LA,
1312 4769 1385 4830 MC.
1425 4764 1452 4800 ⁸⁰
1465 4767 1512 4844 C.,
1530 4766 1599 4841 OB,
1619 4768 1695 4843 MA,
1715 4767 1791 4841 ΜΒ,
1811 4767 1888 4842 MG,
1909 4765 1975 4841 OE,

384 4873 426 4948 Y,
443 4871 481 4934 V.
520 4869 727 4950 ‘'attornato,
745 4871 823 4946 MG,
843 4873 907 4934 MC
930 4871 1057 4949 (corn),
1075 4871 1113 4931 V.
1153 4866 1181 4903 ⁸⁸
1191 4869 1415 4949 produxerunt,
1435 4870 1503 4946 OA,
1522 4870 1589 4943 LA,
1608 4868 1682 4944 MC,
1702 4867 1768 4928 ΟΕ.
1810 4865 1886 4942 ‘’si,
1906 4867 1975 4943 OB,

383 4975 461 5049 ΜΒ,
478 4975 554 5036 MA.
592 4972 619 5007 ⁸⁰
631 4973 712 5050 0m,
729 4973 799 5049 OB,
816 4974 892 5050 MA,
909 4972 984 5033 ΜΒ.
1024 4969 1051 5005 ⁸¹
1062 4977 1317 5050 recognoverunt,
1336 4971 1402 5046 OE,
1420 4970 1497 5045 ΜΒ,
1515 4970 1555 5054 Y,
1573 4970 1618 5043 V;
1636 4973 1881 5048 recognoverint,
1900 4969 1974 5040 OB;

383 5080 572 5155 cognoverit,
588 5076 663 5137 MC.
701 5073 880 5152 ‘'eandem,
896 5073 972 5148 MC,
989 5071 1056 5134 LA.

467 5178 569 5253 ²eam,
585 5177 655 5252 OA,
672 5178 740 5252 OC,
759 5176 826 5252 ΟΕ,
843 5177 910 5250 LA,
928 5175 1003 5249 CM,
1022 5176 1101 5248 MC;
1118 5179 1223 5252 ettam,
1241 5173 1311 5248 OB,
1330 5174 1405 5247 MA,
1425 5173 1501 5247 ΜΒ,
1520 5173 1565 5246 Υ;
1583 5178 1626 5247 et,
1645 5173 1724 5248 MG,
1742 5173 1780 5233 V.
1821 5169 1887 5245 ὀὶ,
1907 5170 1975 5245 ΟΒ,

385 5279 461 5355 MA,
479 5279 554 5340 ΜΒ.
593 5277 699 5355 ⁸Om.,
717 5278 786 5353 OB,
805 5278 881 5352 MA,
899 5278 976 5353 ΜΒ,
994 5277 1061 5338 LA.
1100 5275 1271 5354 *pertinet
1290 5274 1359 5350 OB,
1379 5275 1455 5348 MA,
1475 5275 1551 5350 ΜΒ,
1571 5275 1612 5348 Υ,
1630 5273 1669 5334 Υ.
1711 5271 1887 5348 ‘domiuus
1906 5271 1975 5346 OB,

386 5381 462 5456 MA,
477 5382 552 5441 ΜΒ.
590 5377 706 5454 ‘inter,
721 5380 790 5454 OB,
807 5380 884 5454 MA,
899 5377 974 5438 ΜΒ.
1012 5377 1199 5455 'tamquam
1215 5376 1284 5452 OA,
1300 5377 1367 5451 LA,
1383 5376 1450 5451 OC,
1466 5377 1539 5438 MC.
