4394 6342
629 483 691 546 DE
713 482 1016 556 ADQUIRENDO
1039 483 1196 546 RERUM
1219 483 1422 548 DOMINIO
1772 493 1821 562 69

232 661 292 712 res
313 635 408 711 data
426 634 590 710 liberum
610 642 886 723 tenementum,
906 643 947 712 et
967 643 1183 711 revertetur
1204 634 1255 710 ad
1277 635 1516 724 donatorem,
1539 635 1714 713 omnihus
1738 637 1821 714 aliis

230 753 432 830 heredibus
444 752 618 841 exclusis,
630 777 718 828 cum
730 778 810 828 non
821 753 871 830 sit
882 751 1093 829 condicioni
1107 752 1361 842 satisfactum,
1376 761 1415 829 et
1428 754 1481 830 sic
1494 753 1720 852 adiungitur
1732 779 1821 830 con·

232 871 330 948 dicio
344 896 433 947 eum
444 869 572 948 modo.
590 873 693 949 Item
708 871 792 947 fieri
808 871 952 970 poterit
968 872 1126 948 donatio
1141 871 1225 948 viro
1240 882 1279 949 et
1294 871 1407 948 uxori
1423 872 1549 961 simul,
1565 882 1605 949 et
1621 872 1821 950 heredibus

227 989 359 1066 uxoris
370 997 525 1066 tanturn
536 1013 608 1088 per
618 989 777 1064 modum
788 988 1017 1077 donationis,
1029 998 1069 1066 et
1082 989 1215 1066 eodem
1226 991 1341 1066 modo
1352 989 1436 1066 viro
1448 999 1489 1066 et
1499 991 1612 1066 uxori
1624 1000 1663 1067 et
1675 989 1821 1066 heredi·

230 1107 301 1184 bus
313 1107 385 1183 viri
395 1116 561 1184 tantum.
577 1109 680 1183 Item
692 1107 775 1183 viro
787 1117 826 1184 et
837 1109 950 1183 uxori
962 1117 1001 1184 et
1013 1107 1214 1184 heredibus
1227 1107 1491 1186 communibus
1504 1107 1563 1202 si¹⁹
1575 1109 1672 1186 tales
1686 1109 1822 1186 extite-

230 1224 321 1314 rint,
334 1225 397 1301 vel
410 1224 468 1302 si⁸⁰
482 1251 562 1302 non
573 1224 784 1314 extiterint,
797 1236 892 1303 tunc
905 1225 1107 1303 heredibus
1122 1225 1202 1303 eius
1217 1227 1283 1324 qui
1298 1227 1417 1303 alium
1432 1226 1699 1324 supervixerit.
1718 1230 1822 1304 Item

230 1344 314 1420 fieri
326 1353 490 1443 possunt
504 1343 729 1420 donationes
743 1343 814 1420 sub
827 1345 942 1421 modo
956 1355 995 1422 et
1010 1345 1159 1421 adiecta
1172 1345 1404 1434 condicione,
1418 1355 1464 1422 ut
1479 1345 1511 1421 si
1525 1347 1628 1423 dicat
1641 1346 1738 1444 quis,
1752 1346 1821 1424 Do

230 1460 300 1539 toli
312 1469 463 1540 tantam
476 1471 619 1539 terram
631 1471 810 1551 etcetera,
823 1471 868 1538 at
880 1463 947 1540 det
959 1462 1051 1540 mibi
1064 1472 1231 1552 tantam,
1243 1464 1305 1540 vel
1318 1462 1391 1539 at⁸¹
1403 1464 1575 1541 inveniat
1589 1463 1681 1541 mibi
1694 1488 1820 1541 necea

229 1581 342 1668 sada,
355 1581 445 1656 talis
461 1580 618 1657 donatio
632 1580 704 1657 etsi
717 1605 797 1656 non
812 1581 861 1657 sit
878 1582 1033 1658 omnino
1049 1581 1234 1680 gratuita,
1250 1592 1382 1659 tamen
1397 1581 1560 1681 simplex
1577 1593 1635 1660 est
1651 1591 1691 1659 et
1707 1607 1820 1682 pure,

229 1707 268 1774 et
281 1698 312 1774 si
325 1707 510 1796 sequatur
521 1697 680 1775 traditio
692 1700 862 1775 revocari
876 1723 956 1774 non
969 1699 1124 1798 poterit,
1140 1701 1206 1776 sed
1220 1701 1283 1776 ille
1299 1701 1364 1798 qui
1377 1700 1539 1778 tradidit
1554 1701 1604 1776 ad
1618 1700 1690 1776 hoe
1705 1727 1820 1799 agere

228 1816 372 1916 poterit
384 1824 551 1904 tantum,
565 1817 668 1914 quod
682 1817 746 1892 ille
759 1816 826 1915 qui
839 1816 1014 1914 accepit⁸²
1027 1827 1158 1895 teneat
1174 1818 1207 1893 ei
1220 1817 1512 1895 conventionem
1527 1827 1567 1895 et
1581 1819 1700 1896 faciat
1715 1820 1819 1918 quod

228 1935 415 2036 promisit.
443 1935 486 2012 Si
510 1946 641 2013 autem
664 1936 735 2013 tali
759 1935 985 2013 donationi⁸⁸
1011 1937 1061 2013 sit
1086 1937 1216 2014 statim
1243 1937 1413 2014 condicio
1438 1938 1619 2036 apposita
1643 1939 1685 2014 in
1709 1937 1819 2014 initio

227 2055 456 2144 donationis,
476 2056 580 2154 quod
597 2055 670 2132 nisi
689 2055 877 2154 accipiens
895 2056 1066 2133 tradenti
1085 2065 1216 2134 teneat
1235 2057 1338 2155 quod
1357 2057 1536 2134 convenit
1555 2057 1687 2134 statim
1705 2057 1818 2134 liceat

229 2173 327 2252 sibi⁸⁴
347 2200 387 2252 se
406 2200 550 2275 ponere
571 2173 612 2251 in
630 2184 776 2252 terram
796 2176 913 2264 illam,
935 2186 974 2253 et
994 2185 1125 2252 tenere
1146 2175 1217 2252 sibi
1238 2184 1278 2252 et
1298 2175 1501 2252 heredibus
1522 2176 1599 2252 suis
1620 2177 1748 2274 quiete
1770 2177 1818 2253 de

228 2296 312 2393 ipso
329 2294 537 2393 accipiente
555 2303 594 2372 et
610 2295 812 2371 heredibus
830 2295 919 2384 suis,
938 2295 968 2371 si
986 2295 1236 2394 postmodum
1253 2321 1293 2372 se
1310 2294 1483 2394 posuerit
1500 2295 1542 2371 in
1560 2296 1736 2372 seisinam
1754 2296 1818 2372 ille

226 2414 396 2504 madens,
414 2424 455 2491 et
472 2413 537 2491 ille
554 2415 620 2512 qui
640 2412 814 2512 aocepit³⁸
835 2414 1086 2491 arramaverit
1106 2439 1223 2512 super
1243 2441 1332 2491 eum
1351 2414 1509 2491 assisam
1527 2439 1636 2490 novae
1656 2414 1817 2491 disseisi-

227 2557 296 2623 nae,
317 2533 504 2632 imprimis
524 2533 822 2632 inquirendum⁸⁰
842 2534 915 2611 erit
936 2559 987 2609 an
1007 2533 1071 2611 ille
1090 2535 1157 2632 qui
1177 2542 1441 2611 tenementum
1461 2534 1608 2632 aceepit
1629 2533 1818 2610 invenerit

227 2652 366 2747 f.18b]
421 2653 591 2730 tradenti
614 2653 670 2730 ita
693 2652 923 2730 sufficienter
946 2652 1158 2728 necessaria
1181 2653 1284 2751 quod
1307 2652 1397 2729 inde
1420 2661 1623 2730 contentus
1646 2679 1728 2730 esse
1753 2653 1816 2730 de-

226 2772 344 2850 beret.
365 2772 408 2849 Si
425 2783 556 2849 autem
572 2797 662 2862 non,
681 2772 784 2850 cadit
802 2772 931 2860 assisa,
951 2773 982 2849 si
1001 2781 1130 2848 autem
1150 2771 1213 2862 sic,
1231 2797 1302 2870 per
1322 2772 1480 2848 assisam
1497 2771 1751 2872 recuperabit.
1774 2772 1817 2849 si

227 2901 356 2968 autem
370 2891 582 2970 necessaria
595 2891 824 2969 sufficienter
837 2916 917 2968 non
930 2891 1131 2980 invenerit,
1145 2901 1184 2968 et
1197 2891 1356 2968 tradens
1371 2891 1412 2967 in
1426 2890 1604 2968 seisinam
1618 2917 1658 2968 se
1673 2916 1817 2990 ponere

226 3036 305 3086 non
325 3011 448 3110 possit
467 3036 538 3110 per
559 3011 782 3110 praedictam
803 3010 1074 3099 condicionem,
1097 3010 1253 3088 dabitur
1274 3011 1308 3087 ei
1331 3011 1431 3087 actio
1452 3036 1502 3085 ex
1523 3009 1744 3087 condicione
1766 3011 1817 3088 ad

227 3130 404 3208 seisinam
423 3156 533 3208 suam
550 3130 819 3220 rehabendam,
839 3129 938 3207 nisi⁸¹
960 3129 1020 3207 si³⁸
1038 3130 1080 3205 in
1099 3129 1336 3229 possessione
1356 3140 1455 3207 esset
1474 3155 1545 3228 per
1565 3156 1605 3206 se
1625 3139 1755 3228 posset
1777 3156 1817 3206 se

224 3252 326 3327 tueri
341 3251 383 3325 in
400 3251 636 3351 possessione
655 3276 725 3326 sua
742 3276 813 3349 per
831 3251 1096 3349 exceptionem
1114 3248 1386 3326 conventionis.
1409 3249 1488 3325 Sed
1506 3248 1599 3348 quid
1618 3249 1650 3325 si
1667 3249 1731 3325 ille
1751 3249 1817 3347 qui

225 3370 370 3470 recepit
392 3369 461 3446 tali
483 3371 598 3446 modo
619 3379 765 3446 terram
786 3369 948 3446 ulterius
971 3369 1120 3445 dederit
1144 3368 1255 3444 alteri
1277 3392 1366 3444 curn
1390 3367 1467 3445 sit⁸⁹
1491 3369 1663 3468 paritum
1687 3367 1815 3444 condi·

225 3489 345 3566 sioni?
363 3489 562 3579 Quaeritur
580 3491 611 3566 si
630 3489 695 3565 ille
713 3490 778 3588 qui
796 3487 959 3566 tradidit
978 3487 1100 3587 possit
1118 3488 1237 3564 talem
1256 3487 1375 3564 eicere
1395 3511 1483 3563 cum
1502 3487 1611 3564 illum
1630 3513 1710 3564 non
1729 3497 1815 3564 tan·

225 3619 294 3706 gat
316 3609 529 3685 conventio.
553 3608 721 3686 Videtur
743 3608 870 3708 prima
891 3607 990 3684 facie
1013 3608 1116 3706 quod
1141 3607 1205 3695 sic,
1229 3606 1320 3706 quia
1341 3606 1496 3683 videtur
1518 3607 1622 3704 quod
1645 3607 1732 3706 ipsa
1755 3632 1816 3684 res

224 3727 398 3827 obligata
410 3727 460 3804 sit
472 3752 560 3804 cum
573 3753 740 3827 persona
753 3737 793 3805 et
806 3729 855 3804 ad
870 3727 1021 3803 nullum
1033 3727 1239 3803 transferri
1254 3726 1398 3826 poterit
1413 3725 1485 3802 nisi
1500 3749 1588 3801 cum
1604 3752 1673 3802 suo
1688 3750 1814 3813 onere,

226 3858 264 3925 et
278 3848 364 3925 ideo
377 3848 530 3924 videtur
545 3848 649 3946 quod
663 3849 695 3924 si
711 3847 830 3924 fuerit
844 3847 998 3935 eiectus,
1014 3845 1188 3944 quamvis
1204 3844 1284 3921 sine
1300 3844 1449 3933 iudicio,
1466 3869 1545 3920 non
1560 3845 1814 3950 recuperabit.

227 3967 305 4044 Sed
322 3993 365 4044 re
381 3993 473 4044 vera
489 3966 673 4066 obligatio
691 3967 766 4043 ista
783 3965 995 4064 personalis
1013 3973 1083 4053 est,
1102 3972 1141 4040 et
1159 3965 1260 4040 inter
1277 3972 1402 4040 certas
1421 3988 1604 4063 personas
1624 3963 1813 4040 contrahi·

224 4092 302 4175 tur,
323 4109 393 4160 nec
415 4084 508 4162 alias
520 4110 714 4188 personas
734 4085 844 4182 ligat,
865 4083 938 4159 nisi
960 4090 1116 4160 tantum
1137 4082 1222 4158 illas
1244 4083 1345 4157 inter
1367 4105 1463 4180 quas
1485 4080 1559 4157 fit⁴⁰
1583 4090 1814 4168 contractus,

225 4229 294 4280 nec
317 4230 542 4303 expressum
564 4213 622 4281 est
645 4205 693 4281 de
716 4229 793 4302 quo
815 4211 1035 4281 tenemento
1058 4201 1220 4278 inveniri
1243 4200 1436 4276 debeant⁴²
1459 4200 1683 4290 necessaria,
1708 4199 1814 4276 non⁴²

224 4324 348 4422 magis
373 4325 420 4401 de
442 4323 543 4400 isto‘⁸
567 4349 684 4423 quam
708 4325 756 4398 de
780 4322 885 4412 illo,“
909 4333 947 4400 et
971 4323 1057 4398 ideo
1080 4329 1344 4400 tenementum
1368 4346 1447 4398 non
1471 4320 1666 4418 obligatur
1690 4345 1814 4418 neque

224 4453 419 4520 oneratur.
445 4442 625 4533 Qualiter
649 4469 742 4540 ergo
766 4441 1079 4542 prospiciendum
1104 4442 1177 4519 erit
1203 4441 1388 4539 quaerenti
1413 4464 1501 4516 curn
1527 4439 1579 4516 sic
1606 4440 1814 4516 feoffatum

223 4563 344 4640 eicere
362 4588 440 4639 non
456 4563 590 4663 possit,
608 4587 678 4638 nec
695 4588 734 4639 se
751 4587 896 4661 ponere
914 4561 955 4636 in
972 4561 1150 4637 seisinam
1168 4561 1378 4636 secundum
1395 4558 1697 4647 conventionem,
1717 4557 1814 4633 nec⁴⁸

224 4691 360 4758 eontra
374 4682 503 4780 ipsum
520 4706 636 4780 agere
652 4707 700 4758 ex
717 4679 967 4757 conventione
974 4679 1016 4754 2⁴⁶
1033 4680 1247 4778 Agendum
1264 4677 1338 4755 erit
1355 4678 1476 4776 igitur
1493 4688 1539 4755 ut
1556 4679 1709 4754 videtur
1726 4702 1814 4754 cum

223 4901 382 4964 ”tantum
400 4907 438 4979 ai,
456 4902 525 4979 OB,
542 4903 618 4964 MB.
657 4901 873 4979 ⁸⁰0m.,MG,
893 4901 965 4962 CM.
1006 4898 1032 4934 ⁸¹
1045 4899 1125 4977 Om,
1144 4899 1213 4974 OB,
1232 4899 1306 4960 MB.
1347 4896 1511 4976 ”accipit
1530 4897 1570 4973 V,
1589 4897 1659 4972 OB,
1678 4896 1755 4971 ΜΒ,
1773 4896 1813 4956 Y.

223 5001 249 5037 ⁸⁸
260 5003 442 5080 condicioni,
455 5004 533 5080 MG,
546 5005 619 5065 CM.
643 5002 671 5036 ³⁴
681 5003 762 5078 Om.‚
774 5002 844 5078 OB,
857 5002 931 5063 ΜΒ.
956 5000 983 5034 ⁸⁸
995 5005 1119 5079 accipit,
1128 5001 1168 5075 V,
1178 5001 1246 5074 OB,
1256 5000 1333 5073 MA,
1343 4999 1419 5073 ΜΒ,
1429 4998 1507 5072 MG,
1516 4998 1555 5058 Y.
1581 4996 1607 5031 ³⁸
1619 4998 1814 5076 quarendum

223 5103 301 5179 MG,
317 5104 390 5164 CM.
429 5103 454 5138 ⁸¹
466 5104 530 5179 ubi,
546 5095 640 5165 MSS.
655 5111 797 5180 var.;nt,
813 5104 886 5164 HA.
923 5101 1028 5163 ⁸⁷·”si
1045 5122 1129 5177 vero,
1145 5103 1189 5175 V;
1207 5105 1279 5177 nisi,
1295 5100 1364 5177 OB,
1381 5101 1457 5176 MA,
1474 5101 1549 5160 MB.
1587 5097 1688 5160 ”non
1705 5103 1757 5175 sit,
1773 5100 1813 5176 V,

223 5204 290 5281 LA,
307 5204 385 5279 MG,
401 5205 481 5279 CM;
498 5209 549 5281 sit,
567 5206 635 5280 OA,
651 5206 720 5280 OB,
737 5206 804 5281 OC,
821 5205 897 5278 ΜΒ,
915 5205 989 5280 MC,
1005 5204 1072 5278 ΟΕ,
1089 5205 1130 5280 Y,
1150 5204 1233 5280 (MA
1246 5204 1284 5279 -l-
1296 5203 1388 5280 non).
1428 5201 1454 5236 ‘⁰
1465 5208 1587 5262 tantum
1604 5206 1655 5279 sit,
1673 5203 1712 5278 V,
1730 5202 1812 5274 MB;

221 5311 342 5366 tantum
356 5305 402 5381 fit,
417 5305 491 5379 ΟΒ,
505 5311 558 5380 ait,
573 5305 652 5380 HA3
669 5305 740 5382 fuit,
754 5307 794 5366 Y.
830 5303 857 5339 ⁴²
869 5303 991 5380 debeat,
1007 5305 1083 5379 MA,
1099 5305 1180 5378 MB;
1196 5302 1320 5380 debent,
1335 5304 1373 5366 V.
1411 5301 1477 5337 ⁴²⁴⁸
1488 5323 1551 5365 non
1565 5308 1670 5382 tangit
1685 5302 1757 5382 plus
1773 5302 1812 5363 de

221 5408 293 5480 lato,
307 5405 384 5479 MB,
398 5406 456 5468 OB
474 5405 611 5485 (-de).
646 5403 777 5485 “qnam
790 5406 829 5467 de
843 5405 916 5483 alio,
930 5406 998 5482 OB,
1013 5408 1090 5481 ΜΒ,
1104 5405 1183 5480 MG,
1198 5406 1271 5466 CM.
1307 5403 1374 5439 ⁴⁴⁴⁴⁴
1386 5405 1466 5483 Om,
1482 5405 1550 5480 OB,
1567 5406 1641 5466 MB.
