4394 6342
620 523 681 582 DE
703 523 1006 596 ADQUIRENDO
1029 526 1187 588 RERUM
1209 527 1412 590 DOMINIO
1763 537 1812 612 73

221 683 415 772 sequente,
430 681 477 749 ut
492 673 523 749 si
540 673 676 763 dicam,
690 674 759 751 Do
776 674 846 752 tibi
862 673 960 752 hooc
975 701 1056 755 rem
1072 675 1191 775 qoio⁸⁸
1207 677 1300 755 mihi
1316 679 1410 756 bene
1426 679 1579 768 aerviea,
1596 678 1721 757 adhuc
1738 681 1812 757 erit

220 793 317 870 illud
334 793 436 870 idem
453 793 668 870 dicendum.
690 795 733 870 Si
750 804 882 871 autem
899 797 1067 872 addatur
1084 797 1256 874 condicio
1272 798 1314 874 in
1331 823 1447 875 causa
1465 799 1719 897 subsequente
1738 800 1811 877 erit

221 912 378 990 donatio
393 913 433 988 in
448 913 644 1011 pendenti,
659 921 705 990 ut
719 913 751 990 si
766 915 903 1003 dicam,
918 915 986 993 Do
1002 915 1071 994 tibi
1087 927 1231 992 terram
1246 916 1344 994 hooc
1358 919 1392 995 ai
1407 917 1503 994 berae
1518 917 1610 995 mihi
1624 918 1812 1008 aornim,

220 1043 259 1110 et
276 1058 379 1132 pura
396 1034 469 1110 erit
487 1043 527 1110 et
544 1033 721 1132 perfecta
739 1034 908 1123 donatio,
928 1035 1132 1112 resolvitur
1149 1046 1282 1113 tamen
1302 1037 1373 1113 sub
1392 1037 1623 1126 condicione,
1645 1037 1676 1114 si
1696 1039 1810 1114 servi·

219 1153 319 1230 tium
337 1154 482 1229 bonum
500 1177 579 1228 non
599 1152 718 1229 fuerit
739 1153 995 1243 subsecutum,
1015 1155 1057 1230 in
1075 1155 1261 1254 pendenti
1282 1157 1354 1235 erit
1375 1158 1495 1233 donec
1515 1156 1659 1234 sciatur
1678 1168 1812 1235 utrum

220 1271 362 1350 existat
378 1272 549 1348 condicio
567 1272 628 1348 vel
644 1297 723 1348 non
740 1273 892 1349 existat.

321 1391 440 1486 Qood
454 1390 625 1468 condicio
640 1393 802 1491 impedit
817 1392 1041 1469 deaceoaoro
1057 1393 1109 1470 od
1122 1394 1302 1493 proprios
1318 1393 1486 1472 heredes.

221 1512 333 1586 Iram
352 1511 497 1610 poterit
515 1511 686 1587 condicio
703 1511 890 1610 impedire
909 1513 1133 1589 descensum
1151 1513 1202 1589 ad
1222 1515 1400 1612 proprios
1420 1515 1577 1592 heredes
1597 1517 1810 1594 contraius

219 1655 432 1720 commune,
458 1640 503 1707 ut
528 1631 559 1706 si
584 1631 720 1719 dicam,
747 1632 927 1709 Concedo
954 1631 1024 1709 tibi
1048 1641 1202 1709 taratara
1229 1643 1343 1709 terroe
1368 1634 1419 1712 od
1446 1633 1654 1711 terminum
1678 1635 1810 1712 decem

220 1775 422 1839 ooooraoa
435 1760 473 1828 et
485 1760 576 1850 poet
588 1750 796 1828 terotiooro
808 1759 1027 1828 revertatur
1039 1752 1091 1828 ad
1102 1775 1165 1827 roe
1178 1762 1283 1830 terro
1293 1752 1373 1842 illo,
1387 1761 1425 1828 et
1439 1752 1591 1847 aiiofro
1603 1754 1810 1832 terminum

218 1870 328 1948 idion
349 1871 480 1947 decem
501 1895 691 1947 annorum
712 1872 919 1960 decessero,
940 1871 1106 1947 concedo
1126 1895 1200 1970 pro
1223 1895 1284 1948 rue
1306 1882 1345 1948 et
1367 1870 1568 1949 heredibus
1591 1873 1684 1950 oteia
1706 1872 1811 1972 qood

220 2000 326 2067 terro
335 1988 404 2067 illo
416 1989 487 2068 tibi
499 2000 695 2066 remaneat
708 1991 759 2066 ad
772 1990 892 2067 vitam
906 1998 1014 2066 toorn
1027 1989 1142 2066 velia
1155 1989 1290 2084 feodo:
1305 2000 1343 2067 et
1358 1991 1410 2067 sic
1425 1991 1519 2067 facit
1534 1991 1704 2068 condicio
1717 1992 1809 2068 libe-

219 2134 308 2185 rum
329 2117 594 2185 tenementum
617 2118 656 2185 et
682 2108 852 2196 feodum,
877 2117 916 2185 et
940 2108 1043 2186 tollit
1068 2107 1239 2185 condicio
1263 2108 1466 2186 heredibus
1492 2111 1650 2187 assisam
1674 2111 1809 2188 mortis

220 2229 479 2316 antecessoris,
500 2229 591 2327 quia
611 2229 642 2304 si
661 2227 716 2303 illi
736 2227 864 2326 prima
883 2227 981 2304 facie
1001 2228 1168 2305 habeant
1189 2228 1374 2306 directam
1395 2229 1595 2318 actionem,
1616 2229 1809 2307 firmarius

218 2357 350 2424 tamen
367 2346 521 2423 habebit
540 2373 589 2422 ex
608 2347 859 2424 conventione
876 2347 1153 2446 exceptionem.
1176 2349 1280 2424 Item
1299 2348 1403 2446 quod
1423 2348 1500 2424 fuit
1521 2348 1570 2424 ab
1590 2348 1698 2425 initio
1717 2349 1809 2424 libe-

219 2492 306 2543 rum
322 2476 586 2543 tenementum
604 2477 642 2544 et
661 2465 849 2543 advitam
868 2492 939 2565 per
956 2466 1248 2543 conventionem
1267 2467 1411 2566 poterit
1429 2467 1573 2545 mutari
1592 2467 1660 2544 in⁸⁹
1679 2467 1808 2544 termi-

218 2586 353 2675 num,⁴⁰
373 2596 417 2663 ut
436 2587 468 2662 si
489 2585 624 2684 aliquis
644 2587 828 2664 concedat
848 2586 959 2661 alteri
977 2596 1124 2663 terram
1144 2587 1194 2662 ad
1213 2587 1334 2663 vitam
1354 2586 1438 2663 fieri
1459 2586 1603 2686 poterit
1623 2587 1724 2664 inter
1745 2612 1809 2663 eos

219 2707 400 2795 condicio,
414 2707 517 2805 quod
531 2706 562 2782 si
574 2716 709 2783 tenens
723 2706 828 2781 infra
841 2714 989 2782 certum
1002 2705 1211 2789 terminum
1225 2705 1372 2794 obierit,
1388 2707 1491 2804 quod
1505 2706 1662 2783 heredes
1676 2717 1809 2784 tenen·

218 2825 249 2901 ι’.
263 2827 333 2919 20]
387 2825 438 2902 tis
452 2826 514 2902 vel
529 2824 715 2923 assignati
730 2825 792 2900 vel
809 2825 866 2900 sui
882 2833 1103 2901 executores
1120 2823 1282 2924 possint¹
1298 2833 1444 2901 terram
1460 2825 1512 2901 sic
1529 2826 1661 2901 datam
1678 2834 1810 2901 tenere

218 2972 339 3044 usque
353 2946 404 3022 ad
418 2953 567 3021 certum
580 2945 789 3022 terminum
801 2943 905 3044 post²
919 2943 1097 3020 mortem⁸
1113 2944 1232 3042 ipsius
1247 2944 1426 3032 tenentis,
1443 2952 1482 3021 et
1497 2945 1552 3020 ita
1569 2944 1664 3020 facit
1680 2944 1808 3020 condi·

219 3065 277 3140 cio
301 3066 348 3141 de
372 3063 537 3141 termino
560 3063 724 3141 liberum
746 3072 1021 3152 tenementum,
1047 3073 1085 3140 et
1111 3088 1132 3138 e
1156 3063 1361 3151 contrario,
1386 3072 1425 3139 et
1450 3062 1519 3139 dat
1544 3061 1809 3161 exceptionem

219 3193 354 3260 contra
365 3182 490 3260 veros‘
502 3184 675 3260 dominos
689 3193 727 3260 et
740 3209 874 3260 eorum
885 3183 1053 3259 heredes.
1071 3183 1174 3258 Item
1187 3183 1321 3259 eodem
1333 3183 1449 3258 modo
1461 3182 1530 3258 dat
1545 3183 1809 3282 exceptionem

218 3313 354 3380 contra
373 3304 530 3380 assisam
548 3328 656 3379 novae
674 3302 889 3392 disseisinae,
908 3300 966 3378 ut⁸
986 3301 1120 3400 supra⁸
1140 3302 1188 3378 de
1206 3300 1426 3378 necessariis
1446 3301 1682 3378 inveniendis
1703 3300 1809 3378 satis*

219 3423 449 3500 dictumest.
468 3424 572 3499 Item
586 3423 655 3499 dat
671 3421 935 3520 exceptionem
951 3420 1130 3498 creditori
1147 3430 1282 3497 contra
1299 3420 1520 3508 debitorem,
1538 3447 1672 3497 verum
1689 3421 1809 3498 domi·

218 3567 314 3619 num
330 3551 369 3619 et
387 3542 468 3619 eius
484 3541 653 3630 heredes,
671 3541 702 3618 si
720 3542 822 3616 inter
840 3539 919 3617 eos'
936 3539 1169 3617 convenerit⁹
1188 3540 1237 3615 ab
1256 3539 1364 3615 initio
1383 3540 1487 3638 quod
1506 3540 1537 3616 si
1556 3540 1719 3638 pecunia
1739 3567 1808 3618 suo

219 3663 280 3739 die
294 3662 422 3739 soluta
433 3687 513 3737 non
527 3661 658 3750 fuerit,
673 3661 777 3759 quod
791 3670 896 3737 terra
910 3661 950 3737 in
963 3659 1120 3736 vadium
1134 3661 1227 3736 data
1242 3657 1466 3735 remaneat¹⁰
1482 3659 1661 3735 creditori
1677 3669 1715 3738 et
1732 3659 1810 3737 suis

217 3779 431 3869 heredibus,
445 3790 490 3857 ut
503 3780 610 3855 infra
624 3781 671 3856 de
687 3779 804 3856 assisa
817 3779 951 3856 mortis
967 3779 1215 3856 antecessoris
1231 3779 1279 3855 de
1293 3777 1431 3854 herede
1446 3777 1475 3854 J
1477 3777 1637 3855 ohannis
1653 3778 1808 3878 Dacy.¹¹

220 3899 323 3975 Item
339 3899 409 3974 dat
426 3898 690 3997 exceptionem
708 3907 843 3974 contra
860 3922 970 3974 veros
988 3897 1144 3974 heredes
1162 3907 1201 3974 et
1219 3908 1354 3975 contra
1373 3899 1531 3975 assisam
1548 3898 1682 3975 mortis
1702 3908 1808 3975 ante·

219 4017 387 4106 cessoris,
400 4017 432 4093 si
444 4017 492 4094 sit
506 4019 572 4116 qui
584 4018 687 4093 dicat
700 4042 788 4094 cum
800 4041 962 4116 peregre
975 4017 1024 4093 sit
1037 4016 1325 4115 profecturus‚¹²
1340 4018 1519 4094 Concedo
1532 4018 1585 4095 Α.
1602 4017 1718 4094 tolera
1732 4026 1808 4093 ter·

219 4161 303 4213 raro
327 4160 451 4212 meam
475 4137 526 4212 ad
550 4135 757 4212 terminum
781 4144 942 4224 eertum,
967 4134 1064 4211 sicut
1089 4160 1199 4211 cruce
1225 4135 1476 4233 signatorum,
1503 4145 1541 4213 et
1566 4135 1624 4212 ita
1647 4134 1752 4235 qood
1776 4135 1809 4212 ai

219 4255 380 4344 rediero,
396 4255 573 4333 reatitoet
591 4254 683 4332 mibi
698 4264 842 4331 terram
860 4278 997 4342 meoro,
1014 4264 1053 4331 et
1070 4254 1103 4331 ai
1118 4255 1159 4331 io
1175 4255 1311 4333 itioere
1329 4264 1504 4331 mortuas
1520 4254 1633 4349 daero
1652 4255 1713 4332 vel
1730 4279 1809 4331 ooo

218 4373 379 4463 rediero,
394 4373 619 4451 remoueat¹⁸
634 4372 718 4450 A.²⁴
734 4382 837 4450 terro
852 4373 974 4451 idaia
988 4373 1116 4468 feodo.
1133 4373 1192 4450 Et
1209 4374 1239 4448 si
1256 4372 1396 4450 existat
1413 4373 1584 4450 condicio
1600 4374 1704 4473 quod
1719 4375 1808 4452 talis

219 4518 298 4570 non
322 4492 490 4582 redierit,
515 4504 554 4571 et
579 4494 688 4570 heres
715 4501 824 4592 petat
851 4519 921 4593 per
947 4493 1105 4569 assisam
1130 4491 1265 4569 mortis
1292 4493 1551 4582 antecessoris,
1579 4492 1746 4571 obstabit
1774 4495 1808 4570 ei

219 4614 394 4713 exceptio
411 4613 653 4690 condicionis.
672 4613 731 4689 Et
749 4613 805 4689 ita
822 4612 946 4688 mixta
964 4613 1037 4690 erit
1055 4612 1224 4700 donatio,
1244 4611 1384 4688 scilicet
1405 4613 1702 4690 feoffamentum
1720 4636 1809 4690 cum

218 4731 394 4823 termino,
411 4743 450 4810 et
465 4758 588 4809 unum
601 4731 772 4846 habent²⁵
789 4731 1033 4831 principium,
1051 4731 1140 4806 licet
1156 4731 1303 4807 exitum
1320 4731 1524 4821 diversum,
1542 4741 1581 4810 et
1598 4731 1714 4808 cum²⁶
1732 4744 1807 4811 ter·

219 4933 301 5011 ⁸⁸nt,
319 4934 396 5009 MG,
413 4934 486 4995 CM.
526 4932 592 4968 ⁸⁸⁴⁰
604 4938 737 5010 interim,
754 4933 823 5006 OB,
840 4933 915 4994 MA.
1311 4965 1314 4972 ·

302 5032 467 5112 ²poaaunt,
488 5035 527 5110 V,
550 5035 625 5108 MA,
646 5035 719 5096 ΟΜ.
763 5031 892 5109 ''⁸0m.,
915 5035 992 5109 MG,
1014 5034 1087 5096 CM.
1131 5032 1310 5112 ‘pr-optino,
1332 5034 1410 5110 MG,
1432 5036 1505 5096 CM.
1549 5033 1587 5068 Η
1598 5042 1631 5097 et
1652 5039 1707 5113 stc,
1730 5035 1807 5111 MG,

220 5136 293 5197 CM.
338 5133 444 5211 '0m.,
467 5137 536 5212 OB,
561 5137 641 5210 MA;
665 5145 711 5212 ut,
734 5136 810 5197 ΜΒ.
856 5132 962 5211 ⁸Om.,
986 5136 1060 5209 0133
1084 5139 1180 5213 Ipsos,
1205 5134 1281 5210 MA,
1307 5136 1382 5196 ΜΒ.
1428 5134 1605 5211 ὀοιινεηῆ,
1630 5137 1708 5212 MG,
1733 5138 1806 5200 ΟΜ.

218 5235 245 5271 ²⁰
256 5236 437 5311 remanebit,
455 5238 534 5312 MG,
551 5239 624 5298 CM.
663 5235 690 5272 ²¹
702 5237 792 5312 Daci,
810 5237 907 5315 Bacy,
925 5236 1030 5315 Daky,
1049 5239 1132 5316 Day,
1150 5239 1241 5316 Way,
1260 5237 1372 5315 Lascy,
1392 5237 1485 5299 MSS.
1504 5258 1567 5299 var.
1607 5236 1635 5273 ¹²
1646 5238 1806 5317 profectus

219 5341 271 5413 ait,
297 5339 374 5413 MG,
400 5339 473 5401 CM.
521 5337 548 5372 ¹⁸
560 5338 740 5414 remanebit,
766 5340 806 5414 V,
832 5338 901 5414 OB,
928 5339 1003 5398 ΜΒ.
1051 5337 1170 5413 ¹‘Om.,
1198 5337 1275 5412 MG,
1303 5339 1382 5412 cM;
1409 5340 1450 5400 ad
1477 5340 1526 5414 Α,
1556 5341 1636 5414 ΜΒ;
1664 5348 1706 5416 et,
1733 5341 1806 5403 MC.

218 5439 245 5474 ²⁵
256 5439 375 5516 habuit,
395 5441 473 5516 MG,
493 5440 566 5500 ΟΜ.
608 5437 730 5515 ²⁶tuuc,
750 5441 795 5513 V;
815 5446 930 5516 tamen,
950 5441 1015 5501 LA.
