4392 6352
795 527 856 587 ΒΕ
880 526 1083 590 PLACITIS
1107 526 1296 590 CORONAE
1768 535 1842 604 349

255 678 374 753 donec
390 677 583 754 acrimine
598 677 668 753 sibi
681 677 862 776 imposito
877 703 917 754 se
932 677 1158 777 purgaverit
1174 687 1437 777 competenter
1452 679 1512 754 vel
1528 676 1596 754 in⁸⁸
1612 679 1844 776 purgatione

254 794 449 883 defecerit,
463 796 743 894 propterquod
757 796 895 872 debeat
909 795 1125 894 degradari.
1142 797 1201 873 Et
1215 797 1300 872 ideo
1315 797 1346 873 si
1361 806 1405 873 ut
1420 797 1647 895 pradictum
1662 805 1719 874 est
1735 806 1844 896 peta·

253 923 331 1002 tur,
353 915 426 991 erit
448 914 667 991 liberandus
688 915 801 989 curiae
823 913 1122 1003 christianitatis,
1146 916 1236 1014 quia
1258 940 1337 991 non
1358 914 1513 991 habebit
1534 941 1604 992 rex
1627 916 1674 992 de
1698 941 1743 991 eo
1765 915 1843 1015 pri·

255 1057 389 1108 sonam
404 1058 517 1130 quem
531 1033 698 1108 iudicare
713 1058 791 1108 non
807 1041 936 1132 potest
951 1058 1020 1109 nec
1035 1034 1188 1110 clericos
1206 1035 1430 1131 degradare,
1447 1033 1538 1133 quia
1553 1060 1632 1110 non
1648 1043 1778 1134 potest
1794 1035 1845 1111 ad

254 1152 406 1228 ordines
421 1176 659 1251 promovere,
676 1150 913 1227 seeundum⁸⁹
931 1152 1033 1250 quod
1049 1151 1276 1251 pradictum
1293 1161 1361 1229 est.

355 1272 457 1348 Cara
471 1272 512 1347 in
527 1271 634 1347 curia
648 1270 936 1347 christianitatis
951 1269 1135 1364 defecerit
1151 1269 1191 1345 in
1206 1272 1451 1369 purgatione.

255 1392 360 1467 Cum
378 1397 508 1465 autem
524 1388 681 1465 clericus
698 1389 751 1464 sic
766 1389 814 1466 de
831 1389 986 1465 crimine
1004 1390 1200 1465 convictus
1218 1391 1463 1486 degradetur,
1483 1416 1561 1466 non
1578 1390 1752 1488 sequitur
1770 1390 1845 1466 aha

254 1534 370 1610 poena
390 1535 462 1608 pro
483 1534 561 1584 uno
582 1507 720 1584 delicto
740 1508 800 1583 vel
822 1508 997 1605 pluribus
1019 1516 1109 1583 ante
1130 1509 1446 1605 degradationem
1468 1510 1713 1608 perpetratis.
1740 1509 1844 1586 Satis

254 1627 355 1704 enim
372 1626 510 1703 sufficit
527 1626 561 1701 ei
577 1652 650 1724 pro
667 1650 784 1725 poena
801 1626 1028 1723 degradatio
1046 1652 1130 1724 quae
1147 1635 1205 1702 est
1221 1652 1367 1724 magna
1382 1627 1519 1724 capitis
1538 1626 1752 1716 diminutio,
1771 1627 1844 1703 nisi

256 1746 358 1821 forte
377 1745 573 1820 convictus
593 1744 712 1820 fuerit
731 1745 779 1821 de
799 1745 1004 1843 apostasia,
1025 1745 1115 1842 quia
1134 1755 1227 1822 tunc
1248 1747 1374 1844 primo
1393 1746 1629 1843 degradetur
1649 1755 1688 1822 et
1709 1755 1844 1844 postea

255 1865 285 1940 f.
301 1865 394 1957 124]
451 1889 521 1960 per
547 1888 706 1939 manum
732 1862 906 1939 laicalem
933 1862 1198 1940 comburatur:
1229 1863 1438 1940 secundum
1466 1865 1569 1961 quod
1599 1863 1774 1962 contigit¹
1804 1865 1844 1940 in

254 1985 412 2060 concilio
429 1983 590 2061 Oxoniae
606 1982 796 2059 celebrato
814 2009 837 2058 a
853 1982 961 2057 bonae
976 1981 1166 2058 memoriae
1186 1981 1241 2058 S.²
1259 1983 1529 2070 cantuariensi
1547 1982 1843 2082 archiepiscopo,

255 2104 302 2180 de
316 2103 484 2202 quodam
498 2101 658 2177 diacono
671 2101 737 2200 qui
751 2127 791 2178 se
806 2101 1042 2198 apostatavit
1055 2127 1128 2198 pro
1143 2102 1310 2199 quadam
1326 2102 1461 2189 Iudea,
1477 2101 1541 2200 qui
1557 2126 1644 2177 cum
1659 2111 1758 2178 esset
1773 2127 1844 2201 per

254 2222 478 2322 episcopum
501 2221 736 2319 degradatus
761 2220 892 2296 statim
916 2219 992 2297 fuit
1016 2220 1098 2317 igni
1121 2220 1288 2296 traditus
1312 2246 1383 2318 per
1405 2245 1564 2296 manum
1588 2220 1772 2296 laicalem.
1801 2220 1844 2296 si

255 2350 384 2417 autem
399 2339 448 2415 sit
464 2338 599 2436 aliquis
614 2339 831 2415 ordinarius
847 2338 913 2437 qui
929 2339 969 2413 in
985 2339 1092 2415 curia
1107 2339 1394 2415 christianitatis
1411 2339 1546 2415 clerico
1563 2339 1616 2415 sic
1632 2339 1665 2415 ei
1682 2338 1843 2415 liberato

253 2458 526 2559 purgationem
543 2458 720 2546 indicere,
738 2456 818 2532 sine
835 2456 1068 2534 accusatore⁸
1086 2480 1215 2534 coram
1233 2483 1277 2533 eo
1296 2459 1343 2533 dc
1361 2483 1461 2533 novo
1480 2467 1693 2546 accusante,
1713 2457 1843 2533 nolue-

254 2577 317 2666 rit,
333 2587 427 2653 tunc
444 2577 513 2652 fiat
530 2576 564 2652 ei
581 2575 694 2652 breve
711 2574 773 2650 ex‘
790 2575 916 2674 parte⁶
934 2575 1078 2651 domini
1095 2575 1196 2672 regis
1213 2575 1254 2650 in
1271 2576 1341 2650 hac
1360 2578 1498 2652 forma.

353 2693 401 2770 Si
424 2693 642 2771 ordinarius
663 2694 830 2770 noluerit
855 2695 889 2771 ei
912 2695 1184 2792 purgationem
1208 2695 1374 2771 indicere
1400 2719 1486 2769 carn
1512 2695 1563 2771 sit
1589 2695 1623 2770 ei
1646 2693 1843 2780 liberatur,

355 2819 448 2887 tanc
463 2811 534 2909 fiat
550 2811 585 2888 ei
601 2811 678 2888 tale
696 2811 819 2888 breve.

254 2931 350 3007 Rux
363 2930 432 3006 tali
446 2929 639 3005 ordinario
653 2931 827 3007 salutem.
843 2930 1077 3007 Audivimus
1092 2931 1194 3028 quod
1210 2955 1298 3006 cum
1312 2931 1467 3028 quidam
1483 2930 1641 3007 clericus
1657 2931 1704 3006 de
1719 2939 1843 3007 morte

253 3047 415 3126 hominis
430 3056 596 3124 rettatus
611 3049 671 3124 vel
687 3049 907 3146 appellatus
923 3048 985 3125 vel
1000 3049 1207 3126 indictatus
1222 3074 1352 3125 coram
1368 3048 1579 3126 iustitiariis
1596 3049 1737 3126 nostris
1754 3074 1843 3148 pro·

254 3169 393 3245 ductus
409 3175 519 3256 esset,
535 3177 574 3244 et
590 3166 642 3242 ibi
657 3166 763 3244 vobis
781 3168 878 3244 sicut
894 3167 1051 3244 clericus
1067 3167 1250 3244 liberatus
1266 3176 1312 3243 ut
1328 3193 1369 3244 se
1385 3193 1514 3244 coram
1530 3167 1636 3244 vobis
1654 3176 1843 3267 purgaret

254 3294 292 3361 et
315 3311 353 3362 se
374 3285 463 3363 inde
484 3286 661 3363 redderet
682 3286 923 3362 innocentem
944 3284 975 3361 si
996 3295 1138 3384 posset,
1161 3311 1238 3362 non
1259 3285 1375 3363 vultis
1397 3296 1442 3363 ut
1464 3287 1605 3363 dicitur
1626 3287 1676 3363 ad
1698 3312 1842 3385 purga·

252 3407 396 3483 tionem
414 3406 621 3505 procedere
637 3405 709 3480 nisi
727 3404 776 3480 sit
795 3403 930 3503 aliquis
949 3404 1014 3502 qui
1032 3405 1080 3481 de
1098 3429 1198 3480 novo
1215 3429 1346 3480 coram
1363 3404 1469 3480 vobis
1488 3404 1529 3480 in
1547 3405 1634 3480 loro
1652 3404 1842 3482 ecclesias·

253 3526 329 3600 tico
351 3550 484 3601 versus
506 3549 596 3599 eum
620 3532 877 3622 prosequatur
900 3532 939 3600 et
962 3523 1141 3600 instituat
1166 3523 1456 3600 accusationem.
1482 3525 1541 3602 Et
1565 3525 1747 3621 quoniam
1772 3549 1844 3622 per

254 3641 534 3718 accusationem
553 3643 698 3718 factam
715 3641 756 3716 in
773 3640 878 3716 curia
895 3650 1029 3717 nostra
1046 3642 1094 3718 de
1111 3652 1235 3718 morte
1253 3642 1320 3718 illa
1338 3641 1430 3718 satis
1449 3641 1612 3718 habetur
1630 3651 1843 3741 suspectus,

254 3772 294 3838 et
312 3786 382 3860 per
401 3760 519 3837 talem
540 3760 845 3836 diffamationem
864 3769 903 3836 et
924 3759 1241 3836 indictamentum
1261 3759 1355 3835 nihil
1376 3760 1480 3835 aliud
1502 3768 1625 3837 restat
1646 3760 1718 3836 nisi
1740 3761 1843 3858 quod

254 3902 383 3954 coram
400 3878 507 3954 vobis
525 3877 755 3953 admittatur
772 3877 966 3976 purgatio,
988 3876 1084 3976 quae⁰
1104 3877 1258 3976 quidem
1277 3878 1360 3953 fieri
1381 3879 1535 3955 deberet
1555 3879 1586 3954 si
1605 3878 1724 3955 laicus
1743 3887 1843 3955 esset

253 3997 294 4072 in
310 3996 416 4072 curia
432 4004 565 4073 nostra
581 3997 612 4070 si
629 3996 726 4072 ordo
740 3995 1058 4094 impedimentum
1074 4020 1153 4070 non
1170 3996 1292 4084 daret,
1311 4005 1350 4072 et
1367 3995 1455 4073 licet
1472 3995 1600 4073 nullus
1620 4007 1844 4094 sequeretur

253 4141 323 4192 nos
348 4141 420 4213 pro
444 4139 539 4215 paee
562 4123 696 4191 nostra
718 4115 824 4213 sequi
848 4113 1097 4202 deberemus,⁷
1121 4113 1227 4190 vobis
1251 4114 1479 4190 mandamus
1505 4115 1608 4213 quod
1634 4116 1843 4192 seeundum

254 4233 358 4332 quod
377 4233 479 4309 idem
499 4231 587 4308 talis
610 4258 649 4309 se
669 4231 896 4331 purgaverit
918 4229 1059 4308 coram⁸
1081 4231 1188 4307 vobis
1209 4232 1270 4308 vel
1292 4257 1382 4320 non,
1404 4233 1508 4331 quod
1530 4242 1701 4310 vestrum
1723 4233 1843 4310 fuerit

253 4351 506 4450 exequamini.
527 4353 645 4427 Teste
662 4359 840 4427 etcetera.

354 4471 420 4546 Da
437 4467 611 4545 erratodia
628 4493 781 4545 reornrn
799 4467 866 4567 qni
882 4477 973 4543 rant
991 4468 1033 4545 in
1049 4468 1247 4567 priaorrara
1265 4468 1444 4547 mittendi
1461 4478 1500 4545 et
1521 4469 1588 4568 qni
1604 4493 1677 4569 per
1694 4469 1843 4568 plegios

354 4586 585 4674 dimittendi,
600 4596 638 4663 at
653 4587 701 4663 de
716 4585 906 4680 fractione
923 4585 1094 4663 carceris.

256 4709 360 4784 CUM
378 4715 509 4781 autem
525 4703 734 4781 secundum
751 4704 855 4802 quod
871 4703 1097 4802 pradictum
1115 4713 1172 4781 est
1190 4729 1268 4780 non
1286 4704 1376 4781 sint⁸
1394 4705 1550 4803 quidam
1567 4705 1607 4781 in
1625 4705 1843 4783 carcerem¹⁰

254 4823 484 4900 detrudendi
505 4822 545 4897 in
566 4820 770 4898 levioribus
793 4821 1023 4910 criminibus,
1047 4823 1114 4898 sed
1136 4847 1207 4921 per
1228 4823 1376 4920 plegios
1400 4824 1617 4902 dimittendi
1640 4826 1671 4901 si
1693 4825 1842 4924 plegios

254 4943 346 5018 dare
362 4941 523 5040 possint,
541 4939 612 5016 nisi
627 4947 711 5016 tam
726 4965 845 5036 grave
863 4939 984 5016 scelus
1002 4939 1196 5016 admisisse
1214 4966 1302 5017 eum
1320 4950 1468 5019 constet
1486 4951 1530 5018 ut
1549 4967 1672 5040 neque
1690 4943 1842 5020 fideius-

254 5138 280 5176 ⁸⁸
292 5141 372 5216 Om,
386 5141 455 5216 OB,
470 5142 546 5215 MA,
562 5140 637 5201 ΜΒ.
673 5138 700 5174 ⁸⁹
711 5139 792 5214 Om,
807 5140 875 5214 OB,
891 5140 967 5215 MA,
983 5139 1057 5200 ΜΒ.

336 5239 483 5317 ²accidit,
504 5241 549 5313 Μ,
569 5243 733 5320 contingit,
752 5239 821 5317 OC,
842 5239 909 5314 OE,
931 5240 1008 5302 MG.
1051 5238 1132 5315 ¹M,
1155 5239 1220 5300 ΟΕ.
1263 5238 1368 5315 ⁸Om.,
1390 5242 1459 5319 OB,
1481 5242 1558 5319 MA,
1580 5244 1656 5322 ΜΒ,
1679 5245 1745 5320 CB,
1767 5247 1840 5310 cM.

252 5341 384 5418 ΜὈιιι,
403 5342 473 5417 OB,
494 5343 571 5417 MA,
593 5342 668 5402 ΜΒ.
711 5339 807 5420 ‘qua
829 5341 907 5417 MG,
928 5341 994 5403 OC.
1037 5337 1217 5416 ‘debemus
1239 5342 1306 5418 CB,
1329 5343 1405 5404 ΜΒ.
1449 5341 1553 5421 ⁸0m,
1576 5346 1652 5422 MA,
1675 5347 1752 5422 ΜΒ,
1774 5347 1842 5424 CB,

253 5443 310 5506 OB
336 5443 423 5523 (†).
466 5441 572 5520 ⁹sunt,
591 5443 660 5520 OO,
680 5442 747 5517 CB,
768 5442 806 5503 V.
849 5441 1021 5516 ²⁰carcere,
1041 5441 1111 5516 OB,
1132 5442 1209 5519 MA,
1231 5443 1307 5517 ΜΒ,
1329 5444 1395 5520 CB,
1418 5445 1493 5522 CM,
1515 5445 1588 5508 MC.
