4432 6340
638 457 698 517 DE
722 457 1024 529 ADQUIRENDO
1047 457 1204 519 RERUM
1229 456 1431 520 DOMINIO
1757 463 1832 538 257

243 605 381 684 iniuria
402 607 656 696 dominorum,
677 609 770 684 dum
791 618 922 684 tamen
943 607 974 684 si
996 607 1142 684 femina
1162 607 1282 684 fuerit
1302 607 1410 683 heres
1431 617 1471 684 et
1491 607 1721 694 maritanda,
1743 607 1833 684 licet

243 724 365 823 plena
380 724 503 802 aetatis
519 725 701 814 extiterit,
719 753 758 802 se
773 726 954 803 maritare
972 751 1050 802 non
1065 726 1209 826 poterit
1215 725 1307 844 *sine
1323 751 1479 802 assensu
1495 726 1670 825 capitalis
1688 725 1831 802 domini

243 843 292 918 ad
306 869 420 940 quern
433 843 627 942 pertinere
640 844 852 921 dinoscitur
864 843 1124 942 maritagium,
1139 845 1287 921 ratione
1302 845 1421 943 paulo
1435 845 1640 933 antedicta,
1656 870 1705 920 ne
1719 869 1832 941 coga-

242 968 308 1036 tur
322 962 499 1038 dominus
513 971 690 1038 etcetera.
709 963 751 1038 Si
766 972 895 1039 autem
909 963 1101 1043 masculus
1117 973 1156 1040 et
1169 963 1277 1040 heres
1293 970 1332 1037 et
1347 962 1470 1061 plenae
1485 961 1648 1050 aetatis,²⁰
1664 989 1703 1039 se
1718 961 1831 1038 mari-

241 1089 326 1157 tare
344 1082 488 1180 poterit
503 1081 659 1180 quando
676 1081 841 1157 voluerit
858 1091 897 1157 et
914 1081 991 1169 ubi,
1010 1107 1166 1158 assensu
1185 1080 1359 1179 capitalis
1377 1080 1522 1156 domini
1540 1106 1619 1156 non
1638 1081 1830 1179 requisito

242 1198 367 1274 Nulla
382 1199 485 1275 enim
500 1199 643 1299 poterit
661 1224 741 1275 esse
759 1224 876 1275 causa
891 1199 932 1275 in
948 1199 1117 1276 masculo
1134 1199 1273 1276 herede
1291 1224 1410 1298 quare
1428 1224 1588 1274 uxorem
1606 1224 1685 1274 non
1703 1199 1831 1286 ducat,

241 1318 270 1394 f.
285 1318 354 1410 89]
404 1343 488 1415 quae
497 1317 604 1392 esse²¹
615 1315 950 1415 possetinfemina
958 1341 1046 1392 cum
1055 1316 1138 1392 viro
1147 1315 1280 1391 nubat.
1294 1315 1336 1391 Si
1347 1325 1477 1392 autem
1486 1315 1601 1391 cum²²
1610 1314 1717 1392 heres
1727 1314 1833 1391 infra

240 1445 393 1513 atatem
417 1436 588 1512 extiterit
611 1445 651 1512 et
675 1436 746 1513 sub
770 1435 944 1513 custodia
967 1445 1175 1534 parentum
1200 1437 1248 1512 de
1273 1434 1437 1534 socagio,
1463 1433 1718 1533 propinquior
1742 1458 1830 1508 con-

242 1554 474 1652 sanguineus
489 1579 577 1630 eum
589 1553 771 1630 maritare
784 1554 928 1653 poterit
941 1555 1020 1631 sine
1034 1553 1192 1630 alicuius
1205 1553 1355 1641 iniuria,
1368 1553 1429 1628 vel
1443 1552 1526 1629 aliis
1539 1553 1704 1629 vendere
1717 1551 1831 1628 mari·

240 1673 402 1773 ragnum,
421 1675 514 1750 dum
529 1682 661 1750 tamen
677 1672 718 1747 in
735 1673 880 1749 femina
897 1672 1035 1749 herede
1052 1672 1275 1748 observetur
1293 1671 1396 1771 quod
1415 1671 1591 1770 superius
1610 1671 1756 1748 dictum
1773 1680 1832 1747 est

240 1793 288 1868 de
299 1792 415 1869 feodo
425 1791 594 1868 militari.
609 1792 710 1868 Cum
723 1801 852 1868 autem
865 1790 973 1867 heres
985 1791 1111 1867 minor
1122 1801 1161 1868 et
1173 1815 1250 1866 non
1262 1791 1467 1867 maritatus
1480 1789 1651 1867 extiterit
1665 1790 1735 1865 sub
1748 1815 1831 1867 cus-

240 1910 347 1987 todia
358 1910 514 1999 domini,
527 1910 719 1987 masculus
732 1909 793 1985 vel
807 1910 963 1998 femina,
978 1909 1088 1986 sicut1
1100 1910 1147 1985 de
1157 1909 1272 1985 feodo
1281 1907 1450 1995 militari,
1461 1907 1511 1982 ad
1521 1907 1830 2006 dominumcapi·

240 2028 359 2104 talem
371 2028 442 2104 sub
454 2028 561 2105 cuius
574 2028 749 2104 custodia
761 2029 844 2128 ipse
858 2028 977 2105 fuerit
990 2027 1198 2127 pertinebit
1211 2027 1460 2126 maritagium
1474 2027 1589 2126 pleno
1603 2028 1702 2103 iure:
1717 2036 1758 2103 et
1772 2027 1830 2125 ip·
1936 2059 1938 2066 ’

171 2189 173 2192 -
241 2171 327 2222 sum
340 2147 522 2223 maritare
537 2146 683 2246 poterit
697 2148 852 2245 quando
868 2147 1032 2224 voluerit
1048 2156 1086 2223 et
1102 2144 1179 2234 ubi,
1196 2147 1289 2222 dum
1305 2155 1436 2222 tamen
1451 2171 1531 2221 non
1547 2147 1830 2244 disparagetur,

240 2267 301 2342 vel
315 2263 493 2341 vendere²
510 2265 758 2362 maritagium
775 2265 835 2340 cui
850 2264 1026 2353 voluerit,
1043 2265 1137 2340 dum
1152 2275 1282 2341 tamen
1299 2266 1340 2341 in
1354 2264 1436 2340 vita
1451 2263 1660 2340 venditoris
1676 2263 1829 2340 marite·

240 2392 317 2472 tur,
334 2393 373 2460 et
388 2384 571 2460 maritare
588 2409 676 2460 eum
693 2384 836 2483 poterit
854 2409 932 2460 non
949 2393 1103 2460 tantum
1122 2382 1238 2460 semel
1255 2384 1321 2459 sed
1340 2382 1489 2481 saepius,
1508 2381 1692 2481 quamdiu
1711 2381 1830 2458 fuerit

240 2501 346 2578 infra
357 2510 509 2578 atatem
522 2511 560 2578 et
573 2502 653 2578 sine
664 2502 807 2578 uxoris.
824 2501 866 2578 Si
881 2510 1011 2578 autem
1024 2501 1200 2578 dominus
1214 2499 1390 2600 capitalis
1402 2501 1463 2576 cui
1475 2501 1660 2600 competit
1674 2501 1829 2578 marita-

239 2619 347 2718 gium
360 2620 559 2718 negligens
573 2619 756 2710 extiterit,
771 2619 874 2718 quod
887 2619 1065 2697 heredem
1078 2620 1183 2695 infra
1198 2628 1350 2695 aetatem
1365 2644 1444 2694 non
1457 2618 1697 2696 maritaverit
1712 2644 1781 2695 nec
1796 2619 1830 2695 ei

239 2738 487 2837 maritagium
504 2738 698 2828 obtulerit,
717 2740 821 2837 quod
839 2740 886 2815 de
904 2739 986 2815 iure
1004 2763 1179 2814 recusare
1196 2763 1275 2813 non
1294 2746 1435 2836 posset,
1455 2747 1597 2814 extunc
1614 2762 1704 2812 cum
1721 2737 1829 2814 heres

240 2857 402 2934 effectus
428 2857 548 2934 fuerit
573 2857 697 2956 plenae
721 2857 844 2934 aetatis
870 2866 909 2934 et
936 2857 994 2934 sui
1019 2857 1124 2944 iuris,
1152 2883 1191 2932 se
1216 2857 1345 2955 ipsum
1369 2856 1552 2932 maritare
1579 2857 1722 2955 poterit
1748 2855 1829 2932 sine

239 2976 378 3053 iniuria
399 2975 568 3052 alicuius.
591 2975 758 3051 Eodem³
779 2977 906 3064 modo,
929 2976 959 3051 si
982 2973 1083 3050 cum⁴
1105 2974 1289 3073 capitales
1312 2973 1456 3050 domini
1478 2973 1758 3050 contenderint⁶
1781 2974 1829 3050 de

239 3094 444 3193 maritagio
457 3093 559 3169 cum‘
573 3093 791 3193 pervenerit
806 3095 856 3170 sd
870 3102 1034 3170 atatem.
1053 3092 1097 3169 Si
1112 3101 1243 3169 autem
1258 3093 1362 3168 infra
1377 3100 1529 3168 atatem
1544 3092 1653 3168 heres
1669 3092 1830 3190 propria

238 3212 438 3289 voluntate
456 3239 495 3289 se
512 3211 763 3301 maritaverit,
780 3212 842 3287 vel
860 3238 930 3310 per
948 3210 1146 3287 consilium
1166 3210 1323 3288 alterius
1343 3237 1460 3309 quam
1478 3211 1622 3286 domini
1641 3209 1828 3309 capitalis,

240 3331 318 3406 sive
343 3331 392 3406 sit
416 3331 607 3407 masculus
632 3330 710 3407 sive
735 3329 892 3419 femina,
916 3331 1009 3407 item
1035 3331 1066 3406 si
1092 3355 1180 3405 cum
1205 3329 1381 3406 dominus
1408 3328 1584 3428 capitalis
1608 3329 1643 3405 ei
1668 3353 1829 3405 uxorem

238 3449 421 3527 obtulerit
438 3475 554 3548 quam
570 3450 618 3524 de
633 3449 716 3524 iure
732 3472 908 3524 recusare
924 3473 1002 3523 non
1019 3447 1166 3546 possit,⁷
1184 3457 1223 3524 et
1241 3449 1290 3524 ad
1307 3447 1547 3524 voluntatem
1565 3447 1708 3523 domini
1726 3447 1828 3546 capi-

238 3566 327 3644 talis
350 3593 389 3642 se
412 3567 594 3643 maritare
617 3567 784 3643 noluerit
806 3566 967 3641 dicendo
991 3567 1095 3663 quod
1118 3567 1290 3642 nondum
1314 3564 1554 3642 voluntatem
1576 3564 1691 3642 babet
1714 3566 1827 3642 mari·

238 3687 347 3763 tandi
370 3713 421 3774 se,
445 3686 622 3763 dominus
644 3710 722 3760 non
745 3685 889 3783 poterit
912 3684 945 3760 ei
968 3685 1008 3759 in
1030 3683 1101 3759 boc
1123 3685 1388 3760 necessitatem
1411 3683 1608 3782 imponere
1632 3684 1735 3782 quod
1757 3683 1829 3758 boc

238 3805 358 3880 faciat
380 3804 534 3892 invitus,
556 3828 645 3879 cum
666 3802 786 3879 libera
809 3801 973 3879 debeant
996 3828 1076 3878 esse
1098 3802 1292 3899 coniugia:
1317 3801 1552 3901 prospicitur
1575 3810 1706 3878 tamen
1729 3802 1763 3878 ei
1787 3803 1828 3877 in

237 3923 309 3998 bac
327 3933 439 4021 parte
459 3922 563 4021 quod
582 3921 689 3996 ultra
706 3928 860 3996 aetatem
880 3919 1029 3996 heredis
1049 3920 1214 3996 retineat
1234 3920 1497 4008 hereditatem,
1520 3945 1717 4018 quousque
1739 3920 1828 3996 inde

237 4039 453 4138 perceperit
472 4040 522 4115 ad
542 4038 749 4114 valentiam
769 4037 974 4135 maritagii,
994 4037 1056 4112 vel
1076 4038 1196 4113 donec
1216 4038 1250 4114 ei
1270 4038 1359 4114 inde
1380 4038 1500 4113 fuerit
1520 4038 1633 4113 aliter
1653 4038 1826 4114 satisfac·

237 4167 333 4234 tum.
359 4159 463 4234 Item
487 4157 824 4256 quotienscumque
848 4156 1052 4254 contigerit
1076 4182 1197 4231 unum
1223 4181 1271 4231 ex
1296 4156 1471 4254 pluribus
1496 4156 1697 4232 heredibus
1722 4157 1827 4231 infra

237 4285 390 4352 aetatem
404 4275 513 4364 mori,
530 4275 647 4352 etalii
664 4275 741 4350 sint
756 4274 861 4349 infra
876 4283 1029 4350 aetatem
1045 4273 1204 4350 masculi
1221 4273 1282 4349 vel
1298 4274 1462 4362 feminae,
1479 4273 1633 4349 habebit
1650 4273 1830 4350 dominus·

236 4393 412 4493 capitalis
427 4393 676 4492 maritagium
692 4390 892 4469 cuiuslibet
909 4400 999 4490 post
1016 4392 1133 4468 alium
1151 4393 1244 4468 dum
1261 4391 1408 4468 fuerint
1425 4392 1529 4468 infra
1545 4401 1708 4469 aetatem.

337 4513 383 4590 Si
400 4512 532 4612 plores
550 4523 588 4588 et
605 4512 766 4589 diverm
782 4509 1012 4587 hereditates
1030 4511 1107 4587 sint
1126 4511 1239 4587 aheni
1257 4511 1529 4588 descendentes
1547 4521 1629 4588 tam
1647 4535 1696 4586 ee
1713 4520 1827 4610 parte

336 4630 461 4729 patris
476 4655 592 4729 quam
608 4653 657 4707 ee
671 4637 785 4728 parte
801 4629 946 4706 matris.

236 4747 418 4823 DrcruM
434 4756 492 4823 est
505 4748 546 4824 in
560 4747 860 4847 praecedentibus
876 4747 969 4845 quid
983 4746 1076 4823 iuris
1092 4745 1156 4823 sit⁸
1171 4749 1202 4822 si
1216 4773 1295 4823 una
1310 4745 1373 4824 sit⁰
1388 4747 1578 4825 hereditas
1595 4749 1826 4825 descendens

236 4963 263 4998 ²⁰
274 4968 374 5027 aetatis
390 4965 496 5041 fuerit,
511 4964 551 5038 V,
567 4965 642 5026 MG.
681 4963 707 4998 ²¹
719 4964 800 5042 Om,
815 4964 884 5038 OB,
900 4964 976 5040 MA,
992 4964 1067 5024 ΜΒ.
1106 4962 1132 4997 ²²
1144 4963 1224 5038 Om,
1241 4963 1310 5041 OB,
1327 4965 1403 5040 ΜΑ,
1420 4965 1496 5024 ΜΒ.

318 5063 424 5139 ²Om,
438 5066 517 5141 MG,
531 5065 604 5126 CM.
640 5063 795 5126 ²vendere
810 5067 848 5139 ei,
863 5065 902 5141 V,
917 5064 986 5139 OA,
1001 5064 1068 5138 LA,
1082 5063 1155 5138 OC;
1169 5085 1237 5126 ven.
1253 5069 1329 5138 eius,
1343 5066 1382 5127 Y.
1417 5063 1475 5125 ⁸et
1489 5064 1605 5139 eodem,
1619 5064 1659 5141 V,
1674 5064 1741 5139 LA,
1757 5065 1826 5142 ΟΛ,

235 5165 304 5241 OC,
326 5167 399 5228 Me.
444 5163 550 5241 ⁴0m,
571 5167 649 5241 MG,
672 5167 710 5227 Y.
755 5165 978 5242 “contendunt
1002 5167 1079 5242 MG,
1103 5166 1182 5238 CM;
1206 5164 1403 5242 contendent,
1426 5167 1492 5227 OC.
1538 5164 1642 5240 ‘’Om,
1667 5165 1735 5240 ΟΛ,
1758 5165 1824 5226 LA.

235 5263 377 5343 'posset
390 5267 460 5343 OB,
473 5265 549 5341 ΜΒ,
564 5267 647 5341 MG3
666 5266 796 5344 (-non
810 5270 920 5344 possit,
934 5267 1029 5345 MA).
1066 5264 1169 5342 ⁸0m.,
1184 5267 1253 5356 OA,
1269 5266 1335 5343 LA,
1350 5265 1415 5327 OC.
1452 5264 1557 5342 ⁹0m.,
1572 5268 1641 5341 OB,
1657 5267 1733 5342 MA,
1750 5267 1826 5340 ΜΒ,
1877 5307 1882 5316 -

235 5367 314 5444 MG,
330 5368 359 5428 Y
379 5367 519 5446 (†sit).
