4432 6340
377 517 448 588 192
907 511 1129 573 BRACTON:
1152 512 1213 573 DE
1237 512 1429 575 LEGIBUS

373 667 498 737 matre
518 686 541 736 a
561 661 699 760 quibus
718 661 777 740 ius
798 662 1003 740 descendit.
1027 664 1070 740 Si
1089 672 1219 740 autem
1239 666 1288 740 de
1308 663 1476 754 diversis,
1497 673 1591 740 tunc
1612 665 1789 762 impares.
1812 665 1871 740 Et
1892 665 1966 742 erit

373 778 644 878 propinquitas
667 780 865 878 sanguinis
889 780 988 858 sicut
1009 781 1279 880 propinquitas
1304 781 1607 873 successionis>
1635 782 1777 861 Refert
1799 782 1916 858 etiam
1942 809 1965 859 a

374 923 451 996 quo
466 898 536 974 fiat
552 897 819 996 perquisitum,
834 908 968 976 utrum
985 899 1033 975 ab
1049 909 1235 976 extranea
1251 925 1417 999 persona
1433 899 1494 976 vel
1511 927 1536 977 a
1552 910 1665 1000 patre
1681 902 1885 990 communi,
1904 901 1965 978 vel

373 1014 423 1091 ab
445 1015 519 1092 alio
540 1023 777 1094 antecessore
798 1018 896 1094 sicut
917 1043 941 1094 a
962 1018 1085 1095 fratre
1106 1027 1300 1095 antenato.
1324 1019 1382 1095 Et
1402 1019 1497 1118 poni
1517 1019 1662 1118 poterit
1683 1044 1793 1096 casus
1815 1019 1855 1096 in
1877 1045 1963 1119 per-

374 1131 495 1210 sona⁸⁸
510 1133 630 1212 trium
644 1135 825 1223 fratrum,
840 1134 907 1213 et⁸'
924 1135 1005 1212 sic⁸⁸
1019 1136 1124 1235 quod
1138 1144 1252 1235 pater
1266 1137 1477 1214 communis
1494 1136 1702 1213 feoffavit⁸⁹
1718 1137 1841 1215 filium
1857 1148 1964 1215 ante·

373 1264 509 1332 natum
528 1255 594 1353 qui
612 1263 671 1330 est
689 1254 798 1330 heres
818 1280 910 1331 suus
929 1255 1194 1354 propinquior,
1214 1265 1254 1332 et
1273 1264 1427 1333 mortuo
1447 1256 1705 1354 primogenito
1726 1256 1807 1334 sine
1826 1256 1965 1334 herede

375 1373 422 1449 de
442 1399 483 1450 se
503 1382 711 1471 antequam
730 1372 921 1449 hereditas
942 1372 976 1449 ei
993 1373 1188 1462 acciderit,
1210 1373 1413 1450 succedet⁴⁰
1435 1375 1469 1450 ei
1491 1375 1617 1451 frater
1637 1375 1785 1451 medius
1807 1375 1855 1451 de
1877 1400 1964 1473 per·

374 1490 514 1590 quisito
535 1490 633 1568 sicut
653 1490 763 1568 heres
784 1490 1049 1591 propinquior,
1071 1501 1110 1568 et
1131 1491 1205 1569 erit
1227 1500 1432 1590 postnatus
1454 1502 1548 1570 tunc
1569 1492 1677 1570 heres
1702 1493 1817 1569 fratri
1838 1494 1966 1570 medio

373 1608 638 1708 propinquior.
661 1610 720 1686 Et
742 1610 773 1686 si
794 1611 835 1686 in
855 1611 937 1685 vita
957 1610 1206 1708 primogeniti
1226 1610 1434 1687 descendat
1454 1611 1490 1688 ei
1512 1611 1703 1688 hereditas
1726 1620 1901 1710 paterna,
1925 1621 1965 1689 et

373 1728 421 1804 de
436 1728 648 1827 perquisito
662 1728 886 1826 homagium
901 1728 1161 1818 intervenerit,
1179 1729 1310 1806 statim
1325 1729 1533 1828 pertinebit
1550 1730 1600 1806 ad
1617 1730 1780 1807 fratrem
1795 1730 1965 1807 medium

374 1847 558 1922 successio
572 1856 610 1923 et
624 1847 683 1923 ius
698 1847 952 1935 successionis,
969 1873 1057 1923 cum
1069 1848 1350 1946 primogenitus
1365 1849 1412 1925 de
1428 1848 1640 1948 perquisito
1654 1874 1733 1925 non
1747 1848 1869 1947 possit
1883 1873 1965 1926 esse

372 1964 481 2042 heres
498 1974 537 2042 et
553 1965 742 2042 dominus.
761 1967 855 2041 Non
871 1966 974 2042 enim
991 1975 1154 2065 possunt
1172 1965 1285 2043 simul
1303 1975 1406 2043 stare
1423 1967 1678 2066 perquisitum
1696 1977 1735 2044 et
1753 1967 1965 2044 dominium

373 2092 536 2182 propter
556 2083 791 2182 homagium,
813 2083 1036 2182 homagium
1058 2085 1159 2160 enim
1183 2085 1342 2184 expellit
1364 2084 1630 2183 perquisitum.
1657 2086 1700 2161 Si
1723 2093 1854 2162 autem
1877 2111 1964 2184 per·

374 2203 557 2303 quisitum
582 2203 731 2280 factum
756 2202 875 2279 fuerit
901 2202 950 2278 ab
975 2212 1171 2292 extraneo,
1197 2201 1273 2278 ab*1
1299 2203 1375 2279 alio
1400 2202 1576 2280 videlicet
1601 2202 1745 2302 quam⁴⁸
1772 2203 1964 2280 communi

373 2329 623 2409 antecessore,
653 2321 684 2398 si
715 2320 906 2397 hereditas
936 2321 1212 2418 supervenerit,
1241 2321 1464 2420 homagium
1495 2323 1644 2398 factum
1674 2322 1721 2398 de
1753 2321 1964 2422 perquisito

373 2448 566 2517 extraneae
589 2463 763 2538 personae
786 2464 864 2515 non
888 2439 1049 2537 expellit
1074 2439 1341 2538 perquisitum,
1366 2437 1484 2538 quia⁴⁸
1510 2441 1552 2515 in
1575 2439 1647 2516 hoc
1672 2464 1763 2516 casu
1787 2466 1867 2517 non
1890 2441 1964 2518 erit

373 2558 653 2658 primogenitus
671 2557 779 2634 heres
798 2567 837 2634 et
857 2557 1044 2634 dominus.
1064 2558 1167 2635 Esto
1186 2556 1330 2634 etiam⁴⁴
1349 2559 1453 2657 quod
1474 2560 1581 2635 facta
1601 2558 1650 2636 sit
1671 2559 1827 2635 donatio
1848 2559 1965 2635 fratri

373 2686 556 2776 postnato
572 2703 596 2752 a
610 2684 723 2776 patre
739 2677 931 2753 communi
947 2679 1008 2753 vel
1025 2677 1148 2754 fratre
1165 2685 1360 2766 antenato,
1376 2686 1417 2753 et
1431 2703 1477 2753 eo
1493 2686 1649 2753 mortuo
1666 2677 1746 2753 sine
1760 2676 1900 2754 herede
1915 2676 1964 2752 de

375 2821 427 2885 se,
455 2795 529 2871 erit
556 2797 681 2872 frater
709 2804 915 2872 antenatus
943 2795 1051 2873 heres
1080 2795 1335 2894 propinquior
1363 2795 1479 2872 fratri
1508 2803 1703 2894 postrato,
1733 2804 1772 2872 et
1801 2820 1890 2871 cum
1917 2821 1964 2872 eo

372 2914 585 2992 remanebit
603 2913 794 2991 hereditas
814 2915 845 2991 si
863 2913 1086 3012 homagium
1105 2939 1185 2990 non
1204 2914 1469 2991 intervenerit:
1489 2923 1529 2991 et
1549 2913 1722 3012 quamvis
1742 2913 1965 3012 homagium

372 3032 620 3109 intervenerit
638 3041 678 3108 et
696 3032 886 3109 hereditas
906 3041 1070 3130 patema
1089 3033 1123 3108 ei
1144 3032 1393 3121 descenderit,
1413 3057 1565 3131 semper
1584 3031 1738 3108 habebit
1758 3040 1964 3109 antenatus

372 3153 539 3252 primam
559 3151 736 3229 saisinam
755 3176 826 3249 per
845 3151 1003 3228 assisam
1021 3152 1156 3228 mortis
1176 3151 1435 3239 antecessoris,
1457 3151 1489 3228 si
1508 3149 1685 3249 capitalis
1706 3151 1882 3227 dominus
1903 3150 1963 3227 vel

373 3271 450 3348 alia
472 3280 658 3348 extranea
678 3294 844 3369 persona
868 3269 1052 3346 fueritin
1076 3269 1223 3345 seisina.
1250 3270 1293 3345 Si
1316 3278 1447 3346 autem
1471 3270 1595 3345 frater
1618 3269 1766 3346 medius
1792 3295 1831 3345 se
1855 3269 1963 3368 prius

373 3388 545 3488 posuerit
563 3389 604 3464 in
622 3387 810 3477 seisinam‚
828 3397 922 3463 tunc
940 3386 1153 3464 consulitur
1171 3395 1354 3464 antenato
1372 3413 1445 3487 per
1463 3387 1576 3463 breve
1596 3388 1643 3463 de
1662 3397 1778 3464 recto.
1797 3387 1857 3465 Et
1875 3412 1964 3463 cum

373 3507 402 3584 f.
418 3508 487 3600 66]
543 3515 749 3584 antenatus
768 3505 944 3582 seisinam
962 3505 1138 3582 habuerit
1156 3513 1196 3581 et
1214 3505 1436 3604 homagium
1455 3506 1714 3596 intervenerit,
1735 3507 1767 3583 si
1786 3507 1835 3583 sit
1854 3505 1963 3582 heres

373 3625 628 3724 propinquior
640 3634 825 3701 antenato
838 3625 903 3722 qui
915 3633 1037 3724 petat,
1049 3649 1129 3700 non
1140 3624 1283 3723 poterit
1296 3624 1433 3701 seisina
1446 3649 1534 3701 cum
1547 3651 1592 3700 eo
1605 3649 1802 3700 remanere
1817 3625 1965 3702 ratione

374 3743 608 3841 supradicta,
624 3743 690 3819 sed
706 3742 923 3819 descendet²
940 3743 998 3818 ius
1014 3743 1140 3840 primo
1156 3741 1236 3818 filio
1251 3742 1312 3818 vel
1329 3743 1416 3817 filiae
1431 3741 1572 3818 liberis²
1590 3741 1808 3831 antenoris?
1826 3743 1857 3818 si
1873 3742 1964 3818 libe·

373 3889 436 3940 ros
451 3862 639 3951 habuerit,
656 3861 708 3938 et⁴
725 3860 937 3937 consulitur
951 3860 1019 3938 eis⁶
1036 3861 1066 3937 si
1083 3870 1215 3959 petere
1231 3860 1351 3937 velint
1368 3860 1545 3938 seisinam
1562 3886 1633 3959 per
1650 3860 1764 3938 breve
1782 3862 1829 3937 de
1845 3870 1962 3948 recto,

375 3982 481 4058 facta
508 3980 796 4080 computatione
823 3988 862 4055 et
890 3979 1112 4056 narratione
1140 3980 1188 4056 de
1216 3979 1353 4056 seisina
1381 3981 1516 4056 fratris
1545 3980 1728 4078 postnati.
1762 3979 1806 4055 Si
1834 3989 1964 4056 autem

372 4100 511 4176 liberos
534 4125 612 4175 non
633 4099 810 4176 habuerit
834 4100 958 4175 frater
981 4106 1200 4187 antenatus,
1223 4107 1317 4173 tunc
1341 4098 1472 4174 statim
1495 4099 1541 4173 fit
1566 4098 1767 4175 descensus
1792 4096 1888 4173 iure⁸
1913 4098 1963 4174 ad

375 4220 538 4297 fratrem
558 4218 738 4306 medium,
759 4226 798 4294 et
817 4215 1015 4316 competit⁷
1036 4217 1070 4292 ei
1092 4216 1191 4293 actio
1213 4242 1283 4315 per
1304 4215 1418 4292 breve
1437 4216 1487 4290 de
1508 4224 1613 4292 recto
1635 4216 1732 4293 sicut
1753 4215 1965 4315 competiit⁸

373 4337 500 4414 liberis
521 4335 761 4436 supradictis.
786 4335 864 4412 Sed
883 4335 976 4433 quid
996 4335 1028 4411 si
1047 4335 1140 4411 dum
1160 4335 1285 4410 frater
1303 4334 1451 4411 medius
1473 4334 1639 4433 petierit,
1660 4335 1819 4432 incipiat
1840 4336 1965 4411 frater

376 4463 581 4532 antenatus
610 4453 767 4529 heredes
796 4454 1020 4552 procreare?
1050 4452 1211 4529 Talibus
1240 4452 1451 4552 procreatis
1481 4452 1586 4528 cadit
1615 4453 1715 4528 actio
1746 4452 1892 4540 fratris,
1922 4462 1962 4529 et

372 4572 507 4672 incipit
524 4572 623 4650 actio
639 4580 856 4671 competere
872 4571 1012 4671 pueris.
1033 4570 1110 4647 Sed
1128 4569 1234 4669 quid⁰
1252 4571 1282 4647 si
1300 4572 1424 4648 frater
1440 4579 1530 4647 ante
1547 4571 1851 4669 procreationem
1869 4596 1962 4670 pue·

375 4758 566 4838 ”personia
588 4760 657 4833 OA,
680 4759 747 4835 LA,
769 4759 836 4832 OC,
860 4759 932 4820 MC.
977 4756 1096 4832 ⁸⁷Om.,
1120 4758 1188 4834 OB,
1212 4759 1289 4832 MA,
1313 4758 1390 4832 MB,
1413 4758 1453 4818 Y.
1497 4755 1588 4833 ⁸⁸sit,
1613 4757 1682 4832 OA,
1706 4758 1781 4834 MC,
1805 4757 1872 4834 LA,
1897 4757 1962 4819 OE.

374 4859 603 4935 ⁸⁹leoffaverit,
624 4860 693 4935 OA,
715 4861 782 4936 LA,
801 4860 869 4934 OC,
890 4861 957 4935 CE,
978 4860 1050 4920 MC.
1093 4857 1119 4892 ⁴⁰
1131 4859 1278 4934 succedit,
1299 4860 1338 4935 V,
1360 4859 1438 4933 MG,
1460 4859 1525 4920 OC.
1569 4857 1634 4893 ¹¹¹¹¹
1646 4861 1696 4920 vel
1717 4861 1756 4922 ab
1779 4859 1840 4921 alio
1862 4879 1964 4938 quam,

375 4962 458 5035 MG;
477 4963 527 5022 vel
546 4963 607 5022 alio
626 4962 687 5022 vid.
708 4983 810 5040 quam,
830 4962 911 5034 MA;
931 4962 981 5021 vel
1001 4962 1040 5023 ab
1060 4960 1121 5022 alio
1142 4982 1232 5039 qnam
1253 4961 1304 5035 ab,
1325 4963 1370 5034 Y;
1390 4963 1440 5022 vel
1460 4962 1500 5022 ab
1520 4961 1582 5023 alio
1601 4961 1662 5022 vid.
1684 4983 1786 5040 quam,
1806 4962 1875 5037 OB,
1898 4964 1962 5024 ΜΒ

378 5061 607 5140 (quamaeom.
624 5061 776 5139 an.);vel
790 5061 852 5123 alio
867 5082 928 5123 non
943 5083 972 5136 a,
987 5062 1053 5123 OC.
1090 5060 1117 5095 ⁴⁸
1129 5061 1209 5139 Om,
1225 5063 1291 5136 LA,
1308 5063 1381 5124 MC.
1419 5061 1549 5137 ⁴⁴enim,
1566 5063 1605 5140 V,
1621 5064 1689 5126 OB.

456 5161 649 5238 ²deacendit,
669 5161 709 5237 V,
729 5163 803 5236 003
824 5161 1000 5239 descendat,
1022 5163 1100 5238 MG,
1122 5164 1195 5224 CM.
1239 5161 1387 5224 ²·⁸libero
1408 5171 1566 5240 antenato,
1588 5165 1654 5227 OC.
1698 5164 1872 5242 'antenath
1894 5166 1964 5242 OA,

373 5263 439 5325 LA.
476 5261 753 5341 ⁴Om.,MC,LA.
790 5262 853 5338 lei,
869 5266 935 5341 LA,
951 5263 991 5338 Y,
1008 5265 1071 5326 MC
1091 5263 1187 5341 (corr.
1204 5266 1279 5344 eis).
1315 5263 1427 5341 ‘iuria
1442 5267 1511 5343 OA,
1527 5266 1595 5343 LA,
1611 5267 1770 5344 CE3iur,
1787 5267 1880 5330 MSS.
1897 5287 1962 5327 var.

373 5363 560 5443 'competet
579 5365 648 5441 OA,
665 5363 734 5439 OB,
753 5366 790 5426 Y.
831 5364 1013 5444 'competit
1030 5364 1071 5441 V,
1088 5364 1158 5443 OB,
1177 5365 1253 5441 MA,
1272 5366 1340 5442 CE,
1358 5368 1397 5444 Y,
1417 5369 1491 5430 CM.
1532 5366 1636 5443 ⁹Om.,
1655 5367 1694 5443 V,
1713 5370 1782 5446 OB,
1802 5370 1878 5446 ΜΒ,
1898 5369 1964 5430 MA

377 5465 551 5546 &quidl-
