4432 6340
375 490 450 559 260
733 429 737 440 ι
907 482 1129 544 BRACTON:
1152 480 1213 543 DE
1236 481 1429 544 LEGIBUS

375 634 546 724 alieuius,
566 636 632 711 sed
651 660 730 710 non
748 660 878 712 omnes
897 633 1136 723 obtinebunt,
1157 659 1245 710 cum
1263 634 1511 732 maritagium
1531 632 1754 710 divisionem
1774 658 1853 708 non
1873 632 1964 709 reei-

375 752 469 852 piat.
492 753 662 852 Oportet
682 752 802 851 igitur
824 754 871 830 de
893 753 1116 829 necessitate
1137 753 1241 851 quod
1261 777 1361 829 unus
1384 751 1466 829 aliis
1489 752 1733 851 praeferatur,
1756 752 1965 828 secundum

375 871 479 969 quod
496 870 722 970 praedictum
739 880 808 948 est.

476 994 579 1070 Cam
591 1003 721 1070 autem
735 994 981 1092 moritopiam
994 1004 1166 1094 petatur,
1179 994 1301 1089 refert
1315 994 1589 1094 praefeceritis
1602 994 1741 1072 seisino
1754 995 1801 1072 de
1817 993 1966 1081 herede,

475 1137 576 1188 aeae
592 1137 641 1188 ete
657 1113 820 1190 11011ιί1111
836 1113 898 1191 vel
913 1122 1130 1191 eatraoeos.

377 1235 482 1311 Cum
507 1245 636 1312 autem
658 1238 907 1337 maritagium
931 1237 1089 1315 alicuius
1112 1238 1261 1315 heredis
1286 1246 1444 1337 petatur
1468 1237 1517 1314 ab
1540 1261 1619 1314 uno
1643 1237 1705 1314 vel
1729 1263 1754 1312 a
1777 1236 1964 1337 pluribus,

374 1355 497 1431 refert
519 1355 603 1455 quis
626 1356 807 1433 fueritin
829 1355 1145 1446 seisina,utrum¹
1168 1357 1309 1434 scilicet
1331 1355 1408 1433 ille²
1432 1358 1497 1456 qui
1520 1357 1578 1433 ius
1602 1353 1843 1444 nonhabet:
1867 1356 1966 1432 sicut

374 1481 500 1562 mater
522 1473 598 1549 vel*
621 1475 718 1551 alius
743 1476 985 1574 propinquus
1010 1501 1150 1574 parens
1174 1476 1235 1551 vel
1260 1484 1479 1564 extraneus,
1504 1475 1565 1551 vel
1590 1501 1690 1551 unus
1716 1501 1764 1551 ex
1789 1474 1965 1574 pluribus

375 1593 603 1694 capitalibus
626 1594 789 1693 dominis
811 1595 876 1692 qui
898 1595 957 1670 ius
978 1593 1104 1670 habet.
1131 1594 1173 1671 Si
1196 1603 1326 1671 autem
1348 1594 1411 1671 ille
1434 1595 1500 1693 qui
1521 1595 1580 1670 ius
1603 1619 1682 1670 non
1704 1594 1830 1682 habet,
1854 1602 1893 1670 et
1917 1592 1966 1669 ab

375 1740 420 1791 eo
442 1721 601 1814 petatur
623 1713 672 1790 ab
694 1713 821 1811 aliquo
843 1712 999 1789 domino
1020 1712 1190 1811 capitali,
1213 1737 1292 1788 uno
1314 1711 1501 1801 videlieet,
1526 1721 1595 1788 aut
1618 1711 1837 1788 confitetiu⁸
1862 1711 1965 1810 quod

373 1831 513 1909 habeat
538 1832 666 1931 ipsum
692 1830 773 1908 aut⁰
798 1829 941 1929 negat.⁰
970 1831 1013 1908 Si
1039 1839 1169 1907 autem
1194 1831 1405 1930 negaverit,
1432 1832 1665 1930 procedatur
1690 1839 1826 1906 contra
1850 1829 1966 1918 eum,⁸

375 1951 584 2027 secundum
607 1951 710 2049 quod
731 1950 893 2026 inferius
915 1950 1063 2027 dicetur
1084 1950 1124 2026 in
1145 1958 1316 2026 tractatu
1339 1951 1386 2026 de
1408 1950 1632 2026 actionibus.
1659 1949 1701 2026 Si
1724 1958 1854 2026 autem
1876 1973 1964 2024 con·

374 2072 534 2146 fiteatur
547 2071 651 2169 quod
665 2069 793 2168 ipsum
806 2069 957 2157 habeat,
973 2077 1012 2146 et
1027 2094 1127 2145 unus
1144 2068 1382 2168 expluribus
1398 2069 1560 2145 dominis
1576 2076 1698 2168 petat,
1715 2068 1905 2168 probante
1920 2093 1966 2142 eo

375 2189 478 2286 quod
498 2198 714 2265 antecessor
733 2187 881 2263 heredis
902 2188 949 2263 de
969 2213 1013 2263 eo
1033 2186 1159 2263 tenuit
1179 2213 1250 2285 per
1270 2185 1467 2263 servitium
1486 2186 1663 2274 militare,
1686 2195 1841 2286 oportet
1862 2187 1966 2285 quod

374 2315 509 2382 tenens
531 2306 711 2382 restituat
734 2306 795 2381 vel
816 2305 1006 2381 rationem
1027 2306 1206 2382 ostendat
1229 2331 1349 2404 quare
1370 2305 1572 2381 restituere
1594 2330 1673 2380 non
1697 2303 1845 2381 debeat.
1872 2306 1965 2380 Non

374 2425 478 2503 enim
495 2424 633 2502 sufficit
650 2425 682 2501 si
700 2425 802 2501 dicat
821 2426 924 2522 quod
942 2424 1039 2500 alius
1058 2424 1180 2500 maius
1199 2424 1258 2500 ius
1276 2423 1415 2501 habeat
1433 2425 1474 2499 in
1492 2423 1709 2521 maritagio,
1730 2423 1820 2521 quia
1839 2423 1880 2499 in
1899 2449 1966 2499 ore

373 2545 540 2620 tenentis
563 2568 643 2619 non
664 2543 800 2620 iacebit
823 2542 911 2619 talis
935 2542 1121 2642 exceptio.
1147 2543 1249 2620 Cum
1273 2551 1403 2618 autem
1426 2540 1571 2641 plures⁹
1596 2542 1661 2640 qui
1684 2541 1818 2618 dicunt
1843 2543 1965 2619 seius

373 2663 513 2740 habere
525 2663 566 2738 in
579 2662 785 2761 maritagio
798 2661 964 2761 petant¹⁰
977 2662 1027 2737 ab
1040 2687 1119 2736 uno
1134 2661 1198 2760 qui
1213 2662 1271 2738 ius
1287 2686 1365 2737 non
1379 2659 1506 2748 habet,
1520 2661 1610 2736 licet
1624 2661 1847 2759 cognoverit
1861 2661 1965 2759 quod

373 2782 552 2860 heredem
570 2781 758 2870 habuerit,
776 2790 908 2858 tamen
926 2805 1006 2856 non
1024 2788 1180 2856 tenetur
1198 2779 1310 2855 alicui
1329 2804 1463 2855 eorum
1481 2777 1734 2855 hereditatem
1752 2779 1965 2867 restituere,

374 2903 495 2979 donec
509 2901 543 2978 ei
558 2899 772 2977 eonstiterit
785 2900 835 2976 de
849 2900 933 2975 iure
947 2898 1174 2998 petentium,
1191 2907 1229 2974 et
1246 2897 1330 2996 quis
1346 2923 1479 2974 eorum
1495 2897 1545 2974 sit
1561 2897 1672 2974 alteri
1688 2897 1964 2997 preferendus.

377 3022 455 3099 Sed
474 3022 623 3097 dicetur
641 3020 676 3095 ei
696 3020 799 3118 quod
820 3017 929 3094 illum
949 3019 1054 3093 salvo
1074 3015 1266 3094 custodiat
1287 3017 1408 3092 donec
1427 3015 1641 3093 constiterit
1662 3017 1710 3092 de
1730 3016 1904 3105 veritate,
1925 3025 1965 3092 et
2018 3005 2023 3016 ’

375 3141 448 3218 erit
465 3138 600 3216 heres¹¹
620 3139 653 3214 ei
671 3137 931 3214 restituendus
951 3136 1016 3234 qui
1035 3133 1277 3233 prioritatem
1296 3132 1411 3212 habet
1431 3134 1669 3210 feoffationis
1687 3144 1729 3211 et
1749 3133 1839 3233 plus
1860 3133 1963 3211 iuris.

376 3260 420 3336 Si
438 3267 568 3336 autem
586 3266 762 3333 constare
781 3280 860 3330 non
879 3253 1000 3353 possit
1020 3279 1091 3351 per
1110 3253 1278 3351 aliquam
1297 3252 1565 3352 probationem
1584 3253 1669 3351 quis
1688 3279 1822 3329 eorum
1841 3253 1965 3329 maius

374 3378 433 3456 ius
457 3375 674 3465 habuerit,¹²
699 3383 860 3475 propter
883 3373 954 3450 hoc
978 3399 1057 3449 non
1081 3372 1292 3450 remanebit
1318 3373 1454 3450 seisina
1479 3399 1566 3450 cum
1591 3399 1636 3450 eo
1662 3375 1727 3471 qui
1752 3373 1846 3450 nihil
1872 3373 1964 3450 iuris

374 3498 501 3586 habet,
516 3498 583 3574 sed
597 3497 670 3574 erit
683 3495 956 3572 transferenda
970 3496 1020 3570 ad
1035 3502 1210 3593 petentes
1225 3519 1270 3570 eo
1285 3495 1388 3592 quod
1404 3494 1571 3594 probant
1587 3520 1626 3571 se
1642 3495 1701 3571 ius
1716 3494 1866 3571 habere.
1886 3494 1965 3571 Sed

375 3626 495 3694 restat
513 3617 641 3692 videre
658 3624 792 3691 utrum
809 3613 964 3689 omnino
982 3613 1120 3689 debeat
1137 3637 1225 3688 cum
1242 3638 1321 3688 uno
1339 3638 1546 3702 remanere,
1566 3612 1638 3688 ut¹⁸
1656 3612 1713 3690 ita
1731 3613 1833 3712 quod
1854 3611 1964 3689 alteri

375 3733 615 3812 satisfaciat²⁴
634 3735 681 3811 de
698 3731 903 3809 medietate
920 3729 1072 3819 valoris,
1090 3732 1151 3807 vel
1168 3733 1271 3829 quod
1289 3730 1356 3806 uni
1374 3757 1423 3807 ex
1440 3740 1524 3807 toto
1542 3741 1739 3808 remaneat
1757 3732 1837 3808 sine
1856 3731 1963 3808 satis·

375 3856 555 3944 factione,
577 3880 665 3930 cum
685 3852 934 3950 maritagium
955 3852 1180 3929 divisionem
1202 3877 1281 3927 non
1303 3851 1474 3951 recipiat.
1498 3852 1667 3928 Videtur
1689 3853 1793 3951 quod
1815 3853 1883 3928 uni
1905 3878 1965 3928 re-

373 4002 529 4053 manere
552 3972 689 4052 debeat
710 3999 758 4050 ex
780 3982 865 4049 toto
887 3972 967 4049 sine
990 3972 1119 4070 aliqua
1140 3971 1478 4072 compensatione¹⁸
1501 3972 1728 4061 medietatis,
1754 3974 1785 4049 si
1808 3971 1964 4072 probari

374 4096 496 4196 possit
515 4096 599 4194 quis
618 4120 751 4171 eorum
769 4093 906 4170 ultimo
925 4093 1003 4169 fuit
1022 4092 1062 4168 in
1081 4092 1229 4169 seisina.
1253 4093 1296 4169 Si
1315 4103 1445 4170 autem
1465 4119 1555 4182 non,
1576 4104 1614 4171 et
1635 4094 1791 4169 omnino
1812 4094 1965 4170 deficiat

374 4216 564 4316 probatio,
587 4215 741 4292 videtur
763 4214 867 4312 quod
888 4213 952 4289 ille
975 4213 1151 4312 praeferri
1174 4213 1312 4290 debeat
1335 4214 1400 4312 qui
1423 4213 1549 4314 primo
1573 4214 1741 4292 instituit
1763 4215 1963 4291 actionem.

374 4336 476 4412 Esto
498 4335 615 4412 etiam
637 4335 740 4433 quod
761 4360 862 4410 unus
884 4359 932 4410 ex
954 4333 1129 4432 pluribus
1151 4334 1379 4432 capitalibus
1403 4334 1565 4411 dominis
1588 4335 1654 4433 qui
1676 4336 1735 4411 ius
1758 4333 1901 4412 habet¹⁸
1924 4336 1964 4410 in

373 4455 579 4552 maritagio
599 4453 719 4530 fuerit
738 4455 778 4528 in
797 4454 945 4542 seisina,
966 4463 1005 4530 et
1024 4479 1125 4529 unus
1144 4455 1205 4530 vel
1225 4455 1356 4554 plures
1377 4463 1514 4554 petant
1533 4455 1793 4554 maritagium,
1814 4457 1877 4532 ille
1899 4456 1964 4555 qui

373 4582 480 4650 tenet
497 4575 539 4648 in
556 4573 693 4650 seisina
711 4572 922 4650 remanebit
941 4575 1061 4650 donec
1079 4575 1293 4651 constiterit
1314 4575 1397 4674 quis
1416 4601 1549 4652 eorum
1567 4576 1690 4653 maius
1710 4577 1770 4653 ius
1788 4576 1964 4654 habuerit

458 4788 563 4866 ².,Om
581 4789 651 4867 OB,
669 4789 745 4866 MA,
765 4788 894 4850 ΜΒ.
895 4789 984 4853 ’11111
1002 4795 1083 4870 qui
1074 4813 1121 4854 rua
1140 4792 1233 4854 babet
1251 4813 1292 4852 an
1310 4793 1364 4854 ille
1384 4796 1436 4872 qui
1455 4798 1503 4856 ius
1521 4814 1584 4853 uon
1604 4792 1709 4868 habet,
1728 4793 1773 4868 V;
1793 4793 1848 4862 εἰσ,
1869 4791 1963 4855 MSS.

374 4891 440 4966 111,
458 4892 528 4967 OB,
548 4893 624 4969 MA,
643 4892 720 4968 ΜΒ,
740 4892 819 4969 MG,
837 4893 912 4970 CM,
931 4892 999 4970 ΟΕ,
1017 4894 1057 4955 Y.
1098 4892 1266 4955 confiteb
1267 4901 1329 4972 tur
1349 4895 1418 4968 OB,
1437 4895 1514 4971 MA,
1534 4893 1664 4956 MB..⁰
1666 4893 1750 4956 ’1111
1770 4903 1874 4974 neget,
1894 4896 1964 4969 OB,

375 4993 451 5069 MA,
467 4993 549 5067 MB;
566 5000 622 5055 aut
635 5001 739 5073 neget
755 4993 823 5069 OE,
841 4994 915 5069 CM,
932 4992 1022 5057 Y.⁸
1033 4999 1147 5074 ipsum,
1162 4994 1202 5071 V,
1220 4997 1289 5072 OA,
1304 4997 1372 5073 LA,
1390 4996 1456 5070 OC,
1475 4997 1548 5058 MC.
1588 4995 1676 5058 ⁰aint
1692 4996 1810 5076 plures,
1828 4996 1867 5073 V,
1886 4996 1964 5071 MG,

374 5096 444 5170 OB,
456 5095 647 5170 ΜΑ,.001
649 5095 834 5170 ⁰Om„0B
849 5096 925 5170 MA,
939 5098 1015 5172 ΜΒ,
1029 5097 1107 5172 MG,
1121 5099 1196 5172 CM,
1209 5098 1411 5174 Y„,OALA
1426 5099 1499 5174 MC,
1514 5098 1586 5171 OC;
1601 5097 1857 5178 etpetunt,.¹V
1860 5096 1964 5171 ².Om,

374 5195 444 5270 OB,
466 5194 542 5270 MA,
565 5195 695 5257 MB.²
698 5194 846 5271 111111111,
867 5196 946 5272 MG,
967 5197 1008 5272 Y,
1031 5196 1162 5259 cM.²
1163 5196 1268 5273 ⁸Om.,
1292 5198 1358 5274 CB,
1382 5199 1513 5260 MC.¹
1514 5197 1682 5276 1111111111,
1706 5200 1774 5274 OA,
1798 5200 1865 5276 LA,
1890 5199 1962 5260 MC.

373 5294 401 5330 11
413 5300 703 5374 recompensatione,
721 5297 766 5372 V;
785 5301 1016 5377 expensatione,
1035 5298 1111 5360 MG.
1151 5296 1178 5332 11
1190 5299 1314 5374 babent,
1333 5300 1403 5376 OA,
1422 5301 1489 5378 LA,
1509 5302 1575 5378 ΟΕ,
1593 5302 1634 5378 Y,
1653 5303 1728 5377 CM,
1747 5302 1826 5375 MC;
1847 5300 1964 5374 habuit,

374 5397 443 5473 OB,
463 5397 540 5472 MA,
561 5398 636 5460 ΜΒ.
