4392 6352
399 490 474 560 296
932 480 1154 542 BRACTON:
1177 480 1238 542 DE
1261 481 1454 544 LEGIBUS

498 635 604 710 Item
618 633 680 710 coi
694 633 793 710 actio
807 631 1033 709 iniuriarum
1049 641 1256 731 competat,
1272 641 1311 710 et
1325 641 1461 708 contra
1475 655 1600 731 qoem.

398 753 533 828 Acrro
554 777 647 828 vero
668 749 896 826 iniuriarum
917 751 1102 850 competit
1126 751 1159 826 ei
1182 751 1249 849 qui
1271 751 1544 828 contumeliam
1566 751 1627 827 vel
1650 750 1831 828 iniuriam
1854 775 1990 850 passus

399 877 458 946 est
482 879 618 946 eontra
640 893 730 945 eum
754 869 820 967 qui
844 869 1023 945 iniuriam
1046 867 1190 957 intulit,
1215 869 1275 945 vel
1300 867 1510 968 pulsavit,'⁸
1535 868 1751 946 verberavit
1776 868 1866 944 vel¹⁴
1891 867 1991 945 male

398 987 593 1076 tractavit,
615 988 717 1064 etin
738 1013 815 1086 qua
836 987 952 1064 iudex
974 1013 1062 1063 eum
1083 987 1184 1064 tanti
1206 987 1475 1064 condemnabit
1498 988 1633 1086 quanti
1657 995 1764 1064 actor
1785 987 1928 1064 dixerit
1950 1013 1991 1064 se

398 1105 501 1183 nolle
516 1105 695 1182 iniuriam
712 1105 947 1194 sustinuisse,
966 1105 1136 1182 adhibita
1153 1114 1285 1182 tamen
1301 1131 1372 1204 per
1389 1105 1553 1182 iudicem
1569 1105 1778 1182 taxatione.

498 1226 605 1301 Item
622 1223 920 1324 caiactioqood
935 1233 1258 1312 hermeatones
1276 1231 1553 1322 contraquam.
1975 1317 1976 1320 Ν

399 1344 533 1420 Acrro
556 1344 659 1442 quod
681 1349 807 1419 metus
830 1366 945 1418 causa
967 1343 1085 1418 datur
1107 1343 1141 1418 ei
1164 1343 1230 1440 qui
1254 1341 1443 1440 probabili
1467 1351 1574 1419 metu
1597 1351 1751 1419 coactus
1775 1367 1857 1418 rem
1881 1368 1991 1419 suam

398 1461 571 1549 tradidit,
593 1461 777 1549 vendidit,
797 1460 858 1536 vel
879 1459 1067 1560 promisit,
1087 1485 1220 1537 versus
1241 1485 1330 1536 eum
1350 1461 1416 1558 qui
1436 1469 1583 1537 metum
1603 1460 1746 1538 intulit.
1769 1460 1828 1538 Et
1849 1460 1990 1537 dicitur

398 1589 524 1657 metus
539 1579 748 1679 probabilis
763 1579 828 1678 qui
843 1580 885 1655 in
899 1579 1024 1656 virum
1039 1587 1280 1655 constantem
1295 1579 1431 1655 cadere
1447 1587 1577 1677 posset
1592 1588 1632 1655 et
1648 1604 1727 1655 non
1742 1579 1783 1654 in
1798 1579 1990 1655 hominem

398 1698 675 1775 meticulosum.
696 1699 815 1774 Actio
836 1698 884 1774 de
905 1696 994 1773 dolo
1013 1697 1197 1795 competit
1218 1697 1252 1773 ei
1273 1705 1408 1772 contra
1428 1722 1543 1795 quem
1564 1695 1702 1773 dolus’⁵
1724 1697 1988 1773 committitur.

397 1817 517 1895 Actio
533 1842 625 1894 vero
642 1817 720 1893 sive
736 1814 983 1892 interdictum
1000 1816 1103 1890 unde
1119 1815 1157 1890 vi
1174 1816 1385 1892 semmdum
1402 1815 1505 1913 quod
1521 1814 1669 1913 duplex
1687 1825 1757 1904 est,
1777 1815 1919 1892 seilicet
1935 1815 1990 1891 rei

398 1935 637 2013 restitutoria
655 1943 694 2010 et
713 1934 887 2034 poenalis,
907 1933 1024 2010 datur
1042 1942 1178 2009 contra
1197 1959 1285 2010 eum
1304 1933 1369 2031 qui
1388 1933 1427 2008 vi
1447 1933 1594 2022 deiecit,
1614 1942 1654 2010 et
1674 1933 1791 2010 datur
1811 1934 1844 2010 ei
1866 1934 1931 2032 qui
1951 1933 1990 2009 vi

398 2054 566 2130 deiectus
582 2063 640 2130 est
656 2053 706 2128 ad
721 2051 1003 2129 restitutionem
1019 2050 1266 2150 possessionis
1282 2051 1338 2127 rei
1354 2051 1555 2128 immobilis
1571 2077 1649 2150 qua
1665 2052 1749 2150 quis
1766 2051 1804 2128 vi
1820 2052 1989 2129 deiectus

398 2180 467 2248 est.
486 2171 546 2246 Bt
562 2197 638 2270 quo
655 2195 746 2247 casu
765 2170 910 2268 duplex
927 2179 986 2246 est
1003 2169 1044 2245 in
1061 2194 1228 2268 persona
1246 2169 1456 2259 deiectoris,
1476 2170 1686 2247 secundum
1705 2170 1809 2269 quod
1827 2169 1990 2246 inferius

397 2289 547 2367 dicetur
562 2289 603 2364 in
619 2289 738 2364 assisa
753 2312 860 2363 norae
877 2287 1092 2375 disseisinae,
1109 2297 1148 2365 et
1165 2289 1205 2362 in
1222 2313 1299 2386 qua
1315 2312 1385 2364 nec
1401 2288 1617 2364 mortalitas
1635 2312 1704 2364 nec
1722 2313 1831 2365 casus
1850 2289 1988 2364 fortui-

397 2417 462 2484 tus
477 2407 615 2484 liberat
629 2407 871 2484 deiectorem.

496 2528 602 2603 Item
618 2527 679 2604 eoi
694 2534 733 2602 et
748 2533 1011 2623 contraquam
1027 2531 1221 2622 competat
1237 2524 1485 2601 interdictam
1501 2524 1606 2624 qaod
1622 2525 1660 2600 vi
1675 2535 1744 2600 out
1761 2524 1871 2601 clam.

397 2645 531 2720 Aemo
552 2645 631 2721 sive
649 2642 897 2720 interdictum
917 2641 1021 2740 quod
1041 2641 1079 2717 vi
1100 2641 1287 2719 antelam
1308 2642 1425 2719 datrrr
1446 2642 1628 2720 adversus
1650 2667 1737 2718 eum
1759 2643 1825 2742 qui
1846 2643 1887 2718 in
1907 2643 1988 2720 solo

336 2853 343 2866 ,
396 2759 485 2838 vel²‘
499 2759 650 2838 tundo²⁷
664 2759 977 2837 alteriusnovum
990 2784 1088 2858 opus
1102 2758 1248 2835 manu²⁸
1262 2758 1695 2837 laetum¹⁹construxit⁸⁰
1709 2761 1770 2837 vel
1783 2760 1987 2848 destruxit,

397 2880 426 2955 f.
443 2881 535 2973 104]
591 2889 630 2956 et
649 2905 690 2956 se
709 2877 915 2954 occultavit
934 2903 985 2953 ne
1005 2876 1088 2954 sibi¹
1109 2876 1388 2978 prohiberetur.
1410 2879 1470 2955 Et
1490 2879 1555 2977 qui
1575 2878 1670 2955 talia
1690 2879 1906 2957 construxit
1926 2878 1987 2954 vel

397 2997 590 3074 destruxit
615 2997 808 3096 perhanc
833 2995 1023 3073 actionem
1048 2996 1300 3094 compelletur
1326 3006 1371 3073 ut
1397 2997 1438 3072 id
1464 2998 1567 3096 quod
1594 2998 1687 3074 fecit
1713 2997 1754 3073 in
1780 2997 1988 3096 pristinum

397 3124 544 3192 statum
562 3115 639 3192 suis
657 3114 874 3214 sumptibus
894 3123 1069 3212 reponat,
1088 3124 1132 3191 ut
1152 3141 1211 3191 res
1231 3115 1280 3190 sit
1300 3115 1397 3191 sicut
1416 3115 1511 3192 solet
1531 3140 1612 3192 esse
1632 3125 1672 3192 et
1690 3114 1814 3192 debet.
1836 3115 1986 3192 Huius·

396 3233 500 3311 modi
514 3259 605 3310 vero
619 3233 786 3309 actiones
801 3233 879 3309 sive
893 3231 1097 3308 interdicta
1111 3256 1190 3308 non
1205 3232 1349 3309 dantur
1363 3233 1564 3310 heredibus
1580 3259 1704 3333 neque
1720 3235 1761 3309 in
1775 3234 1932 3311 heredes
1947 3234 1987 3309 in

397 3377 442 3428 eo
460 3352 563 3450 quod
581 3350 749 3450 poenalia
766 3359 869 3439 sunt,
886 3351 952 3427 sed
971 3352 1115 3426 dantur
1132 3351 1172 3426 in
1189 3377 1234 3427 eo
1252 3351 1356 3449 quod
1374 3361 1465 3428 sunt
1482 3353 1731 3429 restitutoria.

495 3470 602 3547 Item
628 3469 690 3546 aa
717 3477 757 3546 et
782 3477 917 3545 contra
943 3492 1058 3567 qaam
1085 3477 1280 3567 competat
1307 3468 1555 3546 interdictum
1582 3470 1630 3548 de
1658 3471 1794 3548 itincre
1823 3479 1987 3569 actaque

495 3587 661 3685 privato.
1011 3603 1013 3606 ’

396 3706 530 3781 Acrro
546 3730 638 3781 vero
655 3705 734 3781 sive
749 3703 997 3781 interdictum
1014 3703 1062 3780 de
1079 3704 1215 3781 itinere
1231 3715 1396 3804 actuque
1413 3706 1567 3804 privato
1585 3705 1703 3782 datur
1721 3707 1905 3784 adversus
1923 3732 1986 3783 eos

397 3823 463 3922 qui
484 3823 624 3900 iniuste
646 3822 812 3921 aliquem
835 3821 1052 3921 prohibent¹
1075 3823 1133 3899 uti
1157 3849 1227 3900 sua
1249 3823 1444 3900 servitute.
1468 3824 1541 3901 Ait
1565 3823 1668 3902 enim
1690 3833 1844 3924 praetor,
1869 3823 1986 3925 quod⁸

255 3967 258 3974 ’
395 3942 531 4018 itinere
551 3951 716 4040 actuque
735 3941 889 4041 privato
910 3941 1051 4039 agitur,
1073 3941 1134 4017 vel
1154 3941 1216 4018 via
1236 3941 1307 4016 hoc
1327 3966 1429 4018 anno
1450 3967 1520 4018 nec
1540 3943 1578 4018 vi
1599 3968 1669 4020 nec
1689 3943 1788 4020 clam
1809 3968 1879 4021 nec
1899 3969 1985 4043 pre·

396 4060 498 4136 cario
516 4061 564 4137 ab
581 4060 800 4136 adversario
817 4085 930 4136 usum
948 4066 1018 4148 est,
1037 4085 1113 4158 quo
1131 4059 1257 4136 minus
1276 4061 1331 4137 ita
1349 4069 1496 4149 utatur,
1514 4061 1592 4137 vim
1609 4061 1693 4137 fieri
1711 4070 1811 4138 veto.
1831 4061 1889 4138 Et
1908 4061 1986 4136 haec

396 4178 524 4254 omnia
538 4178 743 4255 interdicta
757 4203 806 4254 ex
820 4176 1007 4254 maleficio
1021 4177 1210 4254 oriuntur.

495 4296 560 4372 Dc
575 4296 780 4374 interdicto
795 4319 959 4395 quoram
976 4296 1174 4373 bonoram.

395 4413 479 4489 Esr
493 4412 610 4489 etiam
624 4412 870 4489 interdictum
885 4413 963 4490 sive
977 4413 1076 4489 aetio
1092 4439 1256 4512 quorum
1270 4414 1460 4492 bonorum
1474 4441 1557 4513 quae
1571 4441 1651 4492 non
1665 4417 1790 4492 oritur
1805 4443 1854 4493 ex
1869 4415 1984 4493 male·

396 4531 494 4619 ficio,
510 4532 578 4606 sed
595 4557 643 4606 ex
661 4531 769 4629 quasi
787 4540 999 4619 contractu,
1018 4541 1056 4608 et
1074 4531 1191 4608 datur
1207 4533 1408 4610 heredibus
1426 4533 1765 4633 propinquioribus
1783 4535 1831 4612 de
1848 4535 1986 4612 seisina

396 4649 655 4736 antecessoris,
675 4657 714 4725 et
733 4648 851 4726 datur
870 4648 1052 4725 adversus
1072 4649 1262 4748 quoslibet
1281 4651 1529 4750 possidentes.

495 4847 591 4925 Ata
606 4847 740 4926 ovino
756 4848 961 4926 actionum.

396 4966 633 5043 Acnonou
649 4975 779 5044 autem
794 4965 959 5042 civilium
975 4991 1059 5066 quae
1075 4977 1165 5044 sunt
1180 4968 1220 5044 in
1235 4994 1328 5056 rem,
1344 4969 1427 5045 aliae
1442 4970 1542 5046 datae
1557 4981 1647 5048 sunt
1664 4998 1782 5070 super
1797 4973 1884 5072 ipsa
1897 4998 1985 5072 pos·

395 5131 571 5211 ”pulsavit
588 5133 647 5207 vel,
666 5134 744 5208 MG,
763 5134 835 5193 CM.
877 5133 903 5167 ²⁴
915 5142 956 5209 et,
973 5135 1013 5208 V,
1032 5135 1101 5211 OA,
1120 5136 1187 5210 LA,
1205 5136 1272 5211 OC,
1293 5137 1366 5197 MC.
1407 5136 1434 5171 ²⁸
1444 5136 1527 5212 dolo,
1547 5139 1615 5213 OA,
1635 5141 1702 5214 LA,
1722 5141 1790 5216 OB,
1811 5141 1888 5216 ΜΒ,
1906 5142 1985 5218 MG,

396 5233 470 5294 cM.
504 5231 571 5266 ’’’’’
583 5234 662 5306 Om.,
677 5232 745 5306 OB,
759 5234 835 5308 MA,
850 5234 925 5309 MB,
940 5234 986 5307 Y;
1001 5236 1050 5295 vel
1064 5239 1097 5294 in
1112 5235 1220 5309 fundo,
1236 5236 1313 5312 MG,
1329 5238 1403 5313 CM,
1418 5238 1484 5299 OC.
1520 5237 1587 5274 ’⁸¹²⁹
1597 5240 1808 5317 manifestum,
1823 5244 1892 5319 OB,
1908 5244 1985 5317 MA,

395 5333 472 5407 ΜΒ,
493 5332 558 5393 ΟΕ.
598 5329 626 5366 ⁸⁰
637 5337 853 5407 construxerit,
874 5334 943 5409 ΟΔ,
963 5333 1032 5410 ΟΒ,
1051 5334 1118 5396 CB.

477 5430 581 5505 ²Om,
596 5432 672 5505 MA,
686 5433 761 5493 MB.
786 5431 990 5511 'prohibunt
1004 5434 1081 5509 MA,
1095 5436 1170 5497 ΜΒ.
1196 5434 1312 5515 ⁸quod,
1328 5438 1439 5513 MSS.;
1456 5460 1526 5519 quo,
1541 5443 1617 5522 Dig.
1634 5449 1683 5505 48.
1703 5450 1750 5508 19.
1770 5451 1796 5506 1.
