4432 6336
660 491 721 551 DE
744 490 1047 563 ADQUIBBNDO
1070 489 1228 551 RERUM
1251 488 1454 551 DOMINIO
1782 497 1855 564 159

264 667 353 720 cum
368 641 452 741 quis
467 642 632 741 adeptus
648 641 768 719 fuerit
782 642 1060 741 possessionem
1074 668 1145 741 per
1161 666 1202 717 se
1216 641 1297 717 sine
1312 642 1428 719 titulo
1443 649 1482 718 et
1498 640 1717 731 traditione,
1735 641 1855 740 quali-

264 771 326 839 ter
351 761 569 860 adquiritur
596 761 783 860 possessio
810 769 849 838 et
874 760 1087 837 dominium
1113 785 1243 836 rerum
1270 785 1318 835 ex
1343 769 1530 859 tempore.
1560 761 1665 836 Item
1691 761 1856 859 qualiter

264 906 395 957 rerum
409 880 709 979 incorporalium
722 881 820 956 sicut
834 878 938 967 iuris,
954 879 1094 957 scilicet
1110 878 1268 955 alicuius
1284 877 1478 955 servitutis
1494 879 1534 952 in
1550 878 1673 954 alieno
1689 878 1856 976 adquiri-

263 1007 331 1075 tur
344 998 555 1075 dominium
569 1005 608 1074 et
622 998 810 1098 possessio
823 1024 894 1097 per
908 996 1108 1095 longum,⁸²
1122 996 1359 1085 continuum,
1376 1006 1415 1074 et
1430 995 1633 1096 pacificum
1647 1022 1761 1073 usum
1776 997 1856 1074 sine

265 1141 452 1194 consensu
467 1141 661 1217 expresso,
677 1143 726 1193 ex
742 1115 931 1216 patientia
946 1117 1026 1193 veri
1043 1116 1187 1192 domini
1203 1116 1269 1214 qui
1287 1115 1395 1192 scivit
1413 1125 1451 1193 et
1469 1140 1547 1191 non
1564 1115 1771 1215 prohibuit,
1790 1116 1857 1193 sed

265 1238 440 1337 permisit
458 1238 506 1314 de
522 1261 710 1314 consensu
727 1237 856 1314 tacito.
877 1237 996 1313 Nunc
1015 1245 1144 1313 autem
1164 1235 1394 1313 dicendum⁸³
1414 1237 1580 1336 qualiter
1599 1237 1858 1335 adquiruntur

266 1385 396 1435 rerum
419 1357 719 1457 incorporalium
743 1358 911 1435 dominia
933 1368 972 1435 et
995 1359 1195 1458 possessio,
1221 1358 1318 1435 sicut
1342 1357 1483 1434 iurium
1508 1384 1558 1434 ex
1580 1383 1767 1434 consensu
1792 1384 1856 1434 ex·

266 1503 410 1577 press0,
424 1502 602 1554 excausa
616 1477 834 1554 donationis
849 1487 887 1554 et
903 1477 1185 1554 constitutionis
1202 1475 1437 1553 servitutis.⁸⁴
1455 1478 1552 1552 Iura
1567 1476 1754 1576 siquidem
1769 1500 1858 1553 cum

267 1597 343 1673 sint
359 1595 615 1695 incorporalia
630 1595 750 1672 videri
767 1621 845 1672 non
861 1605 1058 1694 poterunt,
1076 1620 1199 1695 neque
1215 1595 1337 1693 tangi,
1355 1604 1394 1672 et
1411 1595 1497 1671 ideo
1513 1595 1761 1672 traditionem
1779 1620 1857 1671 non

266 1714 471 1813 patiuntur
486 1714 584 1792 sicut
599 1739 659 1791 res
676 1715 905 1813 corporales.
923 1715 1093 1813 Oportet
1108 1713 1229 1812 igitur
1245 1714 1293 1790 de
1309 1713 1534 1791 necessitate
1551 1714 1654 1813 quod
1670 1715 1711 1790 in
1727 1714 1855 1791 hrrius·

265 1833 370 1910 modi
384 1833 634 1910 contrahatur
648 1833 805 1909 donatio
819 1859 867 1909 ex
882 1833 1027 1909 affectu
1041 1832 1361 1922 contrahentium,
1377 1842 1416 1910 et
1431 1832 1511 1909 solo
1527 1833 1654 1908 animo
1669 1841 1707 1909 et
1722 1832 1855 1908 volun·

266 1951 296 2027 f.
311 1953 380 2045 53]
436 1959 517 2027 tate
532 1952 793 2029 transferendi
810 1962 848 2028 et
866 1951 1087 2050 accipiendi,
1105 1960 1144 2028 et
1161 1960 1320 2050 aspectu
1337 1952 1391 2027 rei
1408 1951 1629 2050 corporalis,
1646 1952 1707 2026 cui
1724 1953 1857 2029 insunt

266 2069 484 2146 huiusmodi
508 2071 604 2158 iura,
630 2079 668 2146 et
693 2070 745 2147 sic
770 2071 878 2169 quasi
904 2069 1150 2169 possidentur
1175 2095 1223 2145 ex
1248 2069 1402 2146 fictione
1426 2069 1531 2158 iuris,
1558 2079 1597 2147 et
1622 2069 1686 2146 ille
1713 2070 1778 2170 qui
1804 2070 1856 2146 sic

265 2186 306 2263 in
321 2188 558 2287 possessione
575 2188 695 2265 fuerit
712 2214 760 2264 ex
778 2188 869 2264 iuris
886 2187 1051 2277 fictione,
1069 2214 1221 2287 semper
1239 2187 1347 2286 quasi
1365 2187 1489 2264 utitur
1507 2188 1627 2264 donec
1645 2188 1764 2265 fuerit
1781 2188 1856 2264 dis·

268 2308 418 2386 saisitus
446 2334 516 2407 per
543 2307 776 2396 violentiam,
806 2308 867 2382 vel
895 2307 976 2383 sine
1005 2307 1186 2383 violentia
1215 2332 1286 2406 per
1314 2332 1394 2383 non
1421 2331 1524 2383 usus.
1555 2307 1725 2405 Adquiri
1755 2307 1857 2383 enim

265 2427 410 2525 poterit
428 2425 615 2524 possessio
634 2425 688 2501 rei
707 2425 916 2525 corporalis
935 2408 1018 2502 sine
1035 2451 1120 2514 usu,
1139 2425 1191 2502 et¹
1213 2425 1386 2501 similiter
1404 2426 1459 2501 rei
1478 2425 1728 2524 incorporalis
1748 2425 1857 2525 quasi
1913 2417 1921 2432 ’

265 2544 455 2644 possessio
472 2544 553 2621 sine
570 2543 669 2620 usu.⁸
691 2544 769 2620 Sed
788 2569 875 2620 cum
894 2569 985 2621 usus
1004 2543 1253 2621 intervenerit
1271 2544 1313 2618 in
1331 2570 1373 2620 re
1391 2542 1648 2642 incorporah‚⁸
1669 2545 1858 2620 retinetur

266 2663 455 2762 possessio
468 2688 538 2762 per
553 2687 666 2740 usum
681 2671 720 2739 et
734 2662 896 2738 efficitur
910 2688 1012 2751 vera,
1028 2687 1112 2762 quae
1126 2662 1234 2762 prius
1250 2661 1328 2739 fuit
1343 2662 1490 2750 fictitia,
1507 2671 1546 2739 et
1562 2687 1649 2738 cum
1665 2662 1749 2761 quis
1764 2687 1856 2739 usus

266 2781 387 2858 fuerit
400 2780 482 2857 iure
495 2781 576 2870 tali,
592 2781 642 2857 ad
657 2780 775 2857 alium
789 2781 1003 2858 transferre
1018 2782 1163 2880 poterit
1178 2781 1236 2856 ius
1251 2790 1290 2858 et
1305 2807 1418 2857 usum
1433 2779 1557 2869 simul,
1574 2781 1678 2880 quod
1692 2807 1772 2857 non
1788 2807 1855 2880 po·

264 2898 342 2976 tuit
362 2908 452 2976 ante
471 2925 596 2977 usum.
617 2901 721 2977 Item
739 2901 771 2976 si
790 2898 854 2975 ille
872 2900 933 2975 cui
952 2899 1163 2976 constituta
1182 2899 1302 2975 fuerit
1322 2899 1497 2988 servitus,
1517 2899 1558 2974 in
1577 2899 1659 2975 vita
1678 2925 1749 2976 sua
1768 2924 1857 2975 cum

265 3017 362 3095 nolit
378 3017 438 3095 vel
454 3042 532 3094 non
547 3019 669 3118 possit
684 3043 777 3094 usus
792 3043 872 3093 non
888 3017 1019 3107 fuerit,
1036 3018 1144 3094 heres
1161 3043 1251 3095 suus
1268 3017 1326 3094 uti
1344 3017 1487 3116 poterit
1505 3016 1537 3094 si
1554 3018 1717 3094 servitus
1735 3018 1856 3095 fuerit

265 3138 477 3215 constituta
492 3138 562 3214 sibi
577 3145 617 3212 et
632 3136 834 3214 heredibus
850 3136 939 3225 suis,
956 3146 994 3213 et
1011 3136 1064 3212 sic
1080 3136 1127 3213 de
1143 3135 1282 3211 herede
1297 3135 1339 3211 in
1354 3136 1544 3224 heredem,
1561 3136 1800 3235 propinquos
1817 3146 1856 3214 et

266 3263 446 3347 remotos,
471 3282 542 3356 per
566 3255 724 3332 modum
750 3255 977 3331 donationis.
1007 3254 1050 3330 Si
1076 3263 1206 3330 autem
1233 3254 1285 3330 sic
1310 3253 1521 3330 constituta
1547 3253 1666 3331 fuerit
1693 3255 1855 3331 servitus

265 3373 335 3452 tali
356 3384 394 3452 et
413 3373 614 3451 heredibus
635 3374 724 3462 suis,
743 3373 805 3449 vel
824 3374 886 3449 cui
906 3374 999 3451 dare
1019 3373 1080 3449 vel
1102 3373 1297 3471 assignare
1317 3372 1493 3462 voluerit,
1515 3398 1646 3449 omnes
1666 3372 1763 3450 tales
1785 3399 1856 3473 per

265 3493 423 3569 modum
437 3492 719 3571 constitutionis
735 3492 814 3569 sive
829 3491 1045 3568 donationis
1061 3491 1321 3568 admittuntur
1338 3491 1387 3567 ad
1403 3517 1518 3568 usum
1533 3491 1751 3580 successive,
1768 3516 1857 3568 cum

266 3611 344 3688 sint
359 3611 468 3711 quasi
482 3611 523 3687 in
538 3611 786 3710 possessione,
803 3620 842 3688 et
858 3635 989 3687 omnes
1007 3609 1070 3686 alii
1088 3611 1137 3686 ab
1154 3635 1227 3686 usu
1243 3611 1398 3709 penitus
1415 3609 1685 3687 excluduntur.
1704 3609 1854 3686 Huius·

265 3729 369 3805 modi
394 3728 647 3807 antemium*
672 3728 783 3806 sicut⁸
809 3729 1012 3806 servitutes
1038 3728 1112 3805 dici
1137 3736 1322 3828 poterunt
1348 3728 1589 3826 pertinentia
1615 3729 1774 3805 alicuius
1800 3729 1855 3806 rei

266 3849 487 3947 corporalis,
513 3858 552 3926 et
577 3848 773 3947 pertinent
799 3848 846 3925 de
871 3873 913 3924 re
937 3847 1128 3946 eorporah
1153 3848 1205 3923 ad
1229 3873 1311 3922 rem
1335 3846 1586 3946 corporalem,
1613 3847 1766 3924 scilicet⁸
1793 3845 1854 3923 de'

267 3963 405 4042 fundo⁸
432 3966 492 4043 vel
518 3973 738 4044 tenemento
765 3965 888 4042 alieno
915 3965 965 4041 ad
992 3965 1160 4041 fundum
1186 3963 1261 4040 vel’
1288 3974 1551 4042 tenementum
1580 3965 1738 4042 alicuius
1765 3991 1854 4063 pro·

266 4085 407 4184 prium,
423 4095 461 4162 et
476 4086 547 4161 hoc
562 4085 694 4164 multis
709 4086 832 4163 modis
849 4086 1059 4163 secundum
1075 4086 1178 4184 quod
1194 4085 1300 4161 infra
1317 4085 1466 4161 dicetur
1482 4084 1633 4184 plenius
1652 4086 1700 4162 de
1717 4087 1853 4163 assisis.

266 4204 578 4282 Transieruntur
592 4202 736 4283 etiam¹⁰
750 4205 967 4282 huiusmodi
981 4206 1066 4280 iura
1080 4204 1128 4280 de
1144 4229 1309 4302 persona
1324 4203 1365 4278 in
1379 4228 1584 4303 personam
1600 4230 1671 4303 per
1686 4230 1800 4280 usum
1815 4215 1855 4282 et

266 4322 375 4420 quasi
389 4332 480 4400 ante
494 4348 608 4399 usum
622 4331 667 4399 ut
682 4323 910 4422 pradictum
925 4332 993 4400 est.
1012 4324 1116 4399 Item
1132 4323 1229 4399 sicut
1245 4322 1441 4421 pertinent
1456 4321 1541 4398 iura
1557 4322 1607 4398 ad
1624 4322 1790 4421 aliquem
1806 4348 1855 4398 ex

266 4440 401 4529 alieno,
417 4440 472 4516 ita
487 4441 682 4540 pertinent
696 4442 738 4518 in
752 4440 922 4541 proprio.
940 4441 1001 4519 Ut
1016 4441 1048 4518 si
1063 4440 1147 4539 quis
1163 4441 1331 4517 fundum
1346 4440 1522 4518 habuerit
1539 4440 1589 4516 ad
1606 4466 1720 4540 quem
1736 4442 1854 4540 perti-

265 4571 356 4639 neat
375 4559 575 4637 advocatio
592 4559 766 4649 ecclesiae,
784 4561 844 4638 ius
862 4560 1120 4659 praesentandi
1139 4557 1346 4658 pertinebit
1366 4560 1416 4634 ad
1435 4558 1644 4648 dominum,
1664 4569 1703 4636 et
1722 4585 1854 4659 quam-

265 4679 322 4755 vis
338 4679 495 4757 ecclesia
511 4679 721 4756 secundum
738 4679 841 4778 quod
858 4677 1095 4755 construitur
1112 4677 1226 4775 lignis
1244 4687 1283 4754 et
1300 4677 1493 4776 lapidibus
1511 4677 1738 4777 corporale¹¹
1757 4676 1855 4767 est,¹¹

265 4795 324 4873 ius
338 4805 470 4873 tamen
485 4795 743 4897 praesentandi
760 4796 832 4874 erit
849 4795 1106 4895 incorporale:
1122 4802 1162 4871 et
1177 4795 1281 4871 unde
1297 4795 1402 4872 aliud
1419 4806 1477 4873 est
1494 4797 1587 4873 dare
1603 4795 1799 4873 ecclesiam
1816 4806 1855 4873 et

266 5009 430 5091 ⁸'longum
449 5021 491 5088 et,
508 5014 577 5088 OB,
597 5015 672 5090 MA,
693 5013 769 5087 MB,
789 5015 856 5088 LA,
875 5013 948 5073 ΜΟ.
990 5010 1016 5046 ⁸⁸
1028 5010 1190 5073 dIcendum
1209 5019 1267 5087 est,
1287 5012 1326 5088 V,
1348 5011 1423 5072 MG.
1466 5009 1493 5044 ⁸⁴
1504 5015 1696 5088 servitutum,
1716 5013 1793 5086 MG,
1815 5013 1854 5074 Y.

348 5111 387 5147 ²⁴
399 5113 479 5187 Om,
495 5114 564 5190 OB,
581 5113 659 5187 MG,
679 5113 735 5192 (4-
748 5113 844 5192 ΜΑ).
882 5111 1072 5191 ἐοφοτιΙί,
1088 5113 1158 5188 ΟΒ,
1175 5113 1251 5186 MA,
1269 5113 1346 5188 ΜΒ,
1362 5114 1403 5189 Υ,
1420 5114 1495 5189 ΟΜ,
1514 5114 1590 5175 MG.
1630 5112 1761 5189 ⁴·⁵0m.,
1779 5115 1853 5176 ΜΛ.

265 5211 370 5290 ⁸Om.,
390 5212 459 5289 OB,
481 5215 556 5276 MB.
598 5212 730 5291 ‘'⁸Om,
749 5215 825 5275 MA.
867 5211 997 5288 ''⁸Om.,
1017 5214 1086 5289 OB,
1108 5216 1184 5289 ΜΒ,
1206 5215 1272 5275 ΟΕ.
1314 5213 1381 5291 ⁰et,
1402 5216 1472 5291 OB,
1495 5216 1570 5291 MA,
1593 5216 1669 5292 MB,
1691 5216 1758 5290 ΟΕ,
1779 5216 1853 5277 ΟΜ.

264 5311 290 5350 ²⁰
303 5313 384 5392 Ona,
399 5315 479 5388 ΟΜ,
494 5319 585 5392 uum,
600 5315 672 5389 cm
689 5323 802 5391 cutm,
817 5315 858 5390 V,
873 5316 943 5391 OB,
958 5316 1034 5388 MA,
1050 5316 1127 5390 MB,
1142 5316 1208 5378 ΟΟ.
1246 5313 1312 5349 ¹¹¹¹²
1324 5315 1404 5392 Ona,
1421 5317 1490 5390 OA,
1506 5317 1575 5391 OB,
1592 5317 1668 5394 MA,
1686 5318 1762 5394 MB,
1780 5317 1853 5394 ΜΟ,

266 5416 344 5494 ΜΟ,
358 5416 425 5493 CE,
438 5416 512 5490 CM,
526 5418 593 5492 LA,
607 5418 652 5491 Y;
665 5416 821 5495 lapidibus
836 5423 877 5479 sit
891 5436 940 5478 res
953 5417 1135 5495 corporalis,
1148 5418 1193 5490 V;
1207 5418 1262 5488 ric,
1276 5416 1341 5477 OC.
