4432 6336
385 405 434 474 88
915 393 1137 456 annosos:
1160 393 1221 455 na
1245 390 1437 456 Lamnus

384 573 479 625 sona
497 546 692 635 heredum,
712 553 847 623 contra
865 571 960 644 quos
979 543 1242 644 competeret²⁸
1261 543 1380 622 assisa
1399 568 1507 621 novae
1526 540 1730 619 disseisinoe
1750 544 1791 618 in
1810 567 1976 641 persona

385 668 644 746 antecessoris.
672 668 714 744 Si
738 677 869 745 autem
891 668 932 744 in
954 667 1037 743 vita
1058 666 1306 744 antecessoris
1331 691 1371 743 se
1395 664 1583 764 poneret²²
1609 664 1786 742 dominus
1812 665 1910 742 servi
1935 665 1976 739 in

385 795 573 883 seisinam,
595 803 634 870 et
657 792 844 869 feoffator
865 791 1010 868 miserit
1033 817 1073 868 se
1095 791 1136 866 in
1158 790 1436 889 possessionem
1457 788 1575 888 post²⁸
1598 798 1774 877 mortem,
1797 789 1975 866 dominus

383 917 539 994 habebit
555 916 713 994 assisam
729 939 836 992 novae
853 914 1069 1004 disseisinae,
1087 914 1192 992 salvo
1208 923 1340 991 tamen
1357 914 1557 990 Ieoffatori
1574 913 1729 991 servitio
1747 939 1816 990 suo
1833 914 1974 990 debito.

387 1039 466 1117 Sed
484 1039 577 1138 quid
597 1039 628 1115 si
646 1038 754 1115 heres
775 1037 894 1115 fuerit
914 1036 1020 1114 infra
1039 1037 1213 1112 atatem?
1233 1035 1332 1125 Quis
1353 1034 1507 1113 habebit
1526 1035 1740 1112 custodiam
1759 1042 1800 1112 et
1819 1036 1975 1112 marita·

384 1160 504 1258 gium,
522 1186 610 1236 cum
627 1159 677 1236 sit
694 1158 815 1259 possit
833 1159 1009 1235 dominus
1027 1182 1157 1235 carere
1173 1183 1284 1235 servo
1302 1159 1392 1234 suo?
1410 1157 1478 1232 Ex
1496 1157 1699 1256 premissis
1717 1155 1813 1234 bene
1831 1157 1976 1256 poterit

384 1281 525 1359 veritas
539 1279 768 1381 perpendi.²⁹
785 1282 888 1357 Item
902 1289 984 1357 esto
998 1280 1101 1378 quod
1117 1279 1247 1378 plures
1263 1279 1339 1356 sint
1354 1277 1527 1355 domini⁸⁰
1542 1289 1582 1357 et
1596 1303 1728 1356 servus
1744 1279 1793 1357 sit
1807 1302 1975 1355 commu·

384 1401 456 1479 nis.
474 1402 518 1479 Si
534 1402 737 1479 contrahat
753 1411 793 1478 et
809 1401 1028 1501 stipuletur,
1047 1425 1175 1499 quaero
1192 1400 1254 1476 cui
1271 1401 1445 1489 istorum,
1463 1408 1596 1476 utrum
1613 1402 1681 1476 uni
1698 1400 1760 1476 vel
1779 1399 1974 1477 ambobus.

386 1521 456 1598 Si⁸¹
475 1523 542 1598 uni
560 1531 726 1612 tantum,
743 1523 826 1622 ipse
842 1530 971 1598 totum
988 1522 1139 1610 habeat,
1158 1522 1189 1598 si
1209 1520 1405 1609 ambobus,
1423 1530 1518 1597 tunc
1535 1545 1747 1611 commune,
1767 1522 1976 1599 secundum

384 1643 488 1742 quod
505 1670 637 1721 servus
654 1644 775 1720 fuerit
792 1643 1011 1744 stipulatus.
1030 1643 1117 1720 Et⁸²
1135 1642 1227 1743 quid
1246 1643 1278 1721 si
1296 1643 1366 1720 sibi
1383 1643 1457 1743 ipsi
1476 1643 1704 1743 stipuletur?
1722 1645 1835 1720 Tunc
1854 1644 1976 1721 refert

384 1769 469 1868 quis
482 1793 615 1845 eorum
627 1767 735 1865 prius
748 1792 788 1843 se
801 1766 973 1865 posuerit
986 1766 1026 1840 in
1041 1765 1229 1854 seisinam,
1243 1774 1283 1842 et
1295 1772 1429 1842 utrum
1441 1789 1542 1841 unus
1555 1764 1616 1840 vel
1630 1765 1743 1841 ambo
1757 1764 1817 1840 vel
1831 1789 1975 1854 omnes,

384 1900 423 1966 et
441 1890 650 1966 secundum
666 1888 737 1964 hoe
755 1896 932 1965 etcetera.
953 1887 1032 1963 Sed
1050 1911 1201 1985 semper
1218 1885 1318 1963 ratio
1335 1884 1512 1963 habenda
1530 1895 1587 1964 est
1606 1886 1654 1962 de
1672 1895 1786 1984 parte
1804 1886 1974 1964 domino·

384 2036 482 2087 rum.
503 2009 634 2086 Item⁸'
652 2019 734 2086 esto
752 2011 856 2107 quod
874 2035 1006 2085 servus
1024 2008 1270 2085 donationem
1289 2008 1424 2085 fecerit
1443 2009 1491 2084 de
1511 2034 1556 2085 eo
1574 2007 1679 2106 quod
1697 2007 1731 2084 ei
1750 2009 1885 2085 datum
1905 2017 1975 2097 est,

379 2140 474 2208 tunc
485 2128 802 2229 distinguendum
813 2137 859 2205 ut
871 2153 1002 2228 supra,
1014 2137 1147 2205 utrum
1159 2153 1290 2205 servus
1302 2129 1470 2206 tenuerit
1482 2137 1527 2206 ut
1539 2129 1701 2205 liberum
1713 2137 1976 2206 tenementum

383 2252 445 2329 vel
462 2261 508 2329 ut
523 2251 784 2348 villenagium,
803 2249 894 2349 quia
912 2251 943 2326 si
961 2259 1007 2327 ut
1024 2249 1273 2348 villenagium
1292 2250 1446 2327 domino
1464 2251 1650 2349 competit
1669 2251 1860 2350 repetitio,
1879 2251 1911 2327 si
1929 2260 1975 2327 ut

383 2373 548 2450 liberum
566 2380 842 2462 tenementum,
860 2379 955 2448 tunc
972 2396 1043 2448 nec
1063 2371 1097 2448 ei
1118 2397 1187 2447 nec
1207 2372 1362 2448 domino
1381 2398 1464 2461 suo,
1485 2371 1576 2471 quia
1593 2381 1700 2449 tenet
1721 2373 1827 2471 quod
1846 2381 1975 2449 actum

384 2503 455 2585 est,
477 2503 517 2572 et
538 2495 715 2572 dominus
738 2494 807 2571 sibi
829 2495 996 2593 imputet
1019 2494 1124 2592 quod
1145 2503 1300 2571 tantum
1323 2494 1553 2592 expectavit.
1578 2493 1643 2570 De
1667 2495 1821 2571 servitio
1845 2503 1975 2571 autem

383 2625 505 2694 restat
520 2615 778 2715 quaerendum,
794 2626 833 2693 et
847 2615 899 2693 sic
913 2625 1064 2693 constat
1080 2615 1184 2715 quod
1198 2615 1264 2714 qui
1279 2614 1350 2691 sub
1365 2624 1558 2713 potestate
1573 2615 1730 2694 alterius
1746 2615 1866 2693 fuerit
1882 2617 1975 2693 dare

383 2737 539 2836 poterit.
563 2737 641 2814 Sed
662 2737 828 2837 qualiter
846 2737 928 2826 hoc,
949 2763 1038 2815 cum
1058 2737 1142 2836 ipse
1162 2736 1229 2836 qui
1250 2737 1299 2811 ab
1319 2736 1402 2814 aliis
1424 2736 1644 2836 possidetur
1663 2737 1758 2812 nihil
1780 2718 1974 2837 possidere

383 2859 526 2958 possit?
549 2859 662 2956 Ergo
685 2857 839 2935 videtur
860 2858 964 2957 quod
986 2858 1081 2935 nihil
1104 2858 1197 2935 dare
1218 2858 1353 2958 possit,
1376 2858 1569 2957 quianon
1592 2867 1721 2957 potest
1744 2857 1858 2957 quis⁸⁴
1881 2859 1974 2936 dare

383 2979 487 3078 quod
507 2979 731 3069 nonhabet,
752 2989 793 3057 et
812 2981 884 3057 nisi
906 2979 1087 3057 fueritin
1107 2980 1344 3079 possessione
1366 2979 1421 3056 rei
1442 2980 1589 3056 dandae.
1613 2981 1857 3079 Respondeo,
1880 2980 1974 3057 dare

384 3111 514 3203 potest
543 3103 609 3202 qui
638 3101 814 3180 saisinam
842 3099 1019 3178 habuerit
1049 3101 1377 3201 qualemcumque,
1408 3111 1448 3179 et
1477 3127 1609 3178 servus
1639 3102 1732 3178 dare
1762 3110 1902 3201 potest,
1932 3110 1974 3178 et

383 3226 613 3325 quandoque
633 3223 776 3300 irritari
795 3223 941 3322 poterit
959 3222 1117 3301 donatio
1136 3233 1175 3301 et
1195 3224 1425 3322 quandoque
1444 3248 1534 3312 non,
1555 3226 1765 3302 secundum
1786 3224 1974 3301 rationem

384 3344 630 3444 praemissam.

483 3471 531 3548 Si
543 3470 614 3569 fiat
628 3470 785 3548 donatio
800 3470 836 3547 ei
849 3471 916 3568 qui
929 3469 1050 3565 faerit
1066 3478 1178 3546 entra
1191 3478 1425 3569 potestatem
1440 3469 1596 3547 daunai.

382 3595 564 3672 chrurr
580 3602 639 3671 est
653 3619 772 3692 supra
786 3593 879 3693 quid
893 3593 986 3671 iuris
1001 3595 1032 3671 si
1047 3593 1204 3671 donatio
1220 3595 1326 3671 facta
1341 3595 1462 3672 fuerit
1476 3595 1511 3671 ei
1526 3594 1591 3693 qui
1607 3604 1665 3672 est
1681 3593 1752 3671 sub
1767 3603 1972 3696 potestate.

383 3717 503 3792 Nunc
522 3725 653 3793 autem
673 3714 905 3792 dicendum⁸⁶
926 3716 958 3792 si
978 3716 1049 3792 fiat
1068 3715 1142 3793 illis
1161 3715 1321 3793 donatio
1342 3716 1411 3815 qui
1429 3715 1575 3793 fuerint
1596 3725 1708 3793 extra
1728 3725 1973 3815 potestatem,

384 3838 482 3916 sicut
500 3837 618 3915 servis
637 3837 813 3936 fugitivis
831 3838 892 3914 vel
911 3838 1028 3915 servis
1048 3847 1160 3914 extra
1177 3837 1426 3934 villenagium
1444 3837 1558 3927 natis,
1577 3847 1618 3915 et
1637 3838 1698 3914 cui
1719 3837 1973 3938 adquiratur⁸⁸

383 3984 443 4037 res
462 3959 554 4036 data
570 3968 610 4036 et
626 3958 825 4059 possessio.
844 3959 902 4036 Et
921 3959 1116 4037 sciendum
1133 3961 1237 4059 quod
1256 3983 1376 4036 servo.
1395 3958 1503 4036 Etsi
1522 3959 1699 4038 dominus
1716 3985 1805 4036 eum
1823 3959 1975 4037 eiecerit

383 4083 465 4158 sine
478 4081 628 4170 iudicio,
645 4082 778 4159 dicunt
793 4081 951 4180 quidam
965 4080 1069 4180 quod
1084 4106 1163 4157 non
1179 4081 1365 4180 competit
1380 4106 1490 4157 servo
1506 4081 1699 4158 restitutio
1715 4106 1786 4180 per
1803 4082 1972 4170 assisam,

383 4201 474 4300 quia
490 4203 522 4278 si
539 4203 724 4302 competit
742 4203 777 4278 ei
795 4203 893 4280 actio
912 4201 1079 4278 obstabit
1096 4203 1131 4279 ei
1150 4204 1282 4300 agenti
1301 4202 1476 4302 exceptio
1495 4203 1700 4280 servitutis.
1723 4204 1801 4280 Sed
1821 4229 1863 4280 re
1881 4229 1973 4279 vera

383 4324 415 4399 si
438 4331 574 4400 contra
598 4325 726 4422 ipsum
751 4323 978 4422 excipiatur,
1004 4322 1191 4422 replicare
1215 4324 1359 4423 poterit
1385 4326 1433 4401 de
1459 4324 1756 4401 manumissione
1781 4325 1842 4401 vel
1869 4324 1973 4423 quod

383 4447 589 4545 excipienti
601 4471 679 4522 non
692 4446 876 4543 competit
890 4446 1065 4544 exceptio
1079 4444 1284 4522 servitutis.
1300 4447 1404 4523 Item
1418 4445 1594 4544 excipere
1608 4444 1777 4546 poterit·²
1792 4448 1841 4523 de
1855 4445 1973 4546 privi-

382 4567 495 4665 legio.
518 4567 621 4642 Item
640 4568 744 4664 quod
764 4565 882 4643 estin
902 4573 1007 4643 statu
1027 4565 1158 4657 bbere,
1178 4578 1217 4645 et
1237 4565 1296 4644 si⁸⁸
1317 4569 1366 4644 de
1385 4576 1491 4645 statu
1512 4593 1581 4644 suo
1602 4577 1795 4666 ageretur,
1814 4567 1973 4644 haberet

382 4688 648 4787 responsiones
671 4696 711 4764 et
734 4687 977 4787 exceptiones
1000 4698 1272 4788 competentes,
1297 4690 1434 4788 quibus
1459 4714 1499 4766 se
1522 4689 1624 4766 tueri
1647 4697 1778 4788 posset
1801 4689 1842 4765 in
1866 4697 1973 4766 statu

383 4905 579 4983 ²⁸competIt,
596 4907 677 4979 MA;
694 4911 886 4984 compererit,
903 4907 942 4968 V.
982 4905 1125 4985 ²‘ponet
1144 4907 1222 4981 MG,
1242 4908 1314 4968 CM.
1356 4905 1383 4941 ²⁸
1394 4914 1426 4968 et
1444 4906 1594 4969 feodator
1612 4915 1693 4987 post,
1713 4909 1781 4982 OB,
1801 4909 1878 4982 ΜΒ,
1898 4907 1972 4980 MC,

383 5008 451 5080 LA,
474 5007 540 5082 ΟΕ,
568 5007 603 5084 (*
616 5007 714 5086 MA),
740 5007 876 5084 (*0A).
923 5006 1124 5083 ²⁰declarar1,
1148 5009 1222 5082 OB3
1246 5013 1319 5069 sciri
1347 5009 1510 5088 (verius),
1536 5009 1611 5070 MA.
1658 5008 1777 5085 ⁸⁰Om.,
1802 5011 1871 5086 OB,
1896 5011 1973 5085 ΜΒ,

387 5105 444 5182 (-Ι-
457 5107 553 5185 ΜΑ).
592 5105 680 5168 ⁸1rel
698 5113 751 5168 uni
769 5114 807 5183 si,
825 5111 893 5184 OB,
912 5110 988 5185 MA,
1007 5110 1082 5170 ΜΒ.
1124 5109 1227 5186 ⁸²sed,
1246 5112 1323 5186 MG,
1344 5112 1416 5172 cM.
1458 5109 1568 5172 ⁸³item
1587 5131 1699 5190 quaro,
1718 5112 1787 5186 OA,
1808 5112 1875 5187 LA,
1895 5112 1973 5185 MG,

384 5207 457 5268 CM.
495 5206 654 5285 “aliquia
670 5210 748 5283 MG,
762 5210 835 5270 cM.
871 5209 897 5244 ⁸⁵
909 5209 1071 5271 dicendum
1085 5211 1159 5288 quid
1174 5215 1261 5286 turis,
1276 5213 1321 5284 νς
1337 5212 1499 5274 dicendum
1515 5213 1669 5292 estquod,
1685 5212 1761 5275 MG.
1799 5211 1973 5292 ⁸⁸adquiri-

382 5314 446 5382 tur,
461 5306 500 5382 V,
515 5308 593 5384 MG,
608 5309 648 5382 Y,
663 5309 737 5371 CM.
774 5308 800 5343 ⁸⁷
812 5318 926 5389 potest,
941 5313 1010 5387 OB,
1026 5312 1103 5387 MA,
1119 5313 1194 5374 ΜΒ.
1232 5310 1258 5345 ⁸⁸
1270 5313 1350 5388 Om,
1367 5315 1436 5390 OB,
1452 5316 1528 5390 MB,
1549 5314 1605 5391 (4-
1619 5315 1715 5394 MA).
