4374 6366
779 531 839 591 DE
863 532 1068 593 PLACITIS
1091 531 1279 594 CORONAE
1754 545 1826 614 391

239 680 429 758 declinare
450 681 595 779 poterit
616 681 800 770 duellum,
824 681 921 758 sicut
943 682 1050 758 infra
1072 683 1220 761 dicetur
1243 685 1290 761 de
1314 686 1612 785 exceptionibus.
1639 689 1718 765 Sed
1741 715 1829 767 cum

238 799 353 875 semel
372 797 450 875 sic⁸⁰
470 798 642 875 duellum
660 799 918 889 declinaverit,
938 801 969 877 si
988 826 1036 877 ex
1055 801 1276 900 paenitentia
1295 828 1490 880 recurrere
1508 803 1673 884 voluerit
1693 808 1742 883 ad
1763 808 1826 884 de·

240 917 452 994 sensionem
475 940 720 1016 percorpus,
745 943 823 994 non
847 919 1037 1008 audietur,
1063 920 1152 1018 quia
1176 946 1255 996 non
1279 922 1498 999 admittitur
1521 924 1563 999 in
1587 925 1685 1000 hoc⁸²
1710 923 1828 1003 casu⁸²

237 1035 411 1112 variatio,

336 1154 384 1232 Si
399 1154 528 1230 omnia
544 1164 774 1231 concurrant
793 1179 878 1252 qaoe
894 1157 1064 1253 lenpaut
1081 1156 1279 1255 appellum
1298 1159 1430 1236 statim
1449 1161 1626 1237 vadietur
1644 1161 1826 1240 duellam.

238 1274 344 1349 Cum
367 1280 497 1348 autem
518 1273 676 1370 elegerit
697 1273 959 1349 defensionem
982 1299 1052 1373 per
1074 1275 1255 1373 corpus,⁸⁸
1277 1284 1316 1352 et
1339 1277 1467 1353 omnia
1490 1289 1720 1357 concurrant
1744 1305 1828 1379 quae

237 1391 405 1489 iungrmt
423 1392 633 1489 appellum,
652 1391 783 1467 statim
800 1392 1005 1468 vadietur³‘
1023 1393 1204 1470 duellum.
1224 1394 1282 1472 Et
1301 1394 1405 1492 quo⁸⁶
1423 1395 1542 1472 casu⁸⁶
1561 1398 1592 1474 si
1610 1424 1634 1472 a
1652 1398 1827 1497 pluribus

238 1509 457 1609 appellatus
476 1509 595 1586 fuerit
613 1510 660 1586 de
677 1535 755 1585 uno
774 1510 880 1586 facto
899 1520 937 1586 et
956 1537 1034 1586 una
1053 1512 1172 1610 plaga
1190 1523 1229 1588 et
1247 1539 1380 1589 versus
1399 1539 1520 1590 unum
1539 1540 1578 1591 se
1598 1517 1826 1607 defenderit,

236 1628 388 1705 recedet
404 1628 555 1727 quietus
570 1654 702 1705 versus
719 1653 850 1704 omnes
866 1629 960 1705 alios
976 1631 1217 1728 appellantes
1235 1641 1273 1707 et
1291 1631 1407 1708 etiam
1424 1633 1471 1708 de
1489 1642 1591 1710 secta
1606 1635 1720 1732 regis,
1738 1635 1827 1734 quia

237 1772 309 1846 per
328 1747 399 1822 hoc
420 1756 566 1846 purgat
586 1747 844 1824 innocentiam
865 1747 1000 1824 suam⁸⁷
1023 1774 1155 1825 versus
1177 1773 1320 1838 omncs,
1344 1775 1387 1824 ac
1410 1751 1441 1826 si
1464 1777 1504 1827 se
1526 1763 1687 1850 poneret
1711 1779 1827 1852 super

237 1865 406 1964 patriam
422 1874 461 1942 et
478 1865 607 1965 patria
624 1865 779 1942 omnino
796 1867 924 1963 ipsum
942 1867 1232 1964 adquietaverit.
1255 1868 1296 1942 Si
1316 1875 1446 1944 autem
1465 1879 1647 1946 neutrum
1666 1871 1827 1948 istorum

237 1985 365 2061 facere
380 1983 556 2073 voluerit,
574 1984 682 2082 quasi
697 1985 894 2060 convictus
911 1994 949 2060 et
966 1985 1188 2062 indefensus
1207 1985 1429 2062 remanebit.

337 2107 383 2184 Si
402 2105 534 2205 plures
555 2104 835 2205 appellaverint
855 2131 988 2195 anam,
1009 2108 1077 2184 sed
1097 2107 1145 2185 de
1166 2108 1325 2185 &versia
1343 2108 1460 2203 factis
1480 2110 1579 2186 deut
1599 2111 1647 2187 de
1668 2110 1827 2188 diversis

337 2224 475 2323 olvat·

239 2348 349 2422 Iram
371 2347 610 2445 cumplures
632 2346 683 2422 sic
705 2346 987 2445 appellaverint
1008 2373 1129 2424 unum
1151 2348 1198 2424 de
1219 2333 1297 2423 uno
1318 2349 1424 2424 facto
1447 2358 1486 2426 et
1507 2347 1613 2426 una⁸⁸
1635 2351 1765 2449 plaga,
1788 2359 1827 2427 et

236 2466 384 2565 primus
403 2465 604 2565 appellans
624 2474 713 2564 post
730 2465 848 2541 duelli
865 2466 1122 2542 vadiationem
1143 2476 1350 2565 antequam
1369 2468 1609 2565 percutiatur
1627 2469 1827 2557 moriatur,

237 2583 267 2658 f.
284 2586 376 2676 139]
432 2585 492 2659 vel
513 2583 593 2660 sine
614 2585 672 2660 sui
692 2583 808 2682 culpa
828 2582 973 2660 inutilis
994 2584 1044 2660 ad
1065 2585 1334 2683 pugnandum²
1358 2583 1555 2674 efficiatur,
1577 2586 1637 2662 vel
1659 2587 1690 2662 si
1712 2588 1760 2663 de
1782 2613 1826 2662 eo

235 2702 456 2778 humanitus
469 2703 685 2799 contigerit,
698 2702 761 2778 ille
774 2703 838 2800 qui
852 2712 1045 2800 superstes
1058 2702 1177 2780 fuerit
1189 2703 1467 2792 disrationabit,
1481 2714 1519 2782 et
1533 2705 1583 2781 ad
1597 2705 1696 2781 diem
1711 2705 1827 2781 duelli

237 2846 313 2919 quo
328 2819 405 2896 ille²
421 2821 568 2919 primus
584 2820 712 2896 venire
729 2820 861 2896 debuit
875 2820 1004 2897 veniat
1021 2829 1204 2910 armatus,
1221 2829 1260 2897 et
1276 2822 1409 2897 eodem
1426 2822 1487 2898 die
1504 2822 1674 2898 duellum
1691 2848 1826 2921 percu·

236 2939 320 3015 tiat.
342 2939 399 3015 Et
419 2939 473 3015 ita
493 2939 562 3015 fiat
583 2939 631 3014 de
650 2939 824 3038 pluribus
847 2939 1131 3038 appellantibus
1154 2939 1251 3015 sicut
1271 2940 1318 3015 de
1340 2940 1414 3016 isto
1435 2941 1601 3016 secundo
1622 2941 1653 3017 si
1675 2941 1722 3017 de
1744 2940 1826 3017 aliis

238 3058 381 3156 aliquid
397 3057 597 3155 contingat
612 3057 845 3134 humanitus.
866 3058 908 3132 Si
925 3065 1054 3133 autem
1070 3058 1134 3134 ille
1151 3057 1298 3156 primus
1317 3059 1518 3157 appellans
1537 3059 1643 3156 sequi
1661 3059 1827 3134 noluerit

237 3185 276 3252 et
292 3175 480 3253 defaltum
496 3175 642 3264 iecerit,
658 3175 719 3252 vel
735 3177 766 3251 si
782 3201 948 3275 praesens
964 3202 1004 3252 se
1019 3177 1237 3264 retraxerit,
1256 3175 1360 3251 aliud
1376 3176 1459 3252 erit.

337 3300 384 3377 Si
398 3309 488 3377 ante
502 3297 674 3377 duellam
688 3323 913 3399 percussam
928 3323 1060 3375 omncs
1074 3299 1316 3398 appellantes
1332 3301 1429 3377 moti
1444 3299 1655 3397 contiopat.

239 3425 285 3501 Sl
305 3433 434 3501 autem
454 3433 544 3501 ante
563 3423 734 3499 duellum
754 3449 977 3521 percussum
997 3423 1141 3500 omnes⁸
1161 3424 1259 3498 mori
1278 3422 1497 3521 contigerit⁴
1516 3424 1578 3499 vel
1597 3449 1728 3499 omnes
1750 3422 1826 3499 effi-

237 3543 389 3620 ciantur
405 3541 559 3619 inutiles
577 3542 627 3618 ad
644 3542 912 3640 pugnandum,
931 3543 983 3618 sic
1000 3542 1112 3617 cadet
1131 3542 1340 3640 appellum.
1362 3541 1439 3617 Sed
1459 3550 1590 3618 tamen
1609 3542 1828 3640 appellatus

238 3669 400 3760 propter
417 3660 488 3735 hoc
506 3686 585 3736 non
603 3659 826 3736 defenditur
844 3686 868 3736 a
886 3658 1030 3735 felonia
1048 3660 1135 3735 licet
1155 3659 1389 3735 defendatur
1408 3659 1456 3734 de
1476 3660 1642 3758 appello.
1664 3661 1722 3736 Et
1741 3661 1827 3736 ideo

238 3806 306 3855 rex
321 3779 428 3877 sequi
440 3777 584 3877 poterit
598 3804 669 3877 pro
683 3802 778 3877 pace
791 3804 861 3854 sua
875 3778 905 3853 si
918 3777 1093 3853 voluerit.
1112 3778 1153 3852 Si
1168 3785 1298 3853 autem
1314 3786 1403 3853 ante
1419 3778 1589 3853 duellum
1604 3803 1827 3877 percussum

238 3896 492 3997 appellatum⁸
510 3894 621 3972 mori⁸
639 3895 854 3993 contigerit,
874 3895 926 3972 sic
943 3895 1046 3971 cadit
1065 3895 1275 3994 appellum,
1294 3905 1332 3971 et
1351 3921 1563 3993 numquam
1581 3895 1828 3972 convincetur

239 4015 393 4093 felonia.
419 4016 461 4092 Si
484 4024 614 4092 autem
636 4013 856 4113 appellatus
878 4013 926 4090 ab
949 4039 1027 4088 uno
1050 4039 1098 4088 ex
1120 4013 1295 4111 pluribus
1319 4012 1371 4088 sic
1395 4013 1680 4111 appellantibus
1704 4013 1826 4089 victus

239 4134 370 4222 fuerit,
394 4133 465 4208 hoc
490 4133 572 4209 aliis
598 4131 757 4209 sufficiet
783 4133 832 4208 ad
857 4130 1067 4219 victoriam,
1093 4130 1183 4229 quia
1209 4156 1425 4228 perunum
1452 4131 1713 4229 appellantem
1739 4154 1826 4205 con·

238 4253 338 4329 vinci
356 4252 499 4351 poterit
517 4252 673 4327 unicum
691 4251 840 4326 factum
858 4259 897 4326 et
915 4275 993 4325 una
1012 4250 1166 4325 felonia.
1188 4249 1289 4325 Cum
1308 4258 1438 4324 autem
1458 4249 1605 4347 primus
1626 4249 1827 4347 appellans

239 4397 360 4447 unum
374 4371 427 4447 sic
440 4369 694 4469 appellaverit
708 4370 756 4445 de
770 4395 848 4444 uno
863 4368 980 4456 facto,
996 4378 1034 4444 et
1049 4367 1167 4443 alium
1183 4367 1244 4442 vel
1259 4368 1389 4466 plures
1406 4367 1452 4442 de
1469 4366 1590 4442 forcia
1606 4375 1644 4442 et
1662 4366 1721 4442 de'
1739 4390 1826 4441 con-

239 4489 322 4566 silio
340 4489 401 4566 vel
419 4497 624 4588 praecepto,
645 4487 775 4564 statim
795 4495 884 4563 ante
905 4485 1076 4562 duellum
1095 4486 1294 4561 vadiatum
1314 4484 1533 4583 appellatus
1555 4485 1602 4560 de
1623 4484 1729 4560 facto
1749 4510 1829 4560 non

239 4618 297 4685 est
315 4633 386 4707 per
404 4608 552 4707 plegios
571 4605 832 4693 dimittendus,
851 4604 922 4681 nisi
941 4604 1012 4679 hoc
1032 4603 1151 4680 fuerit
1171 4604 1219 4680 de
1237 4605 1376 4700 gratia,
1397 4613 1435 4681 et
1454 4612 1548 4679 tunc
1568 4628 1637 4700 per
1657 4603 1827 4691 ballium,

239 4727 381 4803 scilicet
399 4751 538 4824 corpus
558 4751 630 4824 pro
648 4750 820 4822 corpore,
841 4732 879 4799 et
897 4721 1084 4821 appellati
1104 4722 1151 4798 de
1171 4721 1292 4797 forcia
1312 4731 1402 4798 sunt
1421 4720 1686 4819 replegiabiles
1707 4720 1827 4796 donec

238 4845 302 4921 ille
318 4845 365 4920 de
382 4844 487 4919 facto
502 4843 751 4919 convincatur
766 4841 827 4917 vel
844 4840 898 4918 se⁸
914 4839 1141 4916 defenderit.
1159 4839 1217 4916 Et
1235 4863 1415 4938 percusso
1432 4839 1560 4914 duello
1577 4839 1608 4913 si
1625 4837 1827 4937 appellans

239 5063 314 5140 ⁸⁰si,
330 5064 399 5138 OB,
418 5063 494 5138 MA,
511 5061 587 5135 MB,
605 5059 669 5121 ΟΕ.
710 5055 775 5093 ⁸⁸⁸⁸⁸
787 5057 844 5119 hae
861 5077 964 5133 causa,
981 5058 1058 5133 MG,
1076 5058 1149 5117 CM.
1190 5054 1339 5134 ”corpus
1357 5076 1455 5129 suum,
1473 5055 1512 5130 V,
1530 5055 1596 5116 OC.
1636 5052 1663 5087 ⁸⁴
1674 5054 1826 5127 audietur,

240 5165 318 5239 MG,
335 5165 408 5225 CM.
447 5160 585 5238 'mque
602 5179 705 5234 causa,
722 5159 800 5234 MG,
817 5157 889 5218 CM.
930 5155 1048 5232 ⁸⁷Om.,
1066 5156 1135 5230 OB,
1153 5158 1229 5231 MA,
1246 5156 1321 5217 ΜΒ.
1361 5153 1526 5232 ⁸⁸deuna,
1544 5156 1583 5230 V,
1601 5155 1669 5217 OA.

321 5262 552 5343 ²purgandum‚
568 5261 646 5335 MG,
661 5260 734 5321 CM.
770 5257 873 5337 'ipsa
888 5260 954 5334 LA,
969 5259 1015 5331 Y;
1030 5264 1169 5335 tempore
1183 5257 1248 5331 ille,
1264 5257 1343 5330 Μῦς
1360 5261 1429 5333 iste,
1444 5259 1512 5319 OB.
1550 5256 1588 5291 Μ
1599 5278 1702 5319 omnes
1718 5256 1827 5337 appel·

237 5371 338 5433 lantes
358 5371 437 5428 mori
458 5369 630 5444 contingat,
651 5361 721 5436 OB,
744 5362 820 5437 MA,
842 5361 917 5421 ΜΒ.
961 5357 1092 5437 “⁸Om,
1115 5360 1193 5436 MG,
1216 5360 1289 5420 CM.
1333 5357 1438 5433 τ01η,
1460 5358 1530 5434 OB,
1553 5359 1628 5434 MA,
1652 5361 1728 5437 ΜΒ,
1752 5361 1825 5421 MC.

237 5470 342 5545 ⁸0m,
360 5470 437 5546 MG,
455 5469 528 5530 CM.
