<?xml version="1.0" encoding="UTF-8"?>
<!DOCTYPE html PUBLIC "-//W3C//DTD XHTML 1.0 Transitional//EN"
    "http://www.w3.org/TR/xhtml1/DTD/xhtml1-transitional.dtd">
<html xmlns="http://www.w3.org/1999/xhtml" xml:lang="en" lang="en">
 <head>
  <title>
</title>
<meta http-equiv="Content-Type" content="text/html;charset=utf-8" />
  <meta name='ocr-system' content='tesseract 3.04.00' />
  <meta name='ocr-capabilities' content='ocr_page ocr_carea ocr_par ocr_line ocrx_word'/>
</head>
<body>
  <div class='ocr_page' id='page_1' title='image "./bractondelegibu01histgoog_0202.png"; bbox 0 0 4432 6340; ppageno 0'>
   <div class='ocr_carea' id='block_1_1' title="bbox 381 487 1433 560">
    <p class='ocr_par' dir='ltr' id='par_1_1' title="bbox 381 487 1433 560">
     <span class='ocr_line' id='line_1_1' title="bbox 381 487 1433 560; baseline -0.01 1"><span class='ocrx_word' id='word_1_1' title='bbox 381 493 453 560; x_wconf 83' lang='lat'>184</span> <span class='ocrx_word' id='word_1_2' title='bbox 911 487 1134 550; x_wconf 81' lang='lat' dir='ltr'>BRACTON:</span> <span class='ocrx_word' id='word_1_3' title='bbox 1156 488 1216 548; x_wconf 85' lang='lat' dir='ltr'>DE</span> <span class='ocrx_word' id='word_1_4' title='bbox 1240 488 1433 550; x_wconf 87' lang='lat' dir='ltr'><strong>LEGIBUS</strong></span> 
     </span>
    </p>
   </div>
   <div class='ocr_carea' id='block_1_2' title="bbox 377 636 1970 2275">
    <p class='ocr_par' dir='ltr' id='par_1_2' title="bbox 378 636 1970 1545">
     <span class='ocr_line' id='line_1_2' title="bbox 378 636 1970 725; baseline 0.003 -13"><span class='ocrx_word' id='word_1_5' title='bbox 378 644 513 714; x_wconf 91' lang='lat' dir='ltr'>tenens</span> <span class='ocrx_word' id='word_1_6' title='bbox 539 636 670 725; x_wconf 89' lang='lat' dir='ltr'>fuerit,</span> <span class='ocrx_word' id='word_1_7' title='bbox 696 645 735 712; x_wconf 92' lang='lat' dir='ltr'>et</span> <span class='ocrx_word' id='word_1_8' title='bbox 760 637 954 714; x_wconf 90' lang='lat' dir='ltr'>redditum</span> <span class='ocrx_word' id='word_1_9' title='bbox 979 663 1092 715; x_wconf 93' lang='lat' dir='ltr'>suum</span> <span class='ocrx_word' id='word_1_10' title='bbox 1117 639 1219 715; x_wconf 83' lang='lat' dir='ltr'>forte</span> <span class='ocrx_word' id='word_1_11' title='bbox 1245 638 1400 716; x_wconf 91' lang='lat' dir='ltr'>domino</span> <span class='ocrx_word' id='word_1_12' title='bbox 1427 664 1496 715; x_wconf 93' lang='lat' dir='ltr'>suo</span> <span class='ocrx_word' id='word_1_13' title='bbox 1521 663 1599 714; x_wconf 91' lang='lat' dir='ltr'>non</span> <span class='ocrx_word' id='word_1_14' title='bbox 1625 639 1781 717; x_wconf 87' lang='lat' dir='ltr'>solverit</span> <span class='ocrx_word' id='word_1_15' title='bbox 1805 664 1893 716; x_wconf 90' lang='lat' dir='ltr'>cum</span> <span class='ocrx_word' id='word_1_16' title='bbox 1920 640 1970 717; x_wconf 92' lang='lat' dir='ltr'>ad</span> 
     </span>
     <span class='ocr_line' id='line_1_3' title="bbox 378 755 1970 846; baseline 0.003 -16"><span class='ocrx_word' id='word_1_17' title='bbox 378 755 499 830; x_wconf 84' lang='lat' dir='ltr'>vitam</span> <span class='ocrx_word' id='word_1_18' title='bbox 522 780 631 830; x_wconf 88' lang='lat' dir='ltr'>suam</span> <span class='ocrx_word' id='word_1_19' title='bbox 653 755 822 832; x_wconf 88' lang='lat' dir='ltr'>tenuerit</span> <span class='ocrx_word' id='word_1_20' title='bbox 845 757 905 833; x_wconf 89' lang='lat' dir='ltr'>vel</span> <span class='ocrx_word' id='word_1_21' title='bbox 927 756 969 831; x_wconf 91' lang='lat' dir='ltr'>in</span> <span class='ocrx_word' id='word_1_22' title='bbox 992 758 1120 846; x_wconf 88' lang='lat' dir='ltr'>feodo,</span> <span class='ocrx_word' id='word_1_23' title='bbox 1145 758 1195 834; x_wconf 89' lang='lat' dir='ltr'>ad</span> <span class='ocrx_word' id='word_1_24' title='bbox 1218 757 1494 835; x_wconf 85' lang='lat' dir='ltr'>districtionem</span> <span class='ocrx_word' id='word_1_25' title='bbox 1518 757 1736 834; x_wconf 83' lang='lat' dir='ltr'>faciendam</span> <span class='ocrx_word' id='word_1_26' title='bbox 1760 758 1873 834; x_wconf 87' lang='lat' dir='ltr'>aliter</span> <span class='ocrx_word' id='word_1_27' title='bbox 1897 759 1970 835; x_wconf 91' lang='lat' dir='ltr'>erit</span> 
     </span>
     <span class='ocr_line' id='line_1_4' title="bbox 378 873 1969 974; baseline 0.004 -27"><span class='ocrx_word' id='word_1_28' title='bbox 378 873 675 971; x_wconf 88' lang='lat' dir='ltr'>procedendum.</span> <span class='ocrx_word' id='word_1_29' title='bbox 693 873 856 950; x_wconf 90' lang='lat' dir='ltr'>Mortuo</span> <span class='ocrx_word' id='word_1_30' title='bbox 873 900 963 950; x_wconf 90' lang='lat' dir='ltr'>vero</span> <span class='ocrx_word' id='word_1_31' title='bbox 979 873 1212 951; x_wconf 86' lang='lat' dir='ltr'>conductore</span> <span class='ocrx_word' id='word_1_32' title='bbox 1227 873 1359 951; x_wconf 83' lang='lat' dir='ltr'>intra²⁸</span> <span class='ocrx_word' id='word_1_33' title='bbox 1375 884 1554 974; x_wconf 87' lang='lat' dir='ltr'>tempora</span> <span class='ocrx_word' id='word_1_34' title='bbox 1569 875 1843 966; x_wconf 85' lang='lat' dir='ltr'>conductionis,</span> <span class='ocrx_word' id='word_1_35' title='bbox 1860 877 1969 953; x_wconf 90' lang='lat' dir='ltr'>heres</span> 
     </span>
     <span class='ocr_line' id='line_1_5' title="bbox 378 991 1969 1081; baseline 0.003 -15"><span class='ocrx_word' id='word_1_36' title='bbox 378 991 458 1067; x_wconf 91' lang='lat' dir='ltr'>eius</span> <span class='ocrx_word' id='word_1_37' title='bbox 477 993 611 1068; x_wconf 91' lang='lat' dir='ltr'>eodem</span> <span class='ocrx_word' id='word_1_38' title='bbox 626 992 709 1069; x_wconf 91' lang='lat' dir='ltr'>iure</span> <span class='ocrx_word' id='word_1_39' title='bbox 726 993 767 1068; x_wconf 92' lang='lat' dir='ltr'>in</span> <span class='ocrx_word' id='word_1_40' title='bbox 783 994 1074 1070; x_wconf 90' lang='lat' dir='ltr'>conductionem</span> <span class='ocrx_word' id='word_1_41' title='bbox 1092 993 1271 1081; x_wconf 82' lang='lat' dir='ltr'>succedit,</span> <span class='ocrx_word' id='word_1_42' title='bbox 1289 994 1361 1070; x_wconf 93' lang='lat' dir='ltr'>nisi</span> <span class='ocrx_word' id='word_1_43' title='bbox 1381 993 1444 1070; x_wconf 94' lang='lat' dir='ltr'>ille</span> <span class='ocrx_word' id='word_1_44' title='bbox 1463 994 1673 1071; x_wconf 83' lang='lat' dir='ltr'>conductor</span> <span class='ocrx_word' id='word_1_45' title='bbox 1692 995 1732 1070; x_wconf 93' lang='lat' dir='ltr'>in</span> <span class='ocrx_word' id='word_1_46' title='bbox 1750 995 1830 1071; x_wconf 89' lang='lat' dir='ltr'>vita</span> <span class='ocrx_word' id='word_1_47' title='bbox 1849 995 1909 1072; x_wconf 89' lang='lat' dir='ltr'>vel</span> <span class='ocrx_word' id='word_1_48' title='bbox 1928 995 1969 1070; x_wconf 93' lang='lat' dir='ltr'>in</span> 
     </span>
     <span class='ocr_line' id='line_1_6' title="bbox 378 1110 1970 1210; baseline 0.001 -23"><span class='ocrx_word' id='word_1_49' title='bbox 378 1119 503 1187; x_wconf 88' lang='lat' dir='ltr'>morte</span> <span class='ocrx_word' id='word_1_50' title='bbox 519 1111 631 1188; x_wconf 90' lang='lat' dir='ltr'>aliter</span> <span class='ocrx_word' id='word_1_51' title='bbox 647 1110 800 1188; x_wconf 87' lang='lat' dir='ltr'>duxerit</span> <span class='ocrx_word' id='word_1_52' title='bbox 815 1111 1084 1188; x_wconf 89' lang='lat' dir='ltr'>ordinandum.</span> <span class='ocrx_word' id='word_1_53' title='bbox 1103 1113 1207 1188; x_wconf 85' lang='lat' dir='ltr'>Item</span> <span class='ocrx_word' id='word_1_54' title='bbox 1223 1112 1355 1210; x_wconf 86' lang='lat' dir='ltr'>elapso</span> <span class='ocrx_word' id='word_1_55' title='bbox 1371 1111 1535 1188; x_wconf 88' lang='lat' dir='ltr'>termino</span> <span class='ocrx_word' id='word_1_56' title='bbox 1552 1111 1815 1190; x_wconf 88' lang='lat' dir='ltr'>conductionis</span> <span class='ocrx_word' id='word_1_57' title='bbox 1832 1113 1874 1190; x_wconf 93' lang='lat' dir='ltr'>in</span> <span class='ocrx_word' id='word_1_58' title='bbox 1890 1115 1970 1190; x_wconf 85' lang='lat' dir='ltr'>vita</span> 
     </span>
     <span class='ocr_line' id='line_1_7' title="bbox 379 1229 1969 1329; baseline 0.003 -25"><span class='ocrx_word' id='word_1_59' title='bbox 379 1230 633 1318; x_wconf 86' lang='lat' dir='ltr'>conductoris,</span> <span class='ocrx_word' id='word_1_60' title='bbox 660 1230 757 1305; x_wconf 90' lang='lat' dir='ltr'>bene</span> <span class='ocrx_word' id='word_1_61' title='bbox 783 1230 927 1329; x_wconf 89' lang='lat' dir='ltr'>poterit</span> <span class='ocrx_word' id='word_1_62' title='bbox 954 1229 1102 1306; x_wconf 89' lang='lat' dir='ltr'>locator</span> <span class='ocrx_word' id='word_1_63' title='bbox 1128 1255 1169 1306; x_wconf 91' lang='lat' dir='ltr'>se</span> <span class='ocrx_word' id='word_1_64' title='bbox 1196 1255 1340 1328; x_wconf 92' lang='lat' dir='ltr'>ponere</span> <span class='ocrx_word' id='word_1_65' title='bbox 1367 1229 1408 1306; x_wconf 90' lang='lat' dir='ltr'>in</span> <span class='ocrx_word' id='word_1_66' title='bbox 1434 1255 1516 1306; x_wconf 89' lang='lat' dir='ltr'>rem</span> <span class='ocrx_word' id='word_1_67' title='bbox 1544 1232 1710 1307; x_wconf 80' lang='lat' dir='ltr'>locatam</span> <span class='ocrx_word' id='word_1_68' title='bbox 1739 1231 1969 1308; x_wconf 88' lang='lat' dir='ltr'>auctoritate</span> 
     </span>
     <span class='ocr_line' id='line_1_8' title="bbox 379 1347 1458 1447; baseline 0.002 -24"><span class='ocrx_word' id='word_1_69' title='bbox 379 1347 539 1447; x_wconf 90' lang='lat' dir='ltr'>propria</span> <span class='ocrx_word' id='word_1_70' title='bbox 555 1349 587 1425; x_wconf 90' lang='lat' dir='ltr'>si</span> <span class='ocrx_word' id='word_1_71' title='bbox 603 1373 688 1425; x_wconf 93' lang='lat' dir='ltr'>eam</span> <span class='ocrx_word' id='word_1_72' title='bbox 704 1373 865 1425; x_wconf 90' lang='lat' dir='ltr'>vacuam</span> <span class='ocrx_word' id='word_1_73' title='bbox 880 1348 1069 1425; x_wconf 87' lang='lat' dir='ltr'>invenerit</span> <span class='ocrx_word' id='word_1_74' title='bbox 1086 1357 1125 1426; x_wconf 87' lang='lat' dir='ltr'>et</span> <span class='ocrx_word' id='word_1_75' title='bbox 1142 1373 1221 1425; x_wconf 91' lang='lat' dir='ltr'>non</span> <span class='ocrx_word' id='word_1_76' title='bbox 1236 1348 1458 1447; x_wconf 77' lang='lat' dir='ltr'>obligatam.</span> 
     </span>
     <span class='ocr_line' id='line_1_9' title="bbox 478 1467 973 1545; baseline 0.004 -3"><span class='ocrx_word' id='word_1_77' title='bbox 478 1467 544 1543; x_wconf 92' lang='lat' dir='ltr'>De</span> <span class='ocrx_word' id='word_1_78' title='bbox 558 1491 632 1543; x_wconf 79' lang='lat' dir='ltr'>usu</span> <span class='ocrx_word' id='word_1_79' title='bbox 648 1467 973 1545; x_wconf 72' lang='lat' dir='ltr'>vestimentorum.</span> 
     </span>
    </p>

    <p class='ocr_par' dir='ltr' id='par_1_3' title="bbox 377 1583 1969 2275">
     <span class='ocr_line' id='line_1_10' title="bbox 378 1583 1967 1683; baseline 0.003 -25"><span class='ocrx_word' id='word_1_80' title='bbox 378 1583 467 1673; x_wconf 80' lang='lat' dir='ltr'>QUI</span> <span class='ocrx_word' id='word_1_81' title='bbox 491 1610 564 1683; x_wconf 91' lang='lat' dir='ltr'>pro</span> <span class='ocrx_word' id='word_1_82' title='bbox 586 1611 659 1661; x_wconf 92' lang='lat' dir='ltr'>usu</span> <span class='ocrx_word' id='word_1_83' title='bbox 681 1585 1008 1674; x_wconf 89' lang='lat' dir='ltr'>vestimentorum,</span> <span class='ocrx_word' id='word_1_84' title='bbox 1033 1585 1117 1661; x_wconf 90' lang='lat' dir='ltr'>auri</span> <span class='ocrx_word' id='word_1_85' title='bbox 1140 1585 1201 1661; x_wconf 90' lang='lat' dir='ltr'>vel</span> <span class='ocrx_word' id='word_1_86' title='bbox 1224 1585 1376 1683; x_wconf 81' lang='lat' dir='ltr'>argenti</span> <span class='ocrx_word' id='word_1_87' title='bbox 1400 1585 1462 1660; x_wconf 90' lang='lat' dir='ltr'>vel</span> <span class='ocrx_word' id='word_1_88' title='bbox 1485 1585 1642 1662; x_wconf 86' lang='lat' dir='ltr'>alterius</span> <span class='ocrx_word' id='word_1_89' title='bbox 1668 1587 1883 1662; x_wconf 89' lang='lat' dir='ltr'>ornamenti</span> <span class='ocrx_word' id='word_1_90' title='bbox 1907 1587 1967 1663; x_wconf 91' lang='lat' dir='ltr'>vel</span> 
     </span>
     <span class='ocr_line' id='line_1_11' title="bbox 377 1700 1969 1802; baseline 0.002 -26"><span class='ocrx_word' id='word_1_91' title='bbox 377 1700 550 1791; x_wconf 91' lang='lat' dir='ltr'>iumenti,</span> <span class='ocrx_word' id='word_1_92' title='bbox 568 1703 781 1779; x_wconf 85' lang='lat' dir='ltr'>mercedem</span> <span class='ocrx_word' id='word_1_93' title='bbox 800 1703 948 1778; x_wconf 89' lang='lat' dir='ltr'>dederit</span> <span class='ocrx_word' id='word_1_94' title='bbox 966 1704 1027 1779; x_wconf 87' lang='lat' dir='ltr'>vel</span> <span class='ocrx_word' id='word_1_95' title='bbox 1047 1701 1276 1802; x_wconf 90' lang='lat' dir='ltr'>promiserit,</span> <span class='ocrx_word' id='word_1_96' title='bbox 1294 1703 1384 1779; x_wconf 88' lang='lat' dir='ltr'>talis</span> <span class='ocrx_word' id='word_1_97' title='bbox 1403 1702 1517 1780; x_wconf 88' lang='lat' dir='ltr'>abeo</span> <span class='ocrx_word' id='word_1_98' title='bbox 1536 1703 1776 1780; x_wconf 89' lang='lat' dir='ltr'>desideratur</span> <span class='ocrx_word' id='word_1_99' title='bbox 1795 1706 1969 1782; x_wconf 88' lang='lat' dir='ltr'>custodia</span> 
     </span>
     <span class='ocr_line' id='line_1_12' title="bbox 378 1820 1968 1921; baseline 0.002 -26"><span class='ocrx_word' id='word_1_100' title='bbox 378 1821 532 1918; x_wconf 93' lang='lat' dir='ltr'>qualem</span> <span class='ocrx_word' id='word_1_101' title='bbox 552 1820 864 1919; x_wconf 82' lang='lat' dir='ltr'>diligentissimus</span> <span class='ocrx_word' id='word_1_102' title='bbox 886 1829 1000 1921; x_wconf 86' lang='lat' dir='ltr'>pater</span> <span class='ocrx_word' id='word_1_103' title='bbox 1020 1821 1187 1898; x_wconf 88' lang='lat' dir='ltr'>familias</span> <span class='ocrx_word' id='word_1_104' title='bbox 1208 1821 1286 1898; x_wconf 91' lang='lat' dir='ltr'>suis</span> <span class='ocrx_word' id='word_1_105' title='bbox 1306 1820 1419 1898; x_wconf 89' lang='lat' dir='ltr'>rebus</span> <span class='ocrx_word' id='word_1_106' title='bbox 1442 1820 1608 1909; x_wconf 92' lang='lat' dir='ltr'>adhibet,</span> <span class='ocrx_word' id='word_1_107' title='bbox 1630 1848 1747 1920; x_wconf 94' lang='lat' dir='ltr'>quam</span> <span class='ocrx_word' id='word_1_108' title='bbox 1769 1823 1800 1898; x_wconf 93' lang='lat' dir='ltr'>si</span> <span class='ocrx_word' id='word_1_109' title='bbox 1822 1822 1968 1921; x_wconf 85' lang='lat' dir='ltr'>praesti-</span> 
     </span>
     <span class='ocr_line' id='line_1_13' title="bbox 377 1939 1967 2038; baseline -0.001 -21"><span class='ocrx_word' id='word_1_110' title='bbox 377 1941 469 2017; x_wconf 90' lang='lat' dir='ltr'>terit</span> <span class='ocrx_word' id='word_1_111' title='bbox 483 1950 523 2017; x_wconf 91' lang='lat' dir='ltr'>et</span> <span class='ocrx_word' id='word_1_112' title='bbox 536 1965 618 2016; x_wconf 92' lang='lat' dir='ltr'>rem</span> <span class='ocrx_word' id='word_1_113' title='bbox 632 1939 759 2038; x_wconf 88' lang='lat' dir='ltr'>aliquo</span> <span class='ocrx_word' id='word_1_114' title='bbox 773 1965 865 2016; x_wconf 90' lang='lat' dir='ltr'>casu</span> <span class='ocrx_word' id='word_1_115' title='bbox 879 1939 1059 2028; x_wconf 90' lang='lat' dir='ltr'>amiserit,</span> <span class='ocrx_word' id='word_1_116' title='bbox 1075 1941 1123 2016; x_wconf 94' lang='lat' dir='ltr'>de</span> <span class='ocrx_word' id='word_1_117' title='bbox 1138 1966 1186 2016; x_wconf 92' lang='lat' dir='ltr'>ea</span> <span class='ocrx_word' id='word_1_118' title='bbox 1198 1939 1436 2017; x_wconf 88' lang='lat' dir='ltr'>restituenda</span> <span class='ocrx_word' id='word_1_119' title='bbox 1451 1964 1530 2015; x_wconf 92' lang='lat' dir='ltr'>non</span> <span class='ocrx_word' id='word_1_120' title='bbox 1543 1940 1747 2016; x_wconf 87' lang='lat' dir='ltr'>tenebitur.</span> <span class='ocrx_word' id='word_1_121' title='bbox 1766 1942 1850 2017; x_wconf 90' lang='lat' dir='ltr'>Nec</span> <span class='ocrx_word' id='word_1_122' title='bbox 1866 1941 1967 2017; x_wconf 86' lang='lat' dir='ltr'>suffi-</span> 
     </span>
     <span class='ocr_line' id='line_1_14' title="bbox 377 2057 1967 2158; baseline 0 -25"><span class='ocrx_word' id='word_1_123' title='bbox 377 2059 430 2135; x_wconf 92' lang='lat' dir='ltr'>cit</span> <span class='ocrx_word' id='word_1_124' title='bbox 454 2059 619 2156; x_wconf 85' lang='lat' dir='ltr'>aliquem</span> <span class='ocrx_word' id='word_1_125' title='bbox 642 2058 760 2135; x_wconf 90' lang='lat' dir='ltr'>talem</span> <span class='ocrx_word' id='word_1_126' title='bbox 784 2057 1025 2155; x_wconf 86' lang='lat' dir='ltr'>diligentiam</span> <span class='ocrx_word' id='word_1_127' title='bbox 1048 2057 1227 2135; x_wconf 85' lang='lat' dir='ltr'>adhibere</span> <span class='ocrx_word' id='word_1_128' title='bbox 1252 2058 1404 2157; x_wconf 85' lang='lat' dir='ltr'>qualem</span> <span class='ocrx_word' id='word_1_129' title='bbox 1429 2058 1506 2134; x_wconf 91' lang='lat' dir='ltr'>suis</span> <span class='ocrx_word' id='word_1_130' title='bbox 1531 2059 1644 2134; x_wconf 88' lang='lat' dir='ltr'>rebus</span> <span class='ocrx_word' id='word_1_131' title='bbox 1669 2059 1838 2158; x_wconf 91' lang='lat' dir='ltr'>propriis</span> <span class='ocrx_word' id='word_1_132' title='bbox 1863 2058 1967 2136; x_wconf 92' lang='lat' dir='ltr'>adhi-</span> 
     </span>
     <span class='ocr_line' id='line_1_15' title="bbox 378 2175 1567 2275; baseline 0 -22"><span class='ocrx_word' id='word_1_133' title='bbox 378 2177 496 2265; x_wconf 88' lang='lat' dir='ltr'>beret,</span> <span class='ocrx_word' id='word_1_134' title='bbox 514 2176 587 2253; x_wconf 92' lang='lat' dir='ltr'>nisi</span> <span class='ocrx_word' id='word_1_135' title='bbox 604 2176 722 2252; x_wconf 86' lang='lat' dir='ltr'>talem</span> <span class='ocrx_word' id='word_1_136' title='bbox 741 2175 956 2253; x_wconf 89' lang='lat' dir='ltr'>adhibuerit</span> <span class='ocrx_word' id='word_1_137' title='bbox 975 2177 1023 2253; x_wconf 95' lang='lat' dir='ltr'>de</span> <span class='ocrx_word' id='word_1_138' title='bbox 1041 2202 1118 2275; x_wconf 91' lang='lat' dir='ltr'>qua</span> <span class='ocrx_word' id='word_1_139' title='bbox 1137 2176 1312 2275; x_wconf 90' lang='lat' dir='ltr'>superius</span> <span class='ocrx_word' id='word_1_140' title='bbox 1333 2177 1479 2253; x_wconf 91' lang='lat' dir='ltr'>dictum</span> <span class='ocrx_word' id='word_1_141' title='bbox 1498 2185 1567 2253; x_wconf 90' lang='lat' dir='ltr'>est.</span> 
     </span>
    </p>
   </div>
   <div class='ocr_carea' id='block_1_3' title="bbox 372 2410 1969 4996">
    <p class='ocr_par' dir='ltr' id='par_1_4' title="bbox 476 2410 1969 2514">
     <span class='ocr_line' id='line_1_16' title="bbox 476 2410 1969 2514; baseline 0 -24"><span class='ocrx_word' id='word_1_142' title='bbox 476 2414 542 2490; x_wconf 89' lang='lat' dir='ltr'>De</span> <span class='ocrx_word' id='word_1_143' title='bbox 555 2412 792 2511; x_wconf 78' lang='lat' dir='ltr'>adquirendo</span> <span class='ocrx_word' id='word_1_144' title='bbox 805 2437 934 2489; x_wconf 82' lang='lat' dir='ltr'>rerum</span> <span class='ocrx_word' id='word_1_145' title='bbox 946 2410 1115 2489; x_wconf 69' lang='lat' dir='ltr'>domimo</span> <span class='ocrx_word' id='word_1_146' title='bbox 1130 2437 1179 2490; x_wconf 76' lang='lat' dir='ltr'>ee</span> <span class='ocrx_word' id='word_1_147' title='bbox 1192 2436 1308 2490; x_wconf 82' lang='lat' dir='ltr'>causa</span> <span class='ocrx_word' id='word_1_148' title='bbox 1320 2413 1566 2490; x_wconf 73' lang='lat' dir='ltr'>successionis</span> <span class='ocrx_word' id='word_1_149' title='bbox 1579 2423 1617 2491; x_wconf 88' lang='lat' dir='ltr'>et</span> <span class='ocrx_word' id='word_1_150' title='bbox 1632 2413 1797 2514; x_wconf 78' lang='lat' dir='ltr'>qualiter</span> <span class='ocrx_word' id='word_1_151' title='bbox 1811 2413 1969 2490; x_wconf 78' lang='lat' dir='ltr'>heredes</span> 
     </span>
    </p>

    <p class='ocr_par' dir='ltr' id='par_1_5' title="bbox 372 2529 1968 4996">
     <span class='ocr_line' id='line_1_17' title="bbox 477 2529 1081 2630; baseline 0 -23"><span class='ocrx_word' id='word_1_152' title='bbox 477 2531 687 2608; x_wconf 77' lang='lat' dir='ltr'>neeceduot</span> <span class='ocrx_word' id='word_1_153' title='bbox 705 2529 942 2630; x_wconf 78' lang='lat' dir='ltr'>pareatibus.</span> <span class='ocrx_word' id='word_1_154' title='bbox 1080 2593 1081 2596; x_wconf 9' lang='grc' dir='ltr'><strong><em>κ</em></strong></span> 
     </span>
     <span class='ocr_line' id='line_1_18' title="bbox 376 2648 1967 2749; baseline 0.001 -25"><span class='ocrx_word' id='word_1_155' title='bbox 376 2649 461 2725; x_wconf 85' lang='lat' dir='ltr'>Esr</span> <span class='ocrx_word' id='word_1_156' title='bbox 479 2648 596 2725; x_wconf 89' lang='lat' dir='ltr'>etiam</span> <span class='ocrx_word' id='word_1_157' title='bbox 615 2649 690 2725; x_wconf 85' lang='lat' dir='ltr'>aha</span> <span class='ocrx_word' id='word_1_158' title='bbox 708 2673 823 2726; x_wconf 90' lang='lat' dir='ltr'>causa</span> <span class='ocrx_word' id='word_1_159' title='bbox 842 2649 1069 2748; x_wconf 88' lang='lat' dir='ltr'>adquirendi</span> <span class='ocrx_word' id='word_1_160' title='bbox 1088 2674 1217 2727; x_wconf 89' lang='lat' dir='ltr'>rerum</span> <span class='ocrx_word' id='word_1_161' title='bbox 1237 2650 1405 2727; x_wconf 92' lang='lat' dir='ltr'>dominia</span> <span class='ocrx_word' id='word_1_162' title='bbox 1425 2676 1508 2749; x_wconf 88' lang='lat' dir='ltr'>quae</span> <span class='ocrx_word' id='word_1_163' title='bbox 1529 2650 1669 2728; x_wconf 89' lang='lat' dir='ltr'>dicitur</span> <span class='ocrx_word' id='word_1_164' title='bbox 1687 2675 1803 2726; x_wconf 89' lang='lat' dir='ltr'>causa</span> <span class='ocrx_word' id='word_1_165' title='bbox 1823 2674 1967 2727; x_wconf 88' lang='lat' dir='ltr'>sucees-</span> 
     </span>
     <span class='ocr_line' id='line_1_19' title="bbox 377 2766 1967 2868; baseline 0.002 -27"><span class='ocrx_word' id='word_1_166' title='bbox 377 2766 504 2856; x_wconf 90' lang='lat' dir='ltr'>sionis,</span> <span class='ocrx_word' id='word_1_167' title='bbox 525 2776 565 2844; x_wconf 91' lang='lat' dir='ltr'>et</span> <span class='ocrx_word' id='word_1_168' title='bbox 585 2793 668 2866; x_wconf 86' lang='lat' dir='ltr'>quae</span> <span class='ocrx_word' id='word_1_169' title='bbox 688 2769 873 2868; x_wconf 92' lang='lat' dir='ltr'>competit</span> <span class='ocrx_word' id='word_1_170' title='bbox 896 2767 1056 2866; x_wconf 88' lang='lat' dir='ltr'>singulis</span> <span class='ocrx_word' id='word_1_171' title='bbox 1077 2768 1279 2844; x_wconf 88' lang='lat' dir='ltr'>heredibus</span> <span class='ocrx_word' id='word_1_172' title='bbox 1301 2769 1349 2844; x_wconf 99' lang='lat' dir='ltr'>de</span> <span class='ocrx_word' id='word_1_173' title='bbox 1372 2768 1547 2846; x_wconf 93' lang='lat' dir='ltr'>omnibus</span> <span class='ocrx_word' id='word_1_174' title='bbox 1571 2769 1777 2867; x_wconf 91' lang='lat' dir='ltr'>dequibus</span> <span class='ocrx_word' id='word_1_175' title='bbox 1800 2778 1967 2846; x_wconf 88' lang='lat' dir='ltr'>anteces-</span> 
     </span>
     <span class='ocr_line' id='line_1_20' title="bbox 377 2884 1968 2986; baseline 0.001 -24"><span class='ocrx_word' id='word_1_176' title='bbox 377 2911 480 2963; x_wconf 87' lang='lat' dir='ltr'>sores</span> <span class='ocrx_word' id='word_1_177' title='bbox 500 2911 634 2962; x_wconf 89' lang='lat' dir='ltr'>eorum</span> <span class='ocrx_word' id='word_1_178' title='bbox 654 2884 846 2964; x_wconf 68' lang='lat' dir='ltr'>obierint·</span> <span class='ocrx_word' id='word_1_179' title='bbox 867 2886 983 2964; x_wconf 86' lang='lat' dir='ltr'>seisiti</span> <span class='ocrx_word' id='word_1_180' title='bbox 1003 2896 1048 2963; x_wconf 92' lang='lat' dir='ltr'>ut</span> <span class='ocrx_word' id='word_1_181' title='bbox 1070 2887 1117 2964; x_wconf 94' lang='lat' dir='ltr'>de</span> <span class='ocrx_word' id='word_1_182' title='bbox 1138 2887 1265 2975; x_wconf 85' lang='lat' dir='ltr'>feodo,</span> <span class='ocrx_word' id='word_1_183' title='bbox 1285 2886 1347 2963; x_wconf 87' lang='lat' dir='ltr'>vel</span> <span class='ocrx_word' id='word_1_184' title='bbox 1367 2886 1483 2962; x_wconf 89' lang='lat' dir='ltr'>etiam</span> <span class='ocrx_word' id='word_1_185' title='bbox 1505 2887 1622 2963; x_wconf 90' lang='lat' dir='ltr'>seisiti</span> <span class='ocrx_word' id='word_1_186' title='bbox 1644 2887 1772 2985; x_wconf 86' lang='lat' dir='ltr'>aliquo</span> <span class='ocrx_word' id='word_1_187' title='bbox 1794 2896 1968 2986; x_wconf 91' lang='lat' dir='ltr'>tempore</span> 
     </span>
     <span class='ocr_line' id='line_1_21' title="bbox 377 3005 1967 3104; baseline 0.002 -25"><span class='ocrx_word' id='word_1_188' title='bbox 377 3014 422 3082; x_wconf 88' lang='lat' dir='ltr'>ut</span> <span class='ocrx_word' id='word_1_189' title='bbox 443 3005 491 3081; x_wconf 89' lang='lat' dir='ltr'>de</span> <span class='ocrx_word' id='word_1_190' title='bbox 512 3005 628 3082; x_wconf 86' lang='lat' dir='ltr'>feodo</span> <span class='ocrx_word' id='word_1_191' title='bbox 649 3016 688 3083; x_wconf 87' lang='lat' dir='ltr'>ct</span> <span class='ocrx_word' id='word_1_192' title='bbox 709 3006 791 3082; x_wconf 91' lang='lat' dir='ltr'>iure</span> <span class='ocrx_word' id='word_1_193' title='bbox 812 3005 1054 3094; x_wconf 89' lang='lat' dir='ltr'>hereditario,</span> <span class='ocrx_word' id='word_1_194' title='bbox 1078 3006 1181 3104; x_wconf 93' lang='lat' dir='ltr'>quod</span> <span class='ocrx_word' id='word_1_195' title='bbox 1203 3005 1358 3104; x_wconf 90' lang='lat' dir='ltr'>quidem</span> <span class='ocrx_word' id='word_1_196' title='bbox 1380 3007 1608 3082; x_wconf 85' lang='lat' dir='ltr'>descendere</span> <span class='ocrx_word' id='word_1_197' title='bbox 1630 3005 1744 3082; x_wconf 88' lang='lat' dir='ltr'>debet</span> <span class='ocrx_word' id='word_1_198' title='bbox 1766 3005 1967 3082; x_wconf 89' lang='lat' dir='ltr'>heredibus</span> 
     </span>
     <span class='ocr_line' id='line_1_22' title="bbox 375 3123 1965 3223; baseline -0.001 -23"><span class='ocrx_word' id='word_1_199' title='bbox 375 3123 921 3223; x_wconf 72' lang='lat' dir='ltr'>propinquioribusmasculis</span> <span class='ocrx_word' id='word_1_200' title='bbox 937 3123 1003 3199; x_wconf 76' lang='lat' dir='ltr'>et²⁰</span> <span class='ocrx_word' id='word_1_201' title='bbox 1021 3123 1185 3213; x_wconf 85' lang='lat' dir='ltr'>feminis,</span> <span class='ocrx_word' id='word_1_202' title='bbox 1202 3133 1308 3200; x_wconf 90' lang='lat' dir='ltr'>recta</span> <span class='ocrx_word' id='word_1_203' title='bbox 1324 3124 1424 3200; x_wconf 89' lang='lat' dir='ltr'>linea</span> <span class='ocrx_word' id='word_1_204' title='bbox 1441 3125 1501 3199; x_wconf 90' lang='lat' dir='ltr'>vel</span> <span class='ocrx_word' id='word_1_205' title='bbox 1517 3124 1765 3205; x_wconf 85' lang='lat' dir='ltr'>transversali</span> <span class='ocrx_word' id='word_1_206' title='bbox 1782 3124 1965 3200; x_wconf 89' lang='lat' dir='ltr'>venienti-</span> 
     </span>
     <span class='ocr_line' id='line_1_23' title="bbox 374 3241 1967 3342; baseline -0.001 -24"><span class='ocrx_word' id='word_1_207' title='bbox 374 3243 456 3320; x_wconf 89' lang='lat' dir='ltr'>bus.</span> <span class='ocrx_word' id='word_1_208' title='bbox 469 3242 682 3319; x_wconf 88' lang='lat' dir='ltr'>Descendit</span> <span class='ocrx_word' id='word_1_209' title='bbox 694 3243 824 3340; x_wconf 85' lang='lat' dir='ltr'>iteque</span> <span class='ocrx_word' id='word_1_210' title='bbox 836 3243 895 3318; x_wconf 94' lang='lat' dir='ltr'>ius</span> <span class='ocrx_word' id='word_1_211' title='bbox 907 3243 1016 3341; x_wconf 90' lang='lat' dir='ltr'>quasi</span> <span class='ocrx_word' id='word_1_212' title='bbox 1028 3243 1287 3342; x_wconf 90' lang='lat' dir='ltr'>ponderosum</span> <span class='ocrx_word' id='word_1_213' title='bbox 1300 3242 1393 3341; x_wconf 91' lang='lat' dir='ltr'>quid</span> <span class='ocrx_word' id='word_1_214' title='bbox 1405 3243 1544 3319; x_wconf 91' lang='lat' dir='ltr'>cadens</span> <span class='ocrx_word' id='word_1_215' title='bbox 1557 3243 1736 3319; x_wconf 88' lang='lat' dir='ltr'>deorsum</span> <span class='ocrx_word' id='word_1_216' title='bbox 1749 3251 1854 3318; x_wconf 89' lang='lat' dir='ltr'>recta</span> <span class='ocrx_word' id='word_1_217' title='bbox 1866 3241 1967 3318; x_wconf 90' lang='lat' dir='ltr'>linea</span> 
     </span>
     <span class='ocr_line' id='line_1_24' title="bbox 375 3359 1966 3460; baseline -0.001 -24"><span class='ocrx_word' id='word_1_218' title='bbox 375 3361 437 3437; x_wconf 86' lang='lat' dir='ltr'>vel</span> <span class='ocrx_word' id='word_1_219' title='bbox 448 3360 707 3449; x_wconf 86' lang='lat' dir='ltr'>transversali‚</span> <span class='ocrx_word' id='word_1_220' title='bbox 721 3369 760 3437; x_wconf 91' lang='lat' dir='ltr'>et</span> <span class='ocrx_word' id='word_1_221' title='bbox 773 3385 985 3460; x_wconf 90' lang='lat' dir='ltr'>numquam</span> <span class='ocrx_word' id='word_1_222' title='bbox 999 3360 1211 3437; x_wconf 87' lang='lat' dir='ltr'>reascendit</span> <span class='ocrx_word' id='word_1_223' title='bbox 1225 3359 1385 3436; x_wconf 75' lang='lat' dir='ltr'>esdem²²</span> <span class='ocrx_word' id='word_1_224' title='bbox 1399 3359 1462 3436; x_wconf 84' lang='lat' dir='ltr'>via</span> <span class='ocrx_word' id='word_1_225' title='bbox 1476 3386 1552 3459; x_wconf 91' lang='lat' dir='ltr'>qua</span> <span class='ocrx_word' id='word_1_226' title='bbox 1567 3359 1762 3436; x_wconf 88' lang='lat' dir='ltr'>descendit</span> <span class='ocrx_word' id='word_1_227' title='bbox 1777 3359 1966 3459; x_wconf 82' lang='lat' dir='ltr'>propter²²</span> 
     </span>
     <span class='ocr_line' id='line_1_25' title="bbox 374 3476 1965 3577; baseline 0 -22"><span class='ocrx_word' id='word_1_228' title='bbox 374 3487 539 3555; x_wconf 88' lang='lat' dir='ltr'>mortem</span> <span class='ocrx_word' id='word_1_229' title='bbox 557 3487 851 3556; x_wconf 85' lang='lat' dir='ltr'>antecessorum.</span> <span class='ocrx_word' id='word_1_230' title='bbox 870 3479 913 3554; x_wconf 93' lang='lat' dir='ltr'>A</span> <span class='ocrx_word' id='word_1_231' title='bbox 929 3478 1051 3554; x_wconf 89' lang='lat' dir='ltr'>latere</span> <span class='ocrx_word' id='word_1_232' title='bbox 1068 3477 1227 3555; x_wconf 82' lang='lat' dir='ltr'>tamen²⁸</span> <span class='ocrx_word' id='word_1_233' title='bbox 1247 3476 1446 3554; x_wconf 82' lang='lat' dir='ltr'>ascendit²⁴</span> <span class='ocrx_word' id='word_1_234' title='bbox 1465 3477 1700 3577; x_wconf 80' lang='lat' dir='ltr'>aliquando²⁸</span> <span class='ocrx_word' id='word_1_235' title='bbox 1721 3487 1883 3577; x_wconf 89' lang='lat' dir='ltr'>propter</span> <span class='ocrx_word' id='word_1_236' title='bbox 1902 3478 1965 3555; x_wconf 92' lang='lat' dir='ltr'>de-</span> 
     </span>
     <span class='ocr_line' id='line_1_26' title="bbox 376 3596 1965 3696; baseline -0.001 -22"><span class='ocrx_word' id='word_1_237' title='bbox 376 3599 523 3675; x_wconf 86' lang='lat' dir='ltr'>fectum</span> <span class='ocrx_word' id='word_1_238' title='bbox 546 3598 729 3674; x_wconf 90' lang='lat' dir='ltr'>heredum</span> <span class='ocrx_word' id='word_1_239' title='bbox 752 3597 914 3674; x_wconf 85' lang='lat' dir='ltr'>inferius</span> <span class='ocrx_word' id='word_1_240' title='bbox 939 3597 1257 3696; x_wconf 87' lang='lat' dir='ltr'>provenientium.</span> <span class='ocrx_word' id='word_1_241' title='bbox 1283 3597 1342 3674; x_wconf 87' lang='lat' dir='ltr'>Et</span> <span class='ocrx_word' id='word_1_242' title='bbox 1367 3596 1397 3673; x_wconf 91' lang='lat' dir='ltr'>si</span> <span class='ocrx_word' id='word_1_243' title='bbox 1422 3597 1559 3673; x_wconf 90' lang='lat' dir='ltr'>seisina</span> <span class='ocrx_word' id='word_1_244' title='bbox 1584 3597 1662 3673; x_wconf 87' lang='lat' dir='ltr'>sive</span> <span class='ocrx_word' id='word_1_245' title='bbox 1687 3597 1873 3695; x_wconf 87' lang='lat' dir='ltr'>possessio</span> <span class='ocrx_word' id='word_1_246' title='bbox 1899 3596 1965 3673; x_wconf 89' lang='lat' dir='ltr'>ali-</span> 
     </span>
     <span class='ocr_line' id='line_1_27' title="bbox 376 3715 1965 3814; baseline -0.001 -23"><span class='ocrx_word' id='word_1_247' title='bbox 376 3717 531 3814; x_wconf 93' lang='lat' dir='ltr'>quando</span> <span class='ocrx_word' id='word_1_248' title='bbox 549 3717 738 3793; x_wconf 84' lang='lat' dir='ltr'>exorbitet</span> <span class='ocrx_word' id='word_1_249' title='bbox 756 3716 811 3792; x_wconf 93' lang='lat' dir='ltr'>ita</span> <span class='ocrx_word' id='word_1_250' title='bbox 828 3718 932 3814; x_wconf 92' lang='lat' dir='ltr'>quod</span> <span class='ocrx_word' id='word_1_251' title='bbox 950 3715 1008 3792; x_wconf 90' lang='lat' dir='ltr'>ius</span> <span class='ocrx_word' id='word_1_252' title='bbox 1026 3740 1175 3792; x_wconf 87' lang='lat' dir='ltr'>merum</span> <span class='ocrx_word' id='word_1_253' title='bbox 1193 3740 1271 3790; x_wconf 91' lang='lat' dir='ltr'>non</span> <span class='ocrx_word' id='word_1_254' title='bbox 1290 3724 1484 3813; x_wconf 90' lang='lat' dir='ltr'>sequatur,</span> <span class='ocrx_word' id='word_1_255' title='bbox 1503 3715 1544 3789; x_wconf 90' lang='lat' dir='ltr'>in</span> <span class='ocrx_word' id='word_1_256' title='bbox 1563 3715 1639 3791; x_wconf 87' lang='lat' dir='ltr'>fine</span> <span class='ocrx_word' id='word_1_257' title='bbox 1657 3724 1788 3790; x_wconf 89' lang='lat' dir='ltr'>tamen</span> <span class='ocrx_word' id='word_1_258' title='bbox 1808 3715 1858 3790; x_wconf 90' lang='lat' dir='ltr'>ad</span> <span class='ocrx_word' id='word_1_259' title='bbox 1877 3741 1965 3813; x_wconf 93' lang='lat' dir='ltr'>pro-</span> 
     </span>
     <span class='ocr_line' id='line_1_28' title="bbox 375 3833 1966 3933; baseline 0 -24"><span class='ocrx_word' id='word_1_260' title='bbox 375 3834 582 3933; x_wconf 88' lang='lat' dir='ltr'>prietatem</span> <span class='ocrx_word' id='word_1_261' title='bbox 600 3843 816 3910; x_wconf 89' lang='lat' dir='ltr'>revertetur</span> <span class='ocrx_word' id='word_1_262' title='bbox 834 3835 866 3910; x_wconf 94' lang='lat' dir='ltr'>si</span> <span class='ocrx_word' id='word_1_263' title='bbox 886 3834 934 3911; x_wconf 90' lang='lat' dir='ltr'>sit</span> <span class='ocrx_word' id='word_1_264' title='bbox 954 3833 1061 3910; x_wconf 88' lang='lat' dir='ltr'>heres</span> <span class='ocrx_word' id='word_1_265' title='bbox 1082 3834 1147 3932; x_wconf 93' lang='lat' dir='ltr'>qui</span> <span class='ocrx_word' id='word_1_266' title='bbox 1162 3842 1286 3932; x_wconf 88' lang='lat' dir='ltr'>petat.</span> <span class='ocrx_word' id='word_1_267' title='bbox 1309 3834 1413 3909; x_wconf 91' lang='lat' dir='ltr'>Item</span> <span class='ocrx_word' id='word_1_268' title='bbox 1434 3833 1628 3909; x_wconf 88' lang='lat' dir='ltr'>descendit</span> <span class='ocrx_word' id='word_1_269' title='bbox 1648 3833 1706 3909; x_wconf 90' lang='lat' dir='ltr'>ius</span> <span class='ocrx_word' id='word_1_270' title='bbox 1726 3858 1817 3909; x_wconf 86' lang='lat' dir='ltr'>vero</span> <span class='ocrx_word' id='word_1_271' title='bbox 1835 3833 1966 3909; x_wconf 90' lang='lat' dir='ltr'>heredi</span> 
     </span>
     <span class='ocr_line' id='line_1_29' title="bbox 376 3950 1966 4051; baseline 0 -23"><span class='ocrx_word' id='word_1_272' title='bbox 376 3953 605 4051; x_wconf 90' lang='lat' dir='ltr'>ubicumque</span> <span class='ocrx_word' id='word_1_273' title='bbox 631 3953 751 4030; x_wconf 89' lang='lat' dir='ltr'>fuerit</span> <span class='ocrx_word' id='word_1_274' title='bbox 775 3961 903 4041; x_wconf 79' lang='lat' dir='ltr'>natue,</span> <span class='ocrx_word' id='word_1_275' title='bbox 930 3953 991 4028; x_wconf 89' lang='lat' dir='ltr'>vel</span> <span class='ocrx_word' id='word_1_276' title='bbox 1017 3953 1056 4028; x_wconf 93' lang='lat' dir='ltr'>in</span> <span class='ocrx_word' id='word_1_277' title='bbox 1082 3960 1193 4027; x_wconf 86' lang='lat' dir='ltr'>utero</span> <span class='ocrx_word' id='word_1_278' title='bbox 1220 3951 1366 4039; x_wconf 90' lang='lat' dir='ltr'>matris,</span> <span class='ocrx_word' id='word_1_279' title='bbox 1393 3951 1492 4026; x_wconf 88' lang='lat' dir='ltr'>citra</span> <span class='ocrx_word' id='word_1_280' title='bbox 1516 3975 1622 4026; x_wconf 90' lang='lat' dir='ltr'>mare</span> <span class='ocrx_word' id='word_1_281' title='bbox 1648 3951 1709 4026; x_wconf 86' lang='lat' dir='ltr'>vel</span> <span class='ocrx_word' id='word_1_282' title='bbox 1736 3950 1851 4028; x_wconf 90' lang='lat' dir='ltr'>ultra.</span> <span class='ocrx_word' id='word_1_283' title='bbox 1881 3951 1966 4028; x_wconf 92' lang='lat' dir='ltr'>Nec</span> 
     </span>
     <span class='ocr_line' id='line_1_30' title="bbox 375 4069 1967 4171; baseline -0.001 -23"><span class='ocrx_word' id='word_1_284' title='bbox 375 4081 505 4171; x_wconf 89' lang='lat' dir='ltr'>potest</span> <span class='ocrx_word' id='word_1_285' title='bbox 525 4071 660 4169; x_wconf 88' lang='lat' dir='ltr'>aliquis</span> <span class='ocrx_word' id='word_1_286' title='bbox 680 4071 750 4148; x_wconf 92' lang='lat' dir='ltr'>sibi</span> <span class='ocrx_word' id='word_1_287' title='bbox 770 4072 897 4148; x_wconf 88' lang='lat' dir='ltr'>facere</span> <span class='ocrx_word' id='word_1_288' title='bbox 914 4071 1104 4158; x_wconf 89' lang='lat' dir='ltr'>heredem,</span> <span class='ocrx_word' id='word_1_289' title='bbox 1126 4070 1217 4168; x_wconf 83' lang='lat' dir='ltr'>quie</span> <span class='ocrx_word' id='word_1_290' title='bbox 1235 4069 1338 4146; x_wconf 88' lang='lat' dir='ltr'>solus</span> <span class='ocrx_word' id='word_1_291' title='bbox 1359 4070 1452 4147; x_wconf 89' lang='lat' dir='ltr'>deus</span> <span class='ocrx_word' id='word_1_292' title='bbox 1472 4069 1649 4146; x_wconf 92' lang='lat' dir='ltr'>heredem</span> <span class='ocrx_word' id='word_1_293' title='bbox 1670 4069 1776 4145; x_wconf 87' lang='lat' dir='ltr'>facit.</span> <span class='ocrx_word' id='word_1_294' title='bbox 1798 4070 1856 4147; x_wconf 86' lang='lat' dir='ltr'>Et</span> <span class='ocrx_word' id='word_1_295' title='bbox 1877 4070 1967 4168; x_wconf 89' lang='lat' dir='ltr'>quia</span> 
     </span>
     <span class='ocr_line' id='line_1_31' title="bbox 374 4187 1964 4287; baseline -0.001 -22"><span class='ocrx_word' id='word_1_296' title='bbox 374 4190 482 4267; x_wconf 90' lang='lat' dir='ltr'>heres</span> <span class='ocrx_word' id='word_1_297' title='bbox 504 4189 644 4267; x_wconf 90' lang='lat' dir='ltr'>dicitur</span> <span class='ocrx_word' id='word_1_298' title='bbox 662 4190 711 4264; x_wconf 93' lang='lat' dir='ltr'>ab</span> <span class='ocrx_word' id='word_1_299' title='bbox 730 4189 953 4276; x_wconf 87' lang='lat' dir='ltr'>hereditate,</span> <span class='ocrx_word' id='word_1_300' title='bbox 974 4198 1012 4265; x_wconf 93' lang='lat' dir='ltr'>et</span> <span class='ocrx_word' id='word_1_301' title='bbox 1033 4213 1112 4263; x_wconf 90' lang='lat' dir='ltr'>non</span> <span class='ocrx_word' id='word_1_302' title='bbox 1131 4187 1321 4264; x_wconf 88' lang='lat' dir='ltr'>hereditas</span> <span class='ocrx_word' id='word_1_303' title='bbox 1343 4187 1391 4262; x_wconf 94' lang='lat' dir='ltr'>ab</span> <span class='ocrx_word' id='word_1_304' title='bbox 1412 4187 1561 4275; x_wconf 90' lang='lat' dir='ltr'>herede,</span> <span class='ocrx_word' id='word_1_305' title='bbox 1582 4187 1667 4264; x_wconf 92' lang='lat' dir='ltr'>ideo</span> <span class='ocrx_word' id='word_1_306' title='bbox 1688 4188 1814 4287; x_wconf 91' lang='lat' dir='ltr'>primo</span> <span class='ocrx_word' id='word_1_307' title='bbox 1835 4187 1964 4265; x_wconf 87' lang='lat' dir='ltr'>viden-</span> 
     </span>
     <span class='ocr_line' id='line_1_32' title="bbox 374 4304 1964 4409; baseline -0.004 -21"><span class='ocrx_word' id='word_1_308' title='bbox 374 4312 468 4387; x_wconf 91' lang='lat' dir='ltr'>dum</span> <span class='ocrx_word' id='word_1_309' title='bbox 485 4320 542 4387; x_wconf 92' lang='lat' dir='ltr'>est</span> <span class='ocrx_word' id='word_1_310' title='bbox 559 4309 651 4409; x_wconf 92' lang='lat' dir='ltr'>quid</span> <span class='ocrx_word' id='word_1_311' title='bbox 668 4309 717 4385; x_wconf 90' lang='lat' dir='ltr'>sit</span> <span class='ocrx_word' id='word_1_312' title='bbox 733 4308 935 4396; x_wconf 91' lang='lat' dir='ltr'>hereditas,</span> <span class='ocrx_word' id='word_1_313' title='bbox 953 4316 1089 4406; x_wconf 86' lang='lat' dir='ltr'>postea</span> <span class='ocrx_word' id='word_1_314' title='bbox 1106 4307 1190 4405; x_wconf 90' lang='lat' dir='ltr'>quis</span> <span class='ocrx_word' id='word_1_315' title='bbox 1206 4305 1255 4383; x_wconf 92' lang='lat' dir='ltr'>sit</span> <span class='ocrx_word' id='word_1_316' title='bbox 1271 4304 1380 4382; x_wconf 91' lang='lat' dir='ltr'>heres</span> <span class='ocrx_word' id='word_1_317' title='bbox 1396 4305 1603 4403; x_wconf 88' lang='lat' dir='ltr'>legitimus,</span> <span class='ocrx_word' id='word_1_318' title='bbox 1621 4315 1659 4382; x_wconf 91' lang='lat' dir='ltr'>et</span> <span class='ocrx_word' id='word_1_319' title='bbox 1677 4306 1761 4404; x_wconf 90' lang='lat' dir='ltr'>quis</span> <span class='ocrx_word' id='word_1_320' title='bbox 1778 4332 1827 4381; x_wconf 89' lang='lat' dir='ltr'>ex</span> <span class='ocrx_word' id='word_1_321' title='bbox 1845 4307 1964 4405; x_wconf 93' lang='lat' dir='ltr'>pluri-</span> 
     </span>
     <span class='ocr_line' id='line_1_33' title="bbox 374 4423 1965 4528; baseline -0.001 -26"><span class='ocrx_word' id='word_1_322' title='bbox 374 4427 446 4503; x_wconf 92' lang='lat' dir='ltr'>bus</span> <span class='ocrx_word' id='word_1_323' title='bbox 467 4428 710 4528; x_wconf 72' lang='lat' dir='ltr'>preferatur.</span> <span class='ocrx_word' id='word_1_324' title='bbox 734 4427 792 4501; x_wconf 86' lang='lat' dir='ltr'>Et</span> <span class='ocrx_word' id='word_1_325' title='bbox 813 4423 1035 4503; x_wconf 77' lang='lat' dir='ltr'>sciendum²⁶</span> <span class='ocrx_word' id='word_1_326' title='bbox 1057 4425 1162 4523; x_wconf 94' lang='lat' dir='ltr'>quod</span> <span class='ocrx_word' id='word_1_327' title='bbox 1183 4424 1373 4500; x_wconf 88' lang='lat' dir='ltr'>hereditas</span> <span class='ocrx_word' id='word_1_328' title='bbox 1395 4433 1453 4500; x_wconf 92' lang='lat' dir='ltr'>est</span> <span class='ocrx_word' id='word_1_329' title='bbox 1476 4424 1660 4500; x_wconf 87' lang='lat' dir='ltr'>successio</span> <span class='ocrx_word' id='word_1_330' title='bbox 1682 4425 1723 4500; x_wconf 91' lang='lat' dir='ltr'>in</span> <span class='ocrx_word' id='word_1_331' title='bbox 1744 4424 1965 4501; x_wconf 90' lang='lat' dir='ltr'>universum</span> 
     </span>
     <span class='ocr_line' id='line_1_34' title="bbox 374 4541 1964 4644; baseline -0.001 -24"><span class='ocrx_word' id='word_1_332' title='bbox 374 4545 433 4622; x_wconf 90' lang='lat' dir='ltr'>ius</span> <span class='ocrx_word' id='word_1_333' title='bbox 454 4546 557 4644; x_wconf 94' lang='lat' dir='ltr'>quod</span> <span class='ocrx_word' id='word_1_334' title='bbox 577 4544 784 4621; x_wconf 83' lang='lat' dir='ltr'>defunctus</span> <span class='ocrx_word' id='word_1_335' title='bbox 803 4542 965 4620; x_wconf 79' lang='lat' dir='ltr'>habuit²&#39;</span> <span class='ocrx_word' id='word_1_336' title='bbox 987 4568 1035 4618; x_wconf 88' lang='lat' dir='ltr'>ex</span> <span class='ocrx_word' id='word_1_337' title='bbox 1056 4567 1295 4641; x_wconf 90' lang='lat' dir='ltr'>quacumque</span> <span class='ocrx_word' id='word_1_338' title='bbox 1315 4567 1432 4619; x_wconf 82' lang='lat' dir='ltr'>cause</span> <span class='ocrx_word' id='word_1_339' title='bbox 1451 4541 1715 4640; x_wconf 85' lang='lat' dir='ltr'>adquisitionis</span> <span class='ocrx_word' id='word_1_340' title='bbox 1737 4543 1798 4618; x_wconf 89' lang='lat' dir='ltr'>vel</span> <span class='ocrx_word' id='word_1_341' title='bbox 1820 4566 1964 4620; x_wconf 89' lang='lat' dir='ltr'>succes·</span> 
     </span>
     <span class='ocr_line' id='line_1_35' title="bbox 375 4659 1964 4759; baseline -0.002 -21"><span class='ocrx_word' id='word_1_342' title='bbox 375 4663 502 4751; x_wconf 90' lang='lat' dir='ltr'>sionis,</span> <span class='ocrx_word' id='word_1_343' title='bbox 520 4687 608 4739; x_wconf 90' lang='lat' dir='ltr'>cum</span> <span class='ocrx_word' id='word_1_344' title='bbox 627 4661 763 4739; x_wconf 90' lang='lat' dir='ltr'>seisina</span> <span class='ocrx_word' id='word_1_345' title='bbox 781 4660 870 4736; x_wconf 86' lang='lat' dir='ltr'>vel²⁸</span> <span class='ocrx_word' id='word_1_346' title='bbox 889 4661 981 4749; x_wconf 91' lang='lat' dir='ltr'>sine,</span> <span class='ocrx_word' id='word_1_347' title='bbox 1001 4669 1046 4737; x_wconf 88' lang='lat' dir='ltr'>ut</span> <span class='ocrx_word' id='word_1_348' title='bbox 1064 4659 1096 4738; x_wconf 93' lang='lat' dir='ltr'>si</span> <span class='ocrx_word' id='word_1_349' title='bbox 1115 4685 1204 4736; x_wconf 89' lang='lat' dir='ltr'>cum</span> <span class='ocrx_word' id='word_1_350' title='bbox 1223 4659 1387 4736; x_wconf 80' lang='lat' dir='ltr'>seisina²’</span> <span class='ocrx_word' id='word_1_351' title='bbox 1407 4685 1647 4759; x_wconf 92' lang='lat' dir='ltr'>quocumque</span> <span class='ocrx_word' id='word_1_352' title='bbox 1667 4669 1843 4759; x_wconf 89' lang='lat' dir='ltr'>tempore</span> <span class='ocrx_word' id='word_1_353' title='bbox 1863 4659 1964 4737; x_wconf 91' lang='lat' dir='ltr'>seisi·</span> 
     </span>
     <span class='ocr_line' id='line_1_36' title="bbox 374 4777 1963 4878; baseline -0.001 -21"><span class='ocrx_word' id='word_1_354' title='bbox 374 4790 439 4857; x_wconf 90' lang='lat' dir='ltr'>tus</span> <span class='ocrx_word' id='word_1_355' title='bbox 459 4779 638 4857; x_wconf 82' lang='lat' dir='ltr'>fueritin</span> <span class='ocrx_word' id='word_1_356' title='bbox 657 4778 765 4855; x_wconf 80' lang='lat' dir='ltr'>vita⁸⁰</span> <span class='ocrx_word' id='word_1_357' title='bbox 785 4778 846 4856; x_wconf 87' lang='lat' dir='ltr'>vel</span> <span class='ocrx_word' id='word_1_358' title='bbox 866 4778 906 4854; x_wconf 90' lang='lat' dir='ltr'>in</span> <span class='ocrx_word' id='word_1_359' title='bbox 925 4786 1061 4868; x_wconf 87' lang='lat' dir='ltr'>morte,</span> <span class='ocrx_word' id='word_1_360' title='bbox 1082 4777 1223 4855; x_wconf 89' lang='lat' dir='ltr'>scilicet</span> <span class='ocrx_word' id='word_1_361' title='bbox 1244 4779 1305 4855; x_wconf 89' lang='lat' dir='ltr'>die</span> <span class='ocrx_word' id='word_1_362' title='bbox 1325 4803 1402 4876; x_wconf 91' lang='lat' dir='ltr'>quo</span> <span class='ocrx_word' id='word_1_363' title='bbox 1423 4777 1527 4854; x_wconf 88' lang='lat' dir='ltr'>obiit.</span> <span class='ocrx_word' id='word_1_364' title='bbox 1550 4779 1608 4853; x_wconf 86' lang='lat' dir='ltr'>Et</span> <span class='ocrx_word' id='word_1_365' title='bbox 1630 4779 1661 4854; x_wconf 90' lang='lat' dir='ltr'>si</span> <span class='ocrx_word' id='word_1_366' title='bbox 1682 4779 1741 4855; x_wconf 90' lang='lat' dir='ltr'>ius</span> <span class='ocrx_word' id='word_1_367' title='bbox 1762 4780 1813 4856; x_wconf 95' lang='lat' dir='ltr'>ad</span> <span class='ocrx_word' id='word_1_368' title='bbox 1833 4777 1963 4878; x_wconf 89' lang='lat' dir='ltr'>plures</span> 
     </span>
     <span class='ocr_line' id='line_1_37' title="bbox 372 4897 1964 4996; baseline -0.001 -20"><span class='ocrx_word' id='word_1_369' title='bbox 372 4898 531 4976; x_wconf 92' lang='lat' dir='ltr'>heredes</span> <span class='ocrx_word' id='word_1_370' title='bbox 556 4898 763 4976; x_wconf 89' lang='lat' dir='ltr'>descendat</span> <span class='ocrx_word' id='word_1_371' title='bbox 788 4897 995 4974; x_wconf 86' lang='lat' dir='ltr'>successive</span> <span class='ocrx_word' id='word_1_372' title='bbox 1019 4897 1100 4974; x_wconf 90' lang='lat' dir='ltr'>sine</span> <span class='ocrx_word' id='word_1_373' title='bbox 1125 4897 1274 4986; x_wconf 89' lang='lat' dir='ltr'>seisina,</span> <span class='ocrx_word' id='word_1_374' title='bbox 1300 4906 1432 4973; x_wconf 89' lang='lat' dir='ltr'>tamen</span> <span class='ocrx_word' id='word_1_375' title='bbox 1456 4897 1591 4973; x_wconf 88' lang='lat' dir='ltr'>eadem</span> <span class='ocrx_word' id='word_1_376' title='bbox 1618 4897 1755 4973; x_wconf 89' lang='lat' dir='ltr'>seisina</span> <span class='ocrx_word' id='word_1_377' title='bbox 1780 4897 1964 4996; x_wconf 87' lang='lat' dir='ltr'>competit</span> 
     </span>
    </p>
   </div>
   <div class='ocr_carea' id='block_1_4' title="bbox 374 5099 1965 5484">
    <p class='ocr_par' dir='ltr' id='par_1_6' title="bbox 374 5099 1965 5484">
     <span class='ocr_line' id='line_1_38' title="bbox 374 5099 1965 5182; baseline -0.001 -19"><span class='ocrx_word' id='word_1_378' title='bbox 374 5102 508 5180; x_wconf 82' lang='lat' dir='ltr'>¹⁸infra,</span> <span class='ocrx_word' id='word_1_379' title='bbox 526 5104 566 5182; x_wconf 90' lang='lat' dir='ltr'>V,</span> <span class='ocrx_word' id='word_1_380' title='bbox 585 5104 652 5180; x_wconf 86' lang='lat' dir='ltr'>OC,</span> <span class='ocrx_word' id='word_1_381' title='bbox 672 5104 736 5164; x_wconf 88' lang='grc' dir='ltr'>ΜΒ</span> <span class='ocrx_word' id='word_1_382' title='bbox 761 5103 862 5180; x_wconf 79' lang='lat' dir='ltr'>(infra</span> <span class='ocrx_word' id='word_1_383' title='bbox 881 5101 1113 5164; x_wconf 86' lang='lat' dir='ltr'>conductionem</span> <span class='ocrx_word' id='word_1_384' title='bbox 1132 5101 1298 5178; x_wconf 86' lang='lat' dir='ltr'>succedit).</span> <span class='ocrx_word' id='word_1_385' title='bbox 1340 5099 1531 5175; x_wconf 79' lang='lat' dir='ltr'>²⁹obierunt,</span> <span class='ocrx_word' id='word_1_386' title='bbox 1551 5101 1590 5174; x_wconf 91' lang='lat' dir='ltr'>V,</span> <span class='ocrx_word' id='word_1_387' title='bbox 1610 5103 1679 5178; x_wconf 92' lang='lat' dir='ltr'>OB,</span> <span class='ocrx_word' id='word_1_388' title='bbox 1701 5101 1776 5177; x_wconf 89' lang='lat' dir='ltr'>MA,</span> <span class='ocrx_word' id='word_1_389' title='bbox 1799 5102 1876 5176; x_wconf 90' lang='lat' dir='ltr'>MG,</span> <span class='ocrx_word' id='word_1_390' title='bbox 1897 5102 1965 5177; x_wconf 77' lang='grc' dir='ltr'>ΟΕ,</span> 
     </span>
     <span class='ocr_line' id='line_1_39' title="bbox 374 5201 1965 5282; baseline 0 -18"><span class='ocrx_word' id='word_1_391' title='bbox 374 5204 447 5264; x_wconf 88' lang='lat' dir='ltr'>cM.</span> <span class='ocrx_word' id='word_1_392' title='bbox 482 5204 509 5240; x_wconf 85' lang='lat'>²⁰</span> <span class='ocrx_word' id='word_1_393' title='bbox 521 5208 595 5281; x_wconf 86' lang='lat' dir='ltr'>sive,</span> <span class='ocrx_word' id='word_1_394' title='bbox 609 5205 687 5280; x_wconf 90' lang='lat' dir='ltr'>MG,</span> <span class='ocrx_word' id='word_1_395' title='bbox 700 5206 739 5266; x_wconf 88' lang='lat' dir='ltr'>Y.</span> <span class='ocrx_word' id='word_1_396' title='bbox 775 5203 801 5237; x_wconf 85' lang='lat'>²²</span> <span class='ocrx_word' id='word_1_397' title='bbox 813 5224 860 5278; x_wconf 85' lang='lat' dir='ltr'>ea,</span> <span class='ocrx_word' id='word_1_398' title='bbox 875 5204 951 5276; x_wconf 93' lang='lat' dir='ltr'>MA,</span> <span class='ocrx_word' id='word_1_399' title='bbox 966 5204 1041 5264; x_wconf 91' lang='grc' dir='ltr'>ΜΒ.</span> <span class='ocrx_word' id='word_1_400' title='bbox 1077 5202 1198 5282; x_wconf 82' lang='lat' dir='ltr'>²²post,</span> <span class='ocrx_word' id='word_1_401' title='bbox 1212 5204 1251 5276; x_wconf 86' lang='lat' dir='ltr'>V,</span> <span class='ocrx_word' id='word_1_402' title='bbox 1266 5204 1333 5278; x_wconf 90' lang='lat' dir='ltr'>OC,</span> <span class='ocrx_word' id='word_1_403' title='bbox 1349 5204 1422 5264; x_wconf 87' lang='lat' dir='ltr'>CM.</span> <span class='ocrx_word' id='word_1_404' title='bbox 1459 5201 1525 5236; x_wconf 81' lang='lat'>²²²²²</span> <span class='ocrx_word' id='word_1_405' title='bbox 1536 5203 1965 5280; x_wconf 87' lang='lat' dir='ltr'>cumdescendit,OC,MG,</span> 
     </span>
     <span class='ocr_line' id='line_1_40' title="bbox 375 5303 1963 5384; baseline 0.001 -19"><span class='ocrx_word' id='word_1_406' title='bbox 375 5304 572 5383; x_wconf 83' lang='lat' dir='ltr'>Y(tamen).</span> <span class='ocrx_word' id='word_1_407' title='bbox 611 5305 637 5338; x_wconf 77' lang='lat'>²⁸</span> <span class='ocrx_word' id='word_1_408' title='bbox 649 5305 752 5380; x_wconf 85' lang='lat' dir='ltr'>alicui,</span> <span class='ocrx_word' id='word_1_409' title='bbox 766 5306 806 5381; x_wconf 89' lang='lat' dir='ltr'>V,</span> <span class='ocrx_word' id='word_1_410' title='bbox 822 5304 891 5378; x_wconf 89' lang='lat' dir='ltr'>OB,</span> <span class='ocrx_word' id='word_1_411' title='bbox 908 5305 984 5378; x_wconf 88' lang='lat' dir='ltr'>MA,</span> <span class='ocrx_word' id='word_1_412' title='bbox 1002 5305 1076 5365; x_wconf 88' lang='grc' dir='ltr'>ΜΒ.</span> <span class='ocrx_word' id='word_1_413' title='bbox 1114 5303 1309 5366; x_wconf 73' lang='lat' dir='ltr'>²‘sciendum</span> <span class='ocrx_word' id='word_1_414' title='bbox 1324 5312 1383 5380; x_wconf 88' lang='lat' dir='ltr'>est,</span> <span class='ocrx_word' id='word_1_415' title='bbox 1399 5305 1466 5379; x_wconf 88' lang='lat' dir='ltr'>LA,</span> <span class='ocrx_word' id='word_1_416' title='bbox 1484 5306 1557 5366; x_wconf 88' lang='lat' dir='ltr'>MC.</span> <span class='ocrx_word' id='word_1_417' title='bbox 1596 5305 1784 5381; x_wconf 78' lang='lat' dir='ltr'>²⁷habuerit,</span> <span class='ocrx_word' id='word_1_418' title='bbox 1801 5306 1870 5384; x_wconf 92' lang='lat' dir='ltr'>OA,</span> <span class='ocrx_word' id='word_1_419' title='bbox 1889 5307 1963 5368; x_wconf 88' lang='grc' dir='ltr'>ΜΒ.</span> 
     </span>
     <span class='ocr_line' id='line_1_41' title="bbox 374 5402 1708 5484; baseline 0.005 -20"><span class='ocrx_word' id='word_1_420' title='bbox 374 5402 488 5482; x_wconf 80' lang='lat' dir='ltr'>¹⁸sive,</span> <span class='ocrx_word' id='word_1_421' title='bbox 502 5405 542 5481; x_wconf 87' lang='lat' dir='ltr'>V,</span> <span class='ocrx_word' id='word_1_422' title='bbox 556 5404 626 5480; x_wconf 91' lang='lat' dir='ltr'>OB,</span> <span class='ocrx_word' id='word_1_423' title='bbox 640 5406 714 5466; x_wconf 90' lang='lat' dir='ltr'>MA.</span> <span class='ocrx_word' id='word_1_424' title='bbox 751 5404 817 5442; x_wconf 64' lang='grc' dir='ltr'>’Μ’</span> <span class='ocrx_word' id='word_1_425' title='bbox 829 5406 910 5482; x_wconf 82' lang='lat' dir='ltr'>Om,</span> <span class='ocrx_word' id='word_1_426' title='bbox 926 5406 1002 5482; x_wconf 88' lang='grc' dir='ltr'>ΜΒ,</span> <span class='ocrx_word' id='word_1_427' title='bbox 1019 5406 1096 5482; x_wconf 88' lang='lat' dir='ltr'>MG,</span> <span class='ocrx_word' id='word_1_428' title='bbox 1112 5407 1186 5480; x_wconf 89' lang='lat' dir='ltr'>CM,</span> <span class='ocrx_word' id='word_1_429' title='bbox 1207 5406 1263 5484; x_wconf 78' lang='lat'>(†</span> <span class='ocrx_word' id='word_1_430' title='bbox 1276 5406 1335 5484; x_wconf 91' lang='lat' dir='ltr'>Y).</span> <span class='ocrx_word' id='word_1_431' title='bbox 1374 5405 1401 5439; x_wconf 80' lang='lat'>⁸⁰</span> <span class='ocrx_word' id='word_1_432' title='bbox 1412 5411 1476 5469; x_wconf 83' lang='lat' dir='ltr'>vita</span> <span class='ocrx_word' id='word_1_433' title='bbox 1492 5429 1559 5484; x_wconf 88' lang='lat' dir='ltr'>sua,</span> <span class='ocrx_word' id='word_1_434' title='bbox 1574 5408 1614 5482; x_wconf 91' lang='lat' dir='ltr'>V,</span> <span class='ocrx_word' id='word_1_435' title='bbox 1631 5408 1708 5471; x_wconf 88' lang='lat' dir='ltr'>MG.</span> 
     </span>
    </p>
   </div>
   <div class='ocr_carea' id='block_1_5' title="bbox 0 0 2220 6340">
    <p class='ocr_par' dir='ltr' id='par_1_7' title="bbox 0 0 2220 6340">
     <span class='ocr_line' id='line_1_42' title="bbox 0 0 2220 6340; baseline 0 1"><span class='ocrx_word' id='word_1_436' title='bbox 0 0 2220 6340; x_wconf 95' lang='lat' dir='ltr'> </span> 
     </span>
    </p>
   </div>
  </div>
 </body>
</html>
