4432 6336
637 493 698 553 DE
721 493 1024 566 ADQUIRENDO
1047 495 1205 557 RERUM
1228 496 1430 559 DOMINIO
1760 506 1832 580 167

241 641 413 741 propria,
438 665 522 740 quae
545 641 594 719 de
618 642 701 718 iure
725 645 893 720 naturali
918 671 999 722 esse
1024 645 1235 723 deberent⁸⁰
1259 647 1468 725 inventoris
1495 649 1592 726 sicut
1617 648 1831 740 thesaurus,

240 785 439 850 wreccum,
454 786 610 859 gressus
627 762 752 861 piscis,
768 763 928 861 sturgio,
944 764 1147 864 wayvium,
1164 791 1248 864 quae
1264 766 1304 842 in
1319 765 1462 842 nullius
1479 766 1586 844 bonis
1604 794 1683 845 esse
1700 769 1830 845 dicun·

240 878 476 956 tur..Habet
496 879 612 956 etiam
634 880 681 956 de
700 881 783 959 iure
801 882 977 979 gentium
997 883 1038 958 in
1057 909 1176 959 manu
1197 909 1278 973 sua,
1300 909 1384 983 qua
1404 885 1453 960 de
1473 885 1557 960 iure
1576 887 1746 964 naturali
1766 889 1831 970 dee

241 998 376 1076 berent
401 1025 482 1076 esse
508 1000 737 1089 communia,
762 1001 861 1078 sicut
887 1001 990 1078 feras
1017 1001 1169 1090 bestias,
1195 1012 1235 1079 et
1262 1028 1351 1079 aves
1376 1028 1456 1079 non
1481 1005 1720 1094 domesticas,
1747 1032 1832 1105 quae

241 1119 423 1197 deberent
439 1145 519 1195 esse
534 1119 751 1194 communia
767 1121 815 1194 de
829 1119 911 1194 iure
926 1121 1095 1195 naturali
1112 1146 1183 1219 per
1199 1121 1541 1220 apprehensionem
1558 1133 1597 1200 et
1614 1124 1832 1223 captionem

239 1248 279 1316 et
300 1239 607 1337 aucupationem.
631 1238 734 1314 Item
756 1264 826 1337 per
846 1239 1137 1338 occupationem
1159 1249 1197 1316 et
1219 1240 1561 1340 apprehensionem
1583 1243 1638 1318 rei
1661 1243 1830 1333 alterius,

239 1367 285 1434 ut
306 1356 337 1433 si
358 1355 452 1455 quid
472 1354 659 1432 abiciatur
679 1365 718 1433 et
739 1382 811 1455 pro
833 1356 1014 1433 derelicto
1034 1357 1232 1434 habeatur.
1257 1358 1321 1433 Ea
1343 1384 1434 1434 vero
1456 1385 1540 1458 quae
1561 1360 1830 1440 iurisdictionis

241 1484 388 1552 suntet
407 1473 524 1574 pacis,
542 1483 582 1550 et
599 1501 645 1552 ea
663 1499 747 1573 quae
766 1484 856 1551 sunt
874 1475 1028 1551 iustitiae
1047 1485 1085 1552 et
1105 1477 1190 1575 paci
1211 1502 1373 1565 annexa,
1395 1477 1445 1553 ad
1464 1479 1614 1555 nullum
1633 1479 1831 1579 pertinent

240 1593 313 1669 nisi
340 1593 521 1670 tantum⁸¹
548 1594 599 1669 ad
624 1617 806 1669 coronam
832 1603 871 1671 et
899 1593 1128 1691 dignitatem
1155 1595 1314 1692 regiam,
1340 1619 1410 1671 nec
1439 1621 1463 1670 a
1490 1622 1631 1674 corona
1658 1600 1830 1698 separari

239 1722 424 1812 potenmt
441 1737 529 1788 cum
547 1711 694 1810 faciant
711 1713 836 1812 ipsam
853 1737 1044 1788 coronam.
1065 1714 1142 1789 Est
1161 1715 1262 1790 enim
1280 1739 1422 1790 corona
1439 1716 1566 1792 facere
1585 1717 1772 1794 iustitiam
1791 1727 1830 1795 et

238 1833 432 1923 iudicium,
450 1843 488 1910 et
505 1842 635 1910 tenere
652 1858 798 1932 pacem,
814 1843 854 1911 et
871 1833 951 1910 sine
969 1832 1106 1932 quibus
1123 1859 1263 1910 corona
1280 1835 1486 1912 consistere
1503 1862 1582 1913 non
1599 1838 1742 1936 poterit
1761 1863 1830 1915 nec

238 1964 381 2032 tenere.
396 1954 634 2031 Huiusmodi
647 1963 778 2032 autem
791 1954 877 2030 iura
890 1954 968 2031 sive
980 1954 1257 2032 iurisdictiones
1272 1955 1322 2031 ad
1337 1981 1520 2055 personas
1534 1957 1595 2034 vel
1610 1967 1830 2034 tenemento

239 2073 444 2150 transferri
468 2097 546 2148 non
570 2081 766 2172 potenmt,
790 2098 915 2171 neque
939 2099 963 2149 a
986 2073 1140 2172 privata
1164 2099 1329 2172 persona
1353 2075 1551 2174 possideri,
1576 2101 1700 2175 neque
1723 2101 1828 2167 usus,

240 2217 363 2291 neque
389 2192 563 2268 executio
588 2192 693 2280 iuris,
719 2191 791 2267 nisi
816 2191 887 2267 hoc
913 2193 1049 2268 datum
1074 2190 1200 2268 esset³²
1227 2192 1261 2268 ei
1287 2192 1466 2291 desuper,
1493 2193 1591 2271 sicut
1618 2194 1828 2272 iurisdictio

239 2310 428 2408 delegata,
446 2334 516 2386 nec
534 2309 703 2407 delegari
720 2310 875 2410 poterit,
895 2310 989 2409 quin
1006 2310 1199 2386 ordinaria
1217 2318 1415 2388 remaneat
1432 2336 1521 2388 cum
1538 2311 1623 2412 ipso
1641 2338 1743 2411 rege.
1764 2315 1829 2390 Ea

238 2456 329 2506 vero
347 2455 431 2529 quae
447 2429 630 2505 dicuntur
648 2428 851 2528 privilegia
868 2428 956 2506 licet
974 2429 1195 2527 pertineant
1214 2429 1264 2507 ed
1282 2455 1475 2519 coronam,
1494 2439 1626 2508 tamen
1645 2456 1669 2507 a
1688 2456 1829 2509 corona

239 2550 410 2649 separari
433 2556 596 2648 possunt
618 2556 656 2624 et
679 2547 729 2623 ad
752 2546 925 2647 privatas
948 2570 1132 2645 personas
1154 2548 1372 2638 transferri,
1396 2549 1463 2625 sed
1486 2550 1534 2625 de
1557 2549 1686 2647 gratia
1708 2551 1828 2650 ipsius

238 2669 341 2766 regis
359 2666 530 2766 speciali:
548 2665 655 2743 cuius
674 2665 802 2764 gratia
821 2675 859 2743 et
878 2666 1067 2742 concessio
1086 2666 1259 2764 specialis
1279 2666 1310 2742 si
1329 2693 1407 2743 non
1426 2667 1713 2757 intervenerint,
1733 2677 1828 2746 tem·

239 2787 268 2862 f.
284 2786 352 2878 56]
409 2811 483 2884 pus
496 2810 519 2860 a
532 2785 603 2861 taIi
615 2783 800 2884 petitione
813 2809 944 2881 regem
957 2808 1036 2859 non
1049 2783 1229 2860 excludit.
1245 2783 1412 2860 Nullum
1425 2785 1527 2861 enim
1540 2796 1694 2885 tempus
1708 2787 1829 2865 currit

237 2914 374 2981 contra
388 2903 515 3003 ipsum
531 2903 583 2978 in²
600 2903 671 2978 hoc
685 2927 777 2978 casu
792 2927 881 2978 cum
896 2901 1123 3002 probatione
1139 2927 1217 2977 non
1235 2901 1373 2999 egeat.²
1392 2903 1581 2980 Constare
1597 2904 1699 2981 enim
1715 2905 1828 2982 debet

238 3022 414 3099 omnibus
434 3024 538 3121 quod
555 3021 772 3098 huiusmodi
791 3020 988 3120 pertinent
1007 3021 1057 3097 ad
1076 3045 1268 3109 coronam,
1289 3021 1360 3097 nisi
1381 3021 1431 3098 sit
1451 3022 1586 3121 aliquis
1608 3024 1673 3122 qui
1693 3024 1829 3100 docere

239 3141 384 3241 poterit
406 3167 454 3217 ex
478 3140 633 3240 speciali
655 3139 786 3238 gratia
807 3139 939 3216 habita
963 3141 1209 3216 contrarium.
1237 3141 1288 3215 In
1313 3139 1395 3217 aliis
1421 3139 1535 3217 enim⁸
1560 3140 1625 3216 ubi
1650 3141 1828 3240 probatio

238 3260 450 3338 necessaria
474 3259 605 3347 fuerit,
632 3257 752 3336 currit
777 3268 931 3357 tempus
957 3267 1092 3334 contra
1117 3258 1245 3357 ipsum
1271 3258 1369 3335 sicut
1395 3257 1543 3336 contra⁴
1570 3284 1829 3359 quoscumque

240 3380 344 3455 ahos.
372 3377 612 3454 Huiusmodi
638 3386 767 3454 autem
793 3377 989 3453 libertates
1016 3401 1104 3452 cum
1131 3402 1155 3452 a
1180 3402 1271 3474 rege
1298 3401 1483 3454 concessa
1510 3377 1668 3466 fuerint,
1697 3378 1829 3455 statim

239 3497 347 3597 quasi
370 3498 663 3574 transferuntur
687 3505 727 3573 et
752 3496 861 3594 quasi
884 3495 1142 3595 possidentur,
1169 3505 1208 3572 et
1232 3497 1295 3572 ille
1320 3496 1382 3571 cui
1407 3496 1670 3572 conceduntur
1696 3497 1828 3574 statim

239 3616 347 3715 quasi
369 3615 505 3704 utitur,
527 3615 616 3691 licet
638 3639 747 3690 casus
769 3640 846 3713 quo
868 3614 927 3690 uti
950 3613 1086 3690 debeat
1111 3613 1242 3691 statim
1264 3638 1343 3689 non
1366 3613 1545 3691 evenerit.
1571 3615 1673 3698 Cum
1698 3624 1827 3693 autem

238 3734 407 3812 evenerit
423 3743 464 3811 et
481 3759 574 3810 usus
591 3732 723 3821 fuerit,
742 3731 873 3810 statim
891 3731 1031 3809 retinet
1050 3731 1325 3831 possessionem
1345 3757 1416 3830 per
1434 3758 1558 3822 usum,
1578 3742 1617 3810 et
1637 3735 1716 3810 sive
1735 3759 1827 3811 usus

238 3853 358 3930 fuerit
374 3878 474 3942 vere,
491 3853 569 3928 sive
586 3877 675 3940 non,
693 3875 843 3949 semper
860 3851 933 3928 erit
950 3851 991 3926 iu
1008 3850 1243 3949 possessione
1260 3852 1322 3925 vel
1340 3851 1460 3949 quasi,
1479 3850 1540 3926 vel
1558 3851 1827 3929 iurisdictionis

237 3970 423 4070 delegatae
439 3971 499 4046 vel
515 3971 569 4047 rei
585 3970 704 4046 donec
719 3968 889 4046 amiserit
905 3995 976 4068 per
992 3967 1167 4044 abusum⁸
1183 3966 1258 4044 vel⁶
1275 3993 1352 4043 non
1369 3994 1492 4044 usum.
1511 3969 1585 4045 Uti
1602 3979 1731 4047 autem
1748 3994 1828 4046 non

237 4090 382 4189 poterit
405 4089 488 4188 quis
512 4115 612 4179 vere,
635 4087 724 4165 licet
747 4087 867 4186 quasi,
889 4087 960 4162 tali
982 4086 1171 4175 libertate,
1197 4086 1317 4162 donec
1340 4111 1449 4163 casus
1474 4087 1642 4164 evenerit
1667 4114 1744 4187 quo
1768 4088 1827 4164 uti

238 4207 371 4307 possit,
391 4216 437 4284 ut
456 4207 488 4284 si
509 4207 593 4306 quis
611 4205 763 4282 haheat⁷
784 4206 930 4282 curiam
950 4214 989 4282 et
1009 4212 1242 4304 potestatem
1263 4204 1473 4303 placitandi
1493 4205 1534 4279 in
1556 4205 1662 4281 curia
1684 4231 1764 4295 sua,
1786 4215 1827 4283 et

236 4327 393 4405 tenendi
413 4325 600 4426 placitum
620 4351 691 4424 per
710 4324 824 4401 breve
846 4324 1031 4412 derecto,
1053 4323 1142 4399 licet
1162 4323 1211 4399 sit
1234 4323 1342 4421 quasi
1363 4323 1404 4397 in
1426 4323 1673 4422 possessione,
1695 4334 1827 4401 tamen

237 4471 326 4523 vere
346 4445 406 4522 uti
427 4469 505 4521 non
528 4443 672 4544 poterit
694 4452 785 4519 ante
807 4440 931 4518 brevis
954 4441 1264 4541 impetrationem
1288 4451 1327 4518 et
1351 4442 1695 4518 summonitionem.
1723 4444 1827 4520 Item

238 4564 354 4640 sicui
377 4562 610 4640 concedatur
633 4561 789 4639 libertas
815 4560 917 4659 quod
941 4560 1132 4659 inquirere
1157 4560 1280 4659 possit
1304 4569 1343 4637 et
1367 4560 1535 4637 iudicare
1562 4560 1609 4638 de
1635 4561 1760 4638 assisis
1787 4570 1826 4638 et
1873 4600 1880 4606 ·

237 4681 426 4758 mensuris
453 4679 630 4757 infractis
658 4688 798 4758 contra
823 4677 1135 4754 constitutionem
1163 4680 1322 4776 regiam,
1352 4677 1440 4755 licet
1470 4679 1592 4778 possit
1620 4679 1824 4778 inquirere,

237 4809 369 4877 tamen
397 4799 564 4875 iudicare
592 4824 672 4875 non
700 4796 843 4897 poterit
873 4805 1081 4895 antequam
1110 4796 1230 4873 fuerit
1259 4806 1555 4894 transgressum,
1586 4798 1674 4874 licet
1702 4799 1824 4876 fuerit

235 4919 344 5019 quasi
360 4919 401 4995 in
417 4918 664 5018 possessione.
683 4918 787 4994 Item
804 4915 912 4992 sicui
929 4913 1161 4990 concedatur
1177 4914 1265 4991 talis
1283 4914 1439 4991 libertas
1457 4915 1561 5014 quod
1577 4914 1716 4993 habeat
1734 4917 1824 4993 soke

236 5047 275 5116 et
303 5035 405 5126 sake,
432 5035 489 5112 tol
515 5045 555 5113 et
581 5036 698 5124 them,
726 5033 1022 5132 infangenethef
1049 5041 1088 5109 et
1116 5032 1429 5130 utfangenethef,
1457 5031 1639 5109 iudicium
1668 5032 1755 5110 vitae
1784 5041 1824 5109 et

235 5221 396 5298 ”debent
410 5221 504 5283 uss,
518 5241 582 5281 m.
618 5217 1168 5294 ⁸²0m.‚os,MA,ua‚ca,cn.
1202 5213 1573 5294 ⁸²fue1n‚v,on,nc.

317 5321 448 5399 ¹·20m,
466 5321 535 5397 oa,
555 5320 632 5396 arn,
654 5319 711 5397 (s
724 5318 820 5397 un).
860 5316 969 5394 ηοω,
987 5317 1027 5392 v,
1046 5318 1116 5392 oa,
1136 5319 1212 5393 nn,
1232 5318 1308 5393 ua,
1329 5317 1396 5392 ca,
1416 5320 1489 5380 cn.
1531 5317 1637 5395 ⁴0m.,
1656 5321 1725 5398 oa,
1747 5320 1823 5397 ns,

234 5425 301 5502 ca,
317 5426 407 5486 cn·
428 5421 465 5457 Μ
478 5423 559 5498 cm,
573 5423 642 5496 on,
658 5421 725 5495 m,
740 5421 808 5495 oc,
824 5419 902 5494 no,
917 5420 955 5480 v.
994 5418 1121 5496 'haba
1136 5418 1206 5495 oa,
1222 5420 1298 5493 un,
1315 5420 1391 5496 nn,
1408 5420 1475 5498 cn,
1492 5421 1565 5482 ou.
