4374 6366
815 468 875 528 nn
900 469 1103 530 renerius
1127 467 1315 530 cosona
1788 478 1863 546 333

274 618 377 716 quod
396 617 512 716 elegit
530 617 738 693 transitum
758 643 830 716 per
847 616 965 694 talem
984 617 1116 694 villam
1135 619 1199 694 via
1217 643 1300 717 quae
1320 619 1425 696 ducit
1445 646 1577 697 versus
1600 620 1781 711 Scotiam‚
1802 622 1862 699 vel

274 734 518 824 Hiberniam,
541 735 602 810 vel
625 733 725 811 alibi.
752 734 857 811 sed²²
881 735 1012 834 quod¹⁸
1035 761 1264 834 cognoscere
1288 738 1425 815 debeat
1448 738 1678 816 maleficium
1702 766 1781 818 non
1805 751 1863 818 est

273 879 424 952 semper
439 878 601 942 necesse,
618 852 708 951 quia
723 853 893 930 subicere
908 855 1063 953 poterit.
1082 855 1125 931 Si
1141 855 1192 931 ad
1208 856 1403 933 ecclesiam
1419 858 1639 956 confugerit
1657 868 1863 958 postquam

275 971 394 1049 luerit
408 997 479 1070 per
494 971 663 1070 patriam
677 973 965 1061 condemnatus,
982 972 1059 1050 sive
1075 983 1165 1050 ante
1181 974 1363 1050 iudicium
1379 976 1457 1051 sive
1473 984 1574 1074 post,
1590 976 1652 1051 vel
1668 977 1699 1052 si
1717 977 1864 1075 fugerit

274 1091 324 1166 ad
339 1089 534 1167 ecelesiam
549 1115 637 1166 cum
652 1099 790 1189 captus
807 1091 927 1167 fuerit
943 1090 1104 1180 seisitus‚
1122 1100 1161 1168 et
1176 1091 1217 1167 in
1233 1092 1340 1168 nullo
1356 1093 1518 1170 istorum
1533 1119 1692 1170 casuum
1709 1119 1796 1171 cum
1814 1096 1864 1172 ad

273 1207 469 1285 ecclesiam
486 1208 707 1307 confugerit
726 1209 868 1285 morari
887 1208 1031 1308 poterit
1050 1211 1091 1286 in
1109 1210 1266 1286 ecclesia
1284 1237 1354 1310 per
1375 1211 1633 1310 quadraginta
1653 1213 1744 1302 dies,
1766 1213 1863 1291 sicut

274 1327 430 1426 quidam
447 1327 591 1416 dicunt,
608 1327 675 1403 sed
692 1327 823 1404 statim
839 1327 880 1403 in
897 1328 1067 1405 adventu
1084 1328 1375 1406 iustitiariorum
1392 1329 1453 1405 vel
1470 1339 1741 1407 coronatorum
1760 1331 1864 1409 exire

273 1443 415 1519 debet²⁴
429 1455 467 1521 et
481 1446 609 1522 facere
623 1446 748 1543 legem
763 1455 885 1523 terrae.
904 1445 1086 1545 Spatium
1100 1445 1217 1522 vero¹⁶
1234 1447 1493 1546 quadraginta
1509 1448 1658 1525 dierum
1673 1449 1763 1526 olim
1779 1449 1864 1526 dari

273 1563 370 1641 solet
383 1563 574 1641 damnatis
587 1589 659 1662 per
672 1564 829 1640 assisam
842 1564 890 1640 de
904 1564 1161 1653 Clarendona,
1177 1565 1242 1662 qui
1256 1589 1344 1641 cum
1357 1565 1462 1640 exire
1476 1565 1685 1643 deberent²⁶
1699 1592 1863 1665 regnum

273 1679 457 1780 possent¹⁷
471 1707 542 1780 per
555 1681 815 1779 quadraginta
828 1682 908 1758 dies
921 1707 1069 1758 moram
1083 1682 1210 1758 facere
1224 1692 1263 1760 et
1278 1707 1446 1780 quaerere
1460 1683 1628 1760 subsidia
1642 1684 1862 1762 amicorum.

374 1805 493 1898 Quod
504 1829 583 1882 ooo
595 1805 710 1883 debet
724 1807 866 1884 moras·
877 1807 918 1884 ia
932 1805 1088 1883 ecclesia
1100 1831 1172 1906 per
1186 1807 1446 1904 quadruplata
1458 1808 1551 1896 dies,
1565 1818 1604 1884 et
1616 1809 1650 1885 a·
1664 1807 1756 1885 velit
1770 1807 1864 1906 qaid

373 1932 466 1999 tuac
480 1924 675 2021 rependum
688 1925 749 2001 ait.

274 2050 550 2125 Corssrrrurro
574 2047 728 2146 quidem
751 2046 839 2124 talis
863 2048 940 2125 fuit
964 2049 1068 2146 quod
1091 2049 1263 2146 quamvis
1289 2048 1424 2147 aliquis
1449 2075 1488 2125 se
1513 2059 1700 2148 purgaret
1723 2050 1863 2127 iudicio

272 2191 388 2265 aequae
403 2167 465 2242 vel
479 2165 591 2264 ignis,
606 2166 666 2240 hic
682 2165 925 2243 nihilominus
941 2192 1105 2264 regnum
1122 2166 1328 2255 abiuraret‚
1346 2175 1385 2242 et
1400 2165 1562 2244 habuit²⁸
1580 2167 1750 2266 spatium
1767 2168 1862 2243 illud

272 2283 466 2361 occasione
488 2285 683 2384 praedicta,
705 2286 808 2383 quod
831 2285 985 2383 quidem
1007 2310 1085 2360 non
1107 2295 1165 2361 est
1187 2285 1269 2360 aliis
1292 2286 1587 2362 concedendum.
1614 2286 1692 2362 Sed
1715 2286 1808 2385 quid
1831 2287 1862 2361 si

272 2402 336 2480 ille
350 2403 415 2502 qui
431 2393 479 2479 ad
494 2402 689 2480 ecclesiam
703 2403 924 2500 confugerit
939 2403 1043 2480 exire
1058 2403 1225 2480 noluerit
1240 2403 1288 2479 ab
1305 2402 1470 2491 ecclesia,
1487 2401 1702 2502 numquid²⁹
1718 2405 1863 2503 poterit

272 2545 345 2619 per
356 2521 434 2597 vim
448 2521 598 2597 extrahi
613 2546 683 2620 per
696 2547 854 2598 manum
869 2521 1063 2598 laicalem?
1078 2522 1183 2610 Non,
1198 2531 1243 2597 ut
1257 2521 1422 2610 videtur,
1438 2522 1611 2621 quiahoc
1627 2531 1727 2599 esset
1741 2522 1861 2598 horri-

272 2638 346 2715 bile
360 2649 399 2717 et
413 2640 638 2716 nefandum.
655 2639 822 2716 Videtur
837 2665 930 2737 ergo
947 2640 1050 2738 quod
1065 2639 1280 2716 ordinarius
1296 2640 1369 2715 loci
1385 2640 1482 2717 sicut
1498 2640 1784 2717 archidiaconus
1801 2640 1863 2715 vel

272 2756 440 2833 officialis
456 2756 586 2846 suus,²⁰
601 2759 768 2834 decanus
783 2757 844 2833 vel
860 2782 1036 2857 persona,
1051 2757 1122 2832 hoc
1139 2758 1266 2834 lacere
1281 2766 1438 2857 possent
1453 2766 1493 2834 et
1509 2757 1703 2846 deberent,
1721 2758 1861 2834 scilicet

271 2875 499 2974 compellere
516 2874 630 2952 eum²²
646 2875 761 2964 exire,
778 2875 868 2974 quia
883 2874 1036 2974 gladius
1052 2875 1166 2952 debet
1182 2876 1313 2952 iuvare
1330 2876 1505 2973 gladium
1520 2885 1560 2952 et
1577 2875 1670 2951 iuris
1688 2877 1861 2952 executio

271 2994 483 3072 nonhabet
502 2994 692 3070 iniuriam.
713 2994 772 3070 Et
792 3019 879 3070 cum
898 2993 987 3071 talis
1009 2993 1112 3069 exire
1132 2993 1298 3069 noluerit
1319 2994 1391 3069 nisi
1411 2993 1642 3092 compulsus,
1665 2994 1860 3093 praesumi·

271 3120 339 3190 tur
363 3112 607 3189 vehementer
631 3120 766 3188 contra
793 3112 920 3211 ipsum
947 3113 1050 3211 quod
1076 3110 1200 3188 malus
1227 3112 1287 3199 sit,
1319 3117 1454 3203 <cum
1481 3111 1530 3188 sit
1557 3111 1658 3187 latro
1685 3112 1861 3211 publicus

270 3229 499 3322 maxime>,
515 3240 554 3308 et
571 3231 778 3307 defendere
795 3256 883 3307 eum
899 3231 939 3306 in
955 3229 1110 3307 ecclesia
1127 3229 1220 3306 nihil
1238 3230 1342 3306 aliud
1359 3230 1431 3307 erit
1448 3255 1564 3329 quam
1583 3230 1709 3306 lacere
1726 3239 1861 3306 contra

271 3373 407 3447 pacem
434 3357 473 3426 et
500 3358 636 3425 contra
664 3348 819 3448 ipsum²²
848 3374 980 3446 regem
1007 3348 1073 3448 qui
1101 3373 1237 3448 pacem
1265 3347 1366 3424 tueri
1394 3348 1508 3425 debet
1538 3349 1588 3424 ad
1618 3348 1862 3425 securitatem

271 3467 453 3544 omnium.
471 3468 529 3543 Et
544 3467 575 3544 si
590 3467 679 3544 talis
695 3468 799 3544 exire
814 3467 992 3567 compelli
1008 3491 1086 3544 non
1103 3468 1236 3566 possit,
1254 3466 1391 3544 saltem
1407 3491 1495 3543 cum
1512 3467 1551 3542 in
1568 3467 1724 3542 ecclesia
1742 3466 1861 3543 fuerit

271 3611 342 3684 per
360 3611 479 3662 unam
498 3594 649 3662 noctem
670 3586 720 3661 ad
740 3585 841 3684 plus,
862 3586 915 3662 sic
935 3586 1078 3684 poterit
1099 3611 1140 3662 se
1159 3594 1292 3662 tenere
1311 3583 1379 3661 in¹⁸
1400 3583 1582 3661 ecclesia²⁴
1604 3608 1675 3682 per
1696 3585 1861 3683 quadra·

270 3703 382 3802 ginta
394 3704 473 3780 dies
487 3712 525 3780 et
539 3728 610 3802 per
623 3728 768 3779 annum
781 3711 821 3779 et
834 3702 1040 3791 biennium,
1056 3704 1086 3780 si
1100 3703 1171 3779 hoc
1186 3701 1360 3779 fueritin
1373 3702 1574 3779 voluntate
1587 3702 1858 3778 malefactoris.

271 3819 377 3909 Quid
394 3819 514 3918 igitur
531 3821 598 3898 fiet
615 3845 703 3896 cum
720 3820 903 3896 ordinarii
918 3819 1081 3897 timeant
1098 3819 1424 3918 irregularitatem
1442 3831 1481 3897 et
1499 3820 1584 3895 laici
1602 3821 1858 3896 excommuni-

269 3937 480 4015 cationem?
503 3937 611 4014 Nihil
632 3938 737 4014 aliud
760 3963 853 4035 ergo
875 3937 986 4014 video
1008 3938 1080 4013 nisi
1102 3939 1206 4036 quod
1227 3937 1324 4015 tali²⁸
1348 3936 1615 4035 denegentur²⁰
1638 3938 1791 4027 cibaria,
1815 3948 1859 4016 ut

269 4055 392 4154 gratis
407 4064 519 4132 exeat
535 4065 573 4133 et
588 4063 699 4154 petat
714 4057 817 4154 quod
832 4055 1171 4155 contemptibiliter
1186 4055 1388 4144 recusavit,
1405 4066 1444 4134 et
1461 4056 1526 4154 qui
1542 4055 1640 4133 tali²²
1656 4081 1773 4154 super
1789 4056 1860 4131 hoc

269 4172 412 4249 cibaria
424 4172 725 4251 ministraverit²⁸
738 4184 936 4272 tamquam
950 4174 1123 4251 inimicus
1137 4173 1239 4272 regis
1252 4180 1291 4249 et
1305 4182 1562 4273 presumptor
1576 4181 1710 4250 contra
1725 4198 1859 4273 pacem

269 4301 480 4368 censeatur.
503 4293 562 4370 Et
583 4293 635 4369 sic
656 4291 754 4368 fiat²⁹
777 4293 824 4369 de
846 4292 919 4369 illis
942 4293 1006 4390 qui
1030 4292 1170 4368 debent
1193 4317 1356 4391 regnum
1379 4291 1555 4368 abiurare
1577 4301 1616 4369 et
1639 4291 1680 4368 in
1702 4291 1859 4368 exilium

269 4409 382 4487 mitti.

368 4534 434 4610 De
448 4533 631 4611 ditatione
645 4533 857 4611 cattorum.

269 4656 353 4732 Esr
368 4657 469 4733 enim
484 4657 640 4734 exilium
655 4656 799 4756 triplex
815 4657 865 4733 ad
879 4657 1018 4746 minus,
1036 4666 1104 4733 aut
1119 4667 1312 4734 certorum
1328 4657 1499 4733 locorum
1515 4655 1744 4744 interdictio,
1761 4656 1858 4732 sicut

268 4774 473 4873 provincia
494 4775 663 4864 alicuius,
684 4775 861 4864 civitatis,
883 4776 997 4874 burgi
1017 4774 1077 4852 vel
1098 4775 1207 4865 villae,
1229 4776 1516 4874 imperpetuum
1537 4775 1597 4850 vel
1620 4775 1670 4850 ad
1691 4782 1858 4872 tempus,

268 4990 294 5025 ²²
305 4990 482 5067 secundnm,
497 4993 565 5066 ΟΕ,
581 4992 653 5053 ΜΟ.
692 4991 718 5026 ²⁸
730 4999 813 5070 quia,
829 4994 907 5069 MG,
924 4996 998 5069 CM,
1014 4995 1086 5066 OC;
1104 4995 1185 5072 quod
1202 5013 1333 5071 semper,
1349 4994 1416 5068 LA,
1433 4992 1507 5065 MC,
1524 4993 1562 5052 Y.
1601 4989 1628 5024 ¹⁴
1640 4988 1761 5066 debeat,
1779 4990 1856 5065 MG,

268 5093 341 5153 CM.
384 5092 502 5168 ²⁸Om.,
522 5095 591 5168 OB,
612 5095 688 5168 MA,
710 5095 784 5154 ΜΒ.
826 5093 853 5126 ²⁸
864 5093 1000 5168 deberet,
1022 5094 1090 5167 OB,
1111 5095 1187 5167 MA,
1210 5095 1284 5154 MB.
1327 5091 1352 5128 ²¹
1365 5101 1481 5171 posset,
1502 5093 1571 5168 OA,
1593 5092 1671 5166 MG,
1692 5092 1766 5167 ΟΜ,
1788 5092 1857 5166 OB,

268 5193 344 5268 MA,
363 5194 437 5254 MB.
477 5191 653 5267 ²⁸haberet‚
672 5193 739 5269 ΟΕ,
756 5195 795 5255 Y.
835 5192 862 5227 ¹⁹
874 5214 1048 5271 numquam,
1066 5195 1144 5270 MG,
1163 5195 1236 5256 CM.
1277 5191 1302 5226 ²⁰
1314 5197 1390 5270 aive,
1409 5194 1487 5268 MG,
1506 5194 1579 5254 CM.
1621 5191 1647 5226 ²¹
1659 5195 1771 5271 ipsum,
1790 5192 1857 5267 LA,

268 5293 308 5368 Y,
326 5294 493 5368 Momm,
511 5294 577 5355 OC.
616 5293 642 5326 ²²
654 5295 735 5370 Om,
753 5295 830 5370 MG,
848 5296 922 5370 ΟΜ,
940 5294 1012 5356 OC.
1045 5293 1112 5327 ²⁸⁴⁴
1124 5294 1204 5368 Om,
1222 5295 1291 5368 OB,
1310 5294 1386 5368 MA,
1406 5295 1481 5354 MB.
1522 5292 1770 5373 ²⁶⁸²⁰denegetur
1788 5291 1857 5367 tali,

269 5392 435 5469 MG,CM.
473 5391 498 5427 ²²
512 5395 592 5470 Om.,
608 5395 678 5468 OB,
694 5395 770 5468 MA,
787 5395 862 5455 MB.
901 5391 927 5427 ²⁸
938 5397 1135 5470 ministravit,
1152 5395 1221 5472 OB,
1239 5395 1313 5456 MA.
1352 5393 1454 5472 ”fiet
1472 5396 1548 5470 MG,
1566 5396 1639 5457 CM.
