4374 6366
344 473 418 540 404
876 468 1100 531 BnAcToN:
1122 468 1183 531 DE
1208 469 1400 534 LEGIBUS

345 615 465 692 fuerit
490 623 530 692 et
556 640 723 714 praesens
750 615 948 716 appellum
975 617 1233 708 declinaverit,
1260 620 1505 699 nihilominus
1533 635 1733 724 suspectus
1760 625 1935 718 hebetur,

344 733 435 833 quin
456 733 601 811 felonis
619 735 773 812 subesse
792 737 936 834 poterit
957 737 1005 814 de
1026 763 1104 835 que
1125 737 1344 838 appellatus
1366 765 1407 818 se
1427 741 1600 818 nondum
1621 743 1846 842 purgavit,²²
1868 744 1936 823 et¹⁸

344 853 448 928 unde
468 853 650 930 standum
671 862 730 931 est
752 854 1043 954 presumptioni
1064 857 1185 934 donec
1206 883 1246 935 se
1268 857 1535 958 purgaverit.¹⁸
1561 860 1663 937 Sunt
1686 861 1831 939 etiam²⁴
1853 861 1935 939 cliae

343 972 663 1072 praesumptiones
678 971 726 1049 de
742 971 880 1070 quibus
897 974 1043 1050 dictum
1059 984 1117 1052 est
1134 1000 1254 1075 supro
1271 975 1311 1052 in
1328 985 1453 1075 perte,
1470 1002 1554 1077 quae
1571 980 1839 1078 probationem
1856 1006 1935 1057 non

344 1089 556 1168 admittunt
575 1090 616 1166 in
634 1090 869 1167 contrarium
889 1117 1012 1190 neque
1031 1093 1305 1171 defensionem.
1327 1095 1388 1173 Ut
1409 1095 1440 1171 si
1460 1097 1545 1196 quis
1565 1121 1653 1174 cum
1672 1097 1827 1174 cultello
1848 1125 1933 1176 sen-

343 1207 568 1306 guinolento
586 1218 723 1307 ceptus
743 1209 862 1288 luerit
880 1235 997 1309 super
1013 1219 1222 1301 mortuum,
1241 1212 1302 1288 vel
1321 1238 1346 1289 a
1361 1222 1517 1292 mortuo
1534 1215 1733 1313 fugiendo
1753 1217 1814 1294 vel
1833 1243 1933 1293 mor·

342 1336 422 1405 tem
440 1326 663 1424 cognoverit
682 1352 812 1405 coram
831 1328 1020 1427 aliquibus
1040 1329 1105 1427 qui
1126 1331 1328 1406 recordum
1347 1330 1501 1421 hebent,
1522 1341 1561 1410 et
1581 1333 1815 1410 huiusmodi:
1835 1335 1933 1412 tales

341 1445 486 1524 etiem²⁸
498 1447 529 1524 si
542 1454 741 1523 accusator
752 1472 831 1524 non
844 1448 1070 1546 apperuerit
1083 1455 1247 1526 mortem
1260 1449 1433 1526 dedicere
1448 1473 1527 1526 non
1539 1460 1736 1551 potenmt.
1754 1452 1832 1529 Sed
1845 1477 1934 1530 cum

343 1565 451 1642 semo
468 1565 722 1664 suspicionem
740 1565 910 1654 inducat,
928 1565 1137 1644 videndum
1155 1567 1228 1644 erit
1246 1592 1330 1665 quoe
1348 1577 1387 1644 et
1406 1566 1570 1667 qualiter
1589 1594 1671 1646 esse
1689 1569 1827 1646 debeat
1844 1569 1933 1648 telis

342 1684 450 1760 foma
470 1692 509 1760 et
531 1684 633 1761 unde
654 1684 813 1760 orietur.
836 1683 894 1761 Et
916 1683 1111 1761 sciendum
1134 1685 1238 1784 quod
1261 1687 1369 1762 foma
1391 1711 1475 1785 quoe
1498 1687 1751 1786 suspicionem
1773 1687 1932 1776 inducit,

341 1802 433 1878 oriri
448 1803 561 1879 debet
576 1803 683 1901 opud
699 1802 819 1879 bonos
834 1811 873 1879 et
889 1827 1039 1900 graves,
1055 1828 1135 1879 non
1151 1803 1305 1902 quidem
1321 1803 1373 1881 e¹⁸
1388 1805 1584 1882 malevolis
1600 1815 1639 1884 et
1654 1805 1848 1883 maledicis
1866 1805 1933 1883 sed

340 1923 511 2023 providis
530 1931 569 2000 et
587 1923 664 1998 fide
682 1920 808 2019 dignis
827 1920 1012 2021 personis,
1031 1946 1110 1998 non
1129 1922 1244 1998 semel
1264 1923 1330 2000 sed
1351 1923 1500 2020 sepius,
1520 1924 1624 2023 quod
1643 1922 1787 2000 clomor
1806 1924 1933 2001 innuit

341 2051 380 2118 et
403 2040 620 2118 diffamatio
642 2040 878 2118 manifestat.
903 2039 1114 2117 Tumultus
1137 2038 1240 2116 enim
1263 2039 1337 2116 fit*
1362 2039 1429 2117 et²⁸
1453 2041 1597 2117 clemor
1620 2040 1784 2140 populi¹⁰
1810 2067 1930 2140 quon·

341 2160 468 2259 doque
480 2159 528 2236 de
541 2157 716 2258 pluribus
731 2183 815 2258 quae
827 2159 868 2234 in
881 2157 1045 2234 veritate
1058 2183 1136 2234 non
1151 2158 1381 2248 fundentur,
1396 2167 1436 2236 et
1450 2159 1535 2236 ideo
1549 2185 1657 2236 vnnae
1670 2185 1781 2237 voces
1795 2160 1932 2261 populi

340 2302 419 2354 non
434 2286 525 2354 sunt
540 2275 749 2352 audiendae.

439 2394 662 2494 Dilipenter
672 2393 943 2494 inquirendum
955 2419 980 2471 c
991 2393 1130 2494 quibos
1142 2393 1343 2472 didicerint
1356 2395 1397 2473 id
1409 2396 1514 2494 quod
1525 2395 1658 2472 dieunt
1669 2395 1762 2496 quic
1774 2395 1932 2496 quidam

441 2513 682 2590 mentiuntur
696 2537 769 2613 per
784 2512 928 2602 edituo,
944 2511 1101 2612 quidem
1117 2513 1559 2612 proptercupiditatem.

341 2633 621 2708 Iusrmmms
634 2631 755 2729 igitur
769 2631 801 2708 si
815 2631 1002 2708 discretus
1016 2631 1077 2720 sit,
1092 2656 1180 2708 cum
1195 2640 1358 2731 propter
1373 2632 1520 2709 famem
1536 2641 1575 2710 et
1591 2631 1843 2732 suspicionem
1860 2657 1932 2731 per

338 2749 508 2850 patriam
521 2750 658 2828 debeat
670 2749 813 2826 veritas
825 2749 966 2848 inquiri
980 2747 1057 2825 en¹⁰
1073 2749 1280 2827 indictetus
1295 2749 1343 2826 de
1357 2749 1515 2827 crimine
1527 2748 1589 2826 ei²²
1603 2749 1783 2850 imposito
1798 2750 1929 2848 culpe·

338 2868 424 2947 bilis
439 2870 488 2947 sit
501 2868 562 2946 vel
576 2894 666 2957 non,
681 2868 869 2968 imprimis
885 2867 998 2946 debet
1013 2867 1216 2966 inquirere,
1233 2869 1264 2946 si
1282 2868 1385 2944 forte
1399 2866 1633 2945 dubitaverit
1650 2877 1689 2946 et
1705 2867 1834 2944 iurata
1849 2893 1929 2945 sus·

338 2997 453 3087 pects
470 2988 601 3076 luerit,
620 3013 643 3062 o
661 3014 738 3086 quo
755 2986 816 3064 vel
833 3012 858 3063 e
874 2985 1012 3085 quibus
1030 2986 1085 3062 illi
1103 2985 1304 3063 duodecim
1322 2985 1552 3062 didicerint²²
1571 3011 1618 3063 eo
1635 3011 1719 3084 quae
1736 2985 1929 3062 veredicto

339 3131 409 3182 suo
423 3107 631 3206 proferunt
646 3105 694 3182 de
709 3104 907 3194 indictoto,
924 3114 963 3182 et
978 3104 1112 3182 cudite
1128 3130 1244 3203 super
1260 3104 1330 3179 hoc
1347 3130 1481 3180 eorum
1496 3104 1743 3204 responsione
1760 3104 1808 3181 de
1824 3103 1929 3180 facili

338 3227 577 3326 perpendere
592 3227 736 3326 poterit
750 3227 781 3302 si
796 3224 934 3304 dolus²⁸
949 3225 1141 3302 subluerit
1155 3224 1243 3302 vel²‘
1257 3225 1449 3324 iniquitas.
1464 3223 1583 3302 Dicet
1598 3225 1702 3300 forte
1717 3223 1854 3322 aliquis
1867 3224 1929 3301 vel

338 3348 368 3424 f.
385 3348 502 3441 meh]
557 3346 681 3423 moior
699 3372 791 3445 pars
812 3347 1038 3434 iuratorum,
1059 3346 1163 3444 quod
1183 3371 1229 3422 ee
1249 3370 1332 3444 quoe
1352 3344 1427 3445 ipsi
1447 3345 1655 3444 proienmt
1676 3346 1716 3421 in
1737 3344 1929 3424 veredicto

338 3496 408 3547 suo
421 3470 637 3546 didicerunt
651 3469 699 3547 ab
714 3495 792 3545 uno
807 3495 855 3545 ex
869 3467 1175 3545 coniuratoribus
1190 3467 1279 3557 suis,
1295 3478 1334 3545 et
1349 3465 1534 3566 quilibet·
1551 3467 1812 3564 interrogatus
1828 3467 1928 3543 dicet

338 3593 441 3668 forte
457 3593 560 3690 quod
576 3591 672 3668 illud
687 3589 819 3668 didicit
836 3588 885 3668 ob
901 3590 976 3667 ulio
991 3589 1073 3680 tuli,
1089 3588 1155 3667 et²⁸
1172 3588 1252 3668 sic¹⁷
1270 3589 1497 3666 descendere
1515 3589 1658 3689 poterit
1675 3588 1927 3687 interrogatio

337 3722 376 3790 et
393 3713 591 3813 responsio
608 3714 655 3790 de
672 3739 838 3812 persons
854 3714 895 3789 in
910 3736 1115 3811 personum
1131 3737 1252 3811 usque
1270 3712 1320 3788 sd
1338 3709 1534 3810 eliqucm²⁸
1551 3711 1666 3788 vilem
1684 3719 1723 3788 et
1741 3711 1928 3787 abiectam

337 3861 553 3935 personum,
569 3845 608 3913 et
621 3836 740 3912 telem
752 3835 813 3911 cui
827 3834 992 3912 nouerit
1006 3835 1101 3912 fides
1117 3833 1359 3932 aliquetenus
1374 3833 1599 3910 adhibenda.
1615 3833 1674 3909 Et
1688 3833 1744 3908 ite
1758 3830 1927 3930 inquiret

335 3958 562 4035 iustitierius
576 3958 618 4033 in
630 3957 846 4034 huiusmodi
861 3957 965 4055 quod
980 3955 1105 4054 gloria
1120 3982 1191 4033 sue
1205 3965 1244 4032 et
1258 3954 1383 4032 leudis
1399 3979 1476 4031 suae
1490 3954 1626 4032 titulus
1642 3953 1870 4042 cumuletur,
1887 3962 1926 4029 et

335 4104 385 4155 ne
400 4079 551 4156 dicatur
568 4077 704 4158 Ihesus
720 4076 986 4175 crucifigitur²⁰
1002 4086 1042 4155 et
1058 4078 1233 4154 Barabes
1250 4075 1475 4152 liberetur.'⁰
1494 4077 1574 4154 Per
1590 4075 1807 4152 huiusmodi
1825 4075 1926 4152 enim

335 4200 597 4298 inquisitiones
610 4199 649 4277 vsi
671 4199 876 4298 diligenter
896 4208 936 4277 et
956 4207 1069 4275 ceute
1090 4200 1203 4276 fsctae
1224 4198 1383 4287 fuerint,
1405 4198 1537 4274 multae
1558 4196 1720 4273 inveniri
1741 4203 1927 4296 potenmt

334 4321 657 4399 inconvenientius.
679 4323 825 4400 Evenit
847 4321 1001 4421 quidem
1022 4321 1253 4420 quandoque
1273 4321 1377 4420 quod
1398 4320 1575 4396 dominus
1595 4327 1792 4396 tenentem
1813 4343 1927 4396 suum

331 4445 506 4533 indictet,
517 4444 579 4520 vel
589 4442 803 4520 indictare⁸²
816 4443 911 4520 lacit
923 4453 962 4520 et
974 4443 1008 4520 ei
1019 4443 1163 4520 crimen
1174 4443 1318 4543 imponi
1332 4441 1381 4517 ob
1394 4439 1646 4540 cupiditatem
1658 4450 1803 4518 terram
1816 4462 1925 4518 suam

334 4565 499 4642 habendi
516 4566 557 4641 in
576 4565 776 4653 dominico,
795 4564 856 4640 vel
874 4565 1021 4641 vicinus
1038 4563 1163 4640 vicino
1181 4572 1344 4664 propter
1362 4563 1493 4640 odium
1512 4570 1552 4639 et
1570 4562 1797 4639 huiusmodi.

334 4781 564 4861 ”purgaverit
587 4781 654 4858 CB,
676 4781 743 4858 OC,
765 4782 843 4855 MG,
865 4781 942 4856 MA,
964 4781 1038 4842 MC.
1082 4779 1147 4815 ²²²²²
1159 4781 1240 4858 0m.,
1262 4783 1331 4858 OB,
1355 4780 1430 4855 MA,
1454 4781 1529 4842 ΜΒ.
1573 4778 1725 4855 ²⁴eutem,
1748 4780 1826 4856 MG,
1849 4780 1923 4841 ΟΜ.

334 4880 486 4959 1⁸entem,
501 4881 578 4957 MG,
592 4883 666 4943 ΟΜ.
702 4878 729 4916 ²⁸
741 4886 783 4957 in,
797 4882 876 4957 MG,
890 4882 964 4943 ΟΜ.
1000 4879 1118 4958 ²'Om,
1134 4883 1203 4957 OB,
1219 4884 1295 4945 MA.
1332 4879 1450 4957 18Οιιι,
1466 4883 1544 4959 MG,
1560 4883 1633 4943 cM.
1670 4880 1697 4916 ²⁰
1709 4881 1838 4960 appelli,
1855 4882 1924 4957 OB,

335 4982 410 5044 MA.
444 4981 471 5018 ²⁰
482 5003 534 5058 an,
547 4983 615 5058 LA,
629 4981 707 5056 MG,
721 4983 801 5055 CM,
816 4990 879 5059 aut,
893 4984 962 5060 OA,
976 4982 1045 5058 OB,
1060 4985 1136 5058 MA,
1152 4985 1228 5060 ΜΒ,
1243 4984 1310 5060 ΟΕ,
1324 4985 1404 5057 MC;
1419 4987 1457 5058 si,
1472 4984 1517 5057 V;
1532 4988 1559 5045 si
1574 4991 1687 5060 eutem,
1701 4983 1767 5044 OC.
1805 4983 1831 5018 ²²
1843 4984 1923 5057 Om,

334 5084 403 5160 OB,
425 5082 501 5158 MA,
522 5084 596 5145 ΜΒ.
640 5081 666 5117 ²²
677 5082 862 5158 didicerunt,
881 5084 922 5158 V,
944 5084 1015 5156 LA;
1038 5083 1236 5160 dediscerint,
1258 5085 1327 5159 OB,
1348 5085 1423 5146 ΜΒ.
1468 5083 1635 5161 1’(ἰιιοὶηιε,
1657 5086 1725 5162 OB,
1749 5086 1824 5162 MA,
1847 5087 1922 5147 ΜΒ.

334 5180 414 5259 '‘et,
432 5183 498 5257 LA,
517 5183 590 5244 MC.
629 5181 768 5262 ²⁸quole,
786 5185 863 5260 MG,
881 5184 955 5259 ΟΜ,
974 5185 1039 5246 OC.
1079 5183 1145 5218 ²²²²²
1157 5189 1247 5261 sieut,
1264 5187 1342 5262 MG,
1361 5187 1433 5248 CM.
1475 5185 1655 5264 ²⁸aliquem,
1673 5187 1741 5262 LA,
1759 5188 1826 5262 OC,
1845 5188 1923 5263 MG,

334 5284 409 5359 ΟΜ,
423 5284 499 5359 MA,
513 5285 589 5358 ΜΒ,
603 5284 676 5346 ΜΟ.
712 5282 739 5318 ²⁰
750 5285 960 5363 crucifigatur,
973 5283 1042 5359 OB,
1057 5286 1134 5360 MA,
1148 5286 1224 5362 ΜΒ,
1239 5286 1306 5361 ΟΕ,
1321 5289 1400 5361 ΜΟ,
1415 5287 1624 5368 crucifigetur,
1639 5289 1711 5351 CM.
1749 5288 1776 5325 ³⁰
1787 5289 1923 5350 dimitte-

333 5391 385 5445 tur
399 5404 454 5445 seu
468 5381 629 5461 liberetur,
645 5383 714 5460 OB,
729 5384 805 5458 MA,
821 5385 898 5458 ΜΒ,
913 5384 980 5446 ΟΕ.
1018 5384 1044 5418 ⁸²
1056 5384 1212 5464 indictsri,
1227 5388 1273 5461 V;
1289 5389 1345 5460 eie,
1362 5388 1457 5450 MSS.
1474 5409 1544 5469 gen.
