4392 6352
658 466 719 526 DB
743 463 1045 537 ADQUIRENDO
1068 463 1226 525 RERUM
1249 462 1451 524 DOMINIO
1778 466 1852 542 278

264 626 407 717 posset,
428 617 570 717 etipsa
589 642 611 693 e
630 616 822 693 contrario
843 617 946 715 quod
967 617 1030 705 sic,
1052 626 1091 693 et
1112 615 1211 715 petit
1232 614 1413 691 iudicium
1434 615 1482 690 de
1503 611 1761 710 recognitione
1782 637 1854 711 per

263 735 506 812 concordiam
525 743 687 834 propter
705 735 932 834 predicurm
951 744 1132 811 eventum
1150 732 1337 809 dubium³1
1356 733 1404 809 de
1422 733 1505 807 iure
1525 731 1684 830 proprio
1702 731 1775 806 viri
1795 730 1853 805 sui

264 854 326 930 vel
341 852 476 929 alieno.
494 853 586 942 Quo
601 878 692 930 casu
709 854 740 930 si
758 854 805 930 de
821 853 904 930 iure
921 852 1088 951 petentis
1105 861 1240 928 contra
1257 851 1382 928 virum
1401 876 1514 928 suum
1530 849 1756 938 constiterit,
1775 874 1853 925 non

264 971 337 1048 erit
357 972 407 1047 ad
428 971 543 1047 uliam
563 971 831 1071 probationem
851 970 1011 1047 ulterius
1033 970 1330 1070 procedendum,
1352 971 1419 1046 sed
1440 994 1540 1044 uxor
1560 994 1631 1067 per
1651 968 1722 1043 hoc
1743 968 1855 1043 cadet

266 1116 290 1166 a
314 1090 414 1168 dotis
439 1090 635 1189 petitione.
663 1090 706 1166 si
731 1098 862 1165 autem
887 1090 934 1165 de
959 1090 1041 1165 iure
1065 1113 1146 1165 non
1170 1088 1396 1176 constiterit,
1423 1113 1494 1186 per
1519 1087 1687 1186 patriam
1713 1086 1853 1162 veritas

264 1207 495 1307 inquiratur,
506 1209 577 1283 hoc
589 1218 721 1286 tamen
734 1207 881 1284 adiecto
895 1208 997 1305 quod
1011 1207 1219 1283 videndum
1231 1206 1305 1283 erit
1317 1215 1450 1282 utrum
1463 1206 1522 1281 vir
1535 1205 1600 1304 qui
1614 1206 1672 1282 ius
1688 1204 1854 1281 alienum

266 1327 489 1424 recognovit
516 1351 555 1402 se
583 1326 790 1402 defendere
817 1325 939 1425 possit
966 1351 1038 1424 per
1065 1325 1340 1423 exceptionem,
1370 1333 1409 1400 et
1438 1349 1515 1399 non
1544 1322 1759 1410 defendit,⁸¹
1788 1322 1855 1398 sed

265 1445 388 1543 gratis
408 1445 589 1533 restituit,
610 1445 670 1520 vel
692 1470 780 1520 cum
801 1443 868 1520 se⁸⁸
890 1445 1097 1536 defendere
1118 1443 1233 1519 vellet
1254 1454 1293 1520 et
1314 1441 1606 1541 exceptionem⁸⁴
1628 1451 1854 1541 opponeret,

265 1564 381 1640 iudex
394 1589 599 1662 perperam
612 1563 815 1639 iudicando
828 1563 1091 1662 exceptionem
1104 1562 1344 1661 propositam
1357 1585 1435 1636 non
1448 1562 1612 1637 admisit.
1630 1561 1681 1636 In
1694 1561 1750 1636 his
1764 1585 1856 1636 vero

266 1681 295 1756 f.
310 1683 380 1774 95]
436 1680 583 1758 casibus
601 1705 680 1756 non
699 1680 802 1757 cadit
822 1680 921 1756 actio
940 1681 1051 1770 dotis,
1071 1705 1160 1755 cum
1177 1680 1226 1756 de
1245 1679 1460 1756 huiusmodi
1481 1678 1579 1754 ratio
1599 1680 1648 1756 sit
1668 1677 1854 1754 habenda.

265 1799 419 1876 Poterit
432 1800 548 1876 etiam
561 1799 741 1877 constitui
755 1801 823 1875 dos
837 1809 942 1875 certa
955 1808 995 1875 et
1008 1799 1217 1885 nominata,
1231 1808 1270 1874 et
1284 1798 1431 1872 incerta
1444 1807 1483 1874 et
1497 1822 1575 1872 non
1591 1796 1799 1883 nominata,
1815 1796 1856 1871 in

266 1943 308 1994 re
325 1918 450 1993 aliena
467 1918 565 1994 sicut
582 1918 623 1992 in
640 1943 682 1993 re
700 1917 871 2017 propria.
891 1918 952 1993 Ut
970 1917 1001 1993 si
1020 1916 1104 2015 quis
1122 1941 1284 1992 uxorem
1304 1941 1413 1992 suam
1432 1915 1623 1992 dotaverit
1643 1916 1690 1990 de
1709 1915 1855 1990 heredi·

264 2043 348 2113 tate
364 2044 528 2134 paterna
543 2036 603 2112 vel
619 2045 796 2112 materna
811 2036 852 2110 in
869 2035 950 2111 vita
966 2035 1186 2122 eorundem,
1206 2035 1299 2110 dum
1316 2044 1447 2111 tamen
1464 2034 1535 2109 hoc
1553 2034 1622 2110 fiat
1640 2059 1710 2132 per
1729 2057 1855 2109 assen-

267 2179 352 2230 sum
369 2162 409 2230 et
424 2152 664 2231 voluntatem
680 2154 900 2230 eorundem.
918 2153 1049 2230 Aliter
1066 2161 1208 2241 autern,
1226 2153 1299 2228 nisi
1318 2154 1365 2229 de
1384 2176 1540 2228 assensu
1559 2161 1598 2228 et
1616 2153 1855 2228 voluntatem

266 2274 475 2348 eonmdem
496 2271 679 2359 extiterit,
700 2270 923 2348 constitutio
946 2296 1025 2346 non
1045 2271 1198 2346 valebit.
1222 2272 1413 2354 Constare
1435 2270 1537 2347 enim
1559 2270 1703 2369 poterit
1724 2270 1856 2347 multis

264 2390 388 2466 modis
401 2416 473 2489 per
485 2390 784 2466 instrumentum
798 2399 838 2466 et
851 2389 1082 2488 scripturam
1097 2389 1325 2487 ubicumque
1340 2389 1496 2478 factam,
1512 2390 1605 2465 dum
1619 2397 1752 2464 tamen
1767 2413 1855 2488 pro

266 2507 349 2583 bari
361 2508 483 2606 possit
495 2508 599 2606 quod
610 2517 790 2606 parentes
804 2532 1001 2583 assensum
1013 2506 1286 2606 praebuerrmt,²
1301 2507 1341 2582 in
1354 2533 1431 2605 qua
1444 2505 1636 2604 scriptura
1649 2532 1728 2584 non
1741 2531 1855 2604 expe-

267 2627 324 2703 dit
337 2628 368 2703 si
381 2627 623 2702 contineatur
637 2626 740 2723 quod
753 2635 866 2724 pater
878 2625 939 2701 vel
951 2635 1077 2702 mater
1090 2626 1220 2702 dotem
1233 2625 1515 2714 constituerint,
1530 2625 1596 2701 sed
1610 2623 1779 2702 tantum²
1792 2625 1857 2701 ille

266 2745 333 2843 qui
347 2744 460 2821 duxit
475 2769 647 2831 uxorem,
664 2768 752 2820 cum
768 2743 864 2819 alius
882 2745 1012 2819 dotem
1027 2743 1260 2819 constituere
1276 2768 1355 2818 non
1370 2743 1503 2842 possit.
1523 2745 1626 2819 Item
1643 2769 1714 2842 per
1730 2744 1858 2820 vivam

267 2887 409 2950 vocem,
430 2871 475 2937 ut
495 2862 526 2938 si
545 2871 658 2961 pater
678 2861 738 2938 vel
758 2871 882 2938 mater
900 2861 962 2937 vel
982 2861 1079 2937 alius
1098 2887 1239 2960 parens
1260 2887 1427 2960 praesens
1448 2863 1498 2938 ad
1519 2861 1660 2938 ostium
1681 2861 1856 2950 ecclesie,

266 2982 354 3057 viva
367 3005 460 3057 voce
473 2973 711 3080 protestetur
726 2980 829 3078 quod
842 2979 944 3056 filius
959 3005 1051 3056 suus
1066 2981 1173 3057 dotet
1188 3005 1348 3056 uxorem
1364 2981 1411 3056 de
1425 2981 1636 3057 hereditate
1652 3007 1768 3079 quam
1783 2981 1857 3080 ipsi

266 3110 412 3188 tenent,
426 3124 555 3175 coram
568 3099 745 3198 pluribus
758 3099 808 3174 ad
821 3098 892 3173 hoc
905 3099 1061 3186 vocatis,
1076 3108 1115 3174 et
1129 3099 1231 3196 quod
1246 3097 1520 3174 voluntarium⁸
1536 3098 1709 3198 praebent
1723 3100 1772 3175 ad
1786 3098 1857 3173 hoc

267 3243 475 3296 assensum.
494 3217 552 3294 Et
567 3217 664 3292 illud
680 3217 782 3293 idem
798 3216 871 3292 erit
890 3217 920 3291 si
938 3215 1027 3292 alibi
1045 3241 1161 3314 quam
1179 3218 1229 3293 ad
1246 3216 1388 3293 ostium
1405 3216 1567 3293 ecclesiae
1586 3226 1675 3294 ante
1694 3219 1856 3316 despon-

267 3337 465 3425 sationem,
487 3338 580 3413 dum
600 3345 730 3412 tamen
751 3335 823 3410 hoc
843 3344 934 3411 ante
956 3335 1289 3433 desponsationem
1311 3335 1371 3410 vel
1394 3336 1434 3411 in
1456 3337 1541 3435 ipsa
1563 3337 1857 3435 desponsatione

266 3465 489 3531 revocatum
503 3479 582 3529 non
596 3453 716 3529 luerit
729 3479 800 3552 per
813 3451 1043 3528 dissensum:
1059 3462 1099 3530 et
1112 3452 1201 3529 licet
1216 3455 1264 3529 de
1279 3453 1504 3531 necessitate
1518 3454 1600 3530 fieri
1617 3456 1753 3531 debeat
1768 3480 1856 3530 con·

267 3573 417 3649 stitutio
431 3572 542 3659 dotis,
558 3581 597 3648 et
609 3571 746 3648 modus
761 3571 1043 3647 constitutionis
1057 3573 1106 3647 ad
1122 3572 1263 3648 ostium
1279 3572 1452 3661 ecclesiae,
1468 3582 1692 3649 nontamen
1707 3598 1857 3650 necesse

268 3701 327 3769 est
338 3693 494 3768 omnino
507 3693 610 3790 quod
624 3693 674 3768 ad
687 3691 828 3768 ostium
841 3691 1004 3768 ecclesiae
1018 3691 1245 3768 adhibeatur
1258 3692 1490 3769 consensus*
1504 3692 1635 3769 Valet⁸
1650 3694 1751 3771 enim
1766 3693 1857 3771 sive⁸
1989 3732 1991 3736 ·

267 3811 556 3888 matrimonium
575 3811 767 3910 proecedat
787 3811 864 3888 sive
885 3810 1140 3909 subsequatur
1159 3812 1389 3900 consensus,q
1413 3838 1456 3888 ac
1477 3814 1508 3889 si
1529 3814 1675 3891 valeret
1695 3816 1726 3890 si
1747 3815 1858 3891 fieret

269 3932 319 4008 ad
342 3931 482 4008 ostium
505 3931 678 4019 eeclesiae,
702 3931 795 4007 dum
817 3938 949 4007 tamen
972 3931 1128 4030 probari
1152 3931 1274 4030 possit
1297 3933 1384 4009 viva
1408 3958 1509 4009 voce.
1537 3934 1579 4009 Si
1603 3944 1734 4011 autem
1758 3961 1858 4012 uxor

268 4053 403 4128 dotata
423 4052 474 4128 ad
492 4051 737 4150 probandum
754 4075 983 4127 consensum
1002 4051 1301 4128 instrumentum
1322 4053 1500 4152 proferat
1519 4054 1560 4129 in
1581 4055 1730 4143 iudicio,
1754 4058 1857 4154 quod

267 4171 328 4246 vir
342 4171 394 4248 sic
409 4170 613 4246 dotaverit⁸
629 4169 804 4246 uxorem⁹
820 4196 890 4269 per
907 4196 1114 4260 assensum,
1132 4171 1270 4248 sufficit
1287 4171 1353 4247 illa
1370 4172 1558 4271 probatio.
1579 4175 1622 4249 Si
1639 4184 1769 4251 autem
1786 4202 1857 4274 per

267 4293 394 4367 vivam
412 4315 554 4379 vocem,
573 4288 710 4367 sufficit
728 4288 905 4388 quaelibet
922 4288 1076 4367 illarum
1094 4317 1165 4390 per
1183 4316 1233 4366 se.
1255 4291 1297 4367 Si
1316 4301 1445 4369 autem
1462 4302 1667 4393 utramque
1686 4296 1799 4372 simul
1818 4306 1857 4373 et

267 4410 507 4499 conveniant,
526 4408 665 4487 sufficit
682 4435 799 4485 unam
818 4411 997 4509 prosequi
1015 4420 1054 4487 et
1072 4413 1248 4510 probare.
1270 4412 1312 4488 Si
1331 4423 1460 4490 autem
1479 4415 1679 4492 contrariae
1698 4417 1856 4506 fuerint,

267 4556 386 4607 unam
399 4531 553 4607 illarum
567 4530 711 4629 poterit
725 4530 866 4629 eligere
881 4531 930 4606 ab
943 4530 1062 4619 initio,
1078 4541 1117 4608 et
1132 4557 1211 4607 una
1224 4532 1356 4621 electa,
1372 4535 1422 4609 ad
1438 4534 1553 4611 aliam
1568 4561 1762 4614 recurrere
1778 4563 1857 4613 non

155 4687 159 4696 ·
268 4649 412 4748 poterit
426 4649 486 4725 cui
500 4675 571 4748 per
586 4649 809 4726 electionem
825 4649 1071 4726 renuntiavit.
1088 4651 1146 4729 Et
1162 4651 1293 4728 unde¹⁰
1309 4652 1367 4728 si²¹
1383 4653 1551 4732 validam
1567 4655 1736 4754 elegerit,
1754 4656 1855 4734 suffi-

267 4866 387 4941 ⁸¹Om.,
408 4865 476 4941 OB,
497 4867 574 4940 MA,
595 4865 670 4927 MB.
714 4865 938 4943 ⁸²defendidit,
958 4866 1028 4939 OB,
1050 4868 1124 4928 ΜΒ.
1169 4867 1286 4946 ⁸⁸Om.,
1309 4871 1378 4945 OB,
1400 4871 1475 4932 MA.
1518 4871 1545 4906 ⁸⁴
1556 4893 1614 4951 per
1635 4878 1856 4953 exceptionem,

268 4967 297 5027 V
392 5012 400 5027 .

296 4967 572 5146 ’litabamus
595 5065 665 5142 OB,
688 5065 756 5140 OC,
779 5067 855 5128 MG.
901 5065 1039 5141 'tamem
1062 5069 1101 5144 V,
1125 5069 1203 5146 MG,
1226 5071 1292 5132 OC.
1337 5070 1560 5151 ‘voluntatem
1584 5077 1653 5153 OB,
1678 5079 1755 5152 MA,
1779 5080 1854 5142 ΜΒ.

266 5167 445 5243 ‘monson
461 5167 539 5243 MG,
554 5168 617 5228 CM
640 5168 771 5247 (corr.);
789 5187 954 5231 consensus
971 5188 1034 5229 non
1050 5176 1098 5230 est
1114 5189 1248 5245 necesse,
1265 5172 1334 5248 OB,
1352 5175 1428 5250 MA,
1446 5175 1475 5235 Y
1497 5174 1686 5258 (assensus).
1725 5178 1763 5213 Η
1774 5181 1855 5256 Om.,

268 5270 344 5331 MB.
382 5268 445 5344 ὀί,
463 5270 534 5344 ΟΒ,
552 5269 628 5343 MA,
648 5269 714 5361 GE,
734 5269 812 5345 MG,
831 5270 910 5343 CM;
930 5274 1011 5330 enim
1029 5289 1196 5334 consensus
1216 5275 1291 5348 sive,
1310 5273 1378 5334 OA.
1420 5274 1573 5353 'dotavit
1593 5278 1662 5355 OB,
1683 5282 1759 5356 MA,
1780 5283 1854 5344 MB.

266 5369 416 5432 ’uxorem
437 5390 533 5446 snam,
553 5369 620 5444 CB,
641 5368 718 5444 MG,
739 5369 780 5445 Y,
800 5369 874 5430 cM.
916 5367 1035 5445 ¹⁰Om,
1055 5371 1125 5447 OB,
1146 5373 1221 5435 MA.
1264 5371 1329 5409 ²²²²²
1342 5376 1422 5452 Om.,
1444 5378 1519 5440 MB.
