4432 6340
633 501 694 562 DE
717 501 1021 575 ADQUIRENDO
1044 502 1202 564 RERUM
1225 503 1427 565 DOMINIO
1753 511 1825 581 221

238 653 434 729 sciendum
455 652 558 751 quod
579 652 619 728 in
641 651 864 729 divisionem
883 651 1043 731 veniunt
1064 660 1147 729 tam
1168 653 1359 729 dominica
1380 679 1495 753 quam
1516 655 1722 753 villenagia
1744 682 1828 755 quae

237 769 311 846 dici
326 779 512 870 poterunt
526 770 726 847 dominica.
745 771 848 847 Item
863 772 1023 848 veniunt
1038 771 1194 849 servitia
1207 772 1416 849 liberorum
1430 772 1628 850 hominum
1643 782 1682 849 et
1697 774 1827 851 homa·

237 887 314 986 gia.
339 889 443 966 Item
464 888 624 965 veniunt
646 889 688 963 in
710 889 934 966 divisionem
955 890 1071 989 plura
1094 890 1275 990 capitalia
1297 891 1506 989 mesuagia,
1529 901 1569 968 et
1591 917 1725 981 unum,
1750 893 1828 970 sive

238 1005 413 1081 fuerint⁴⁷
433 1005 502 1080 in⁴⁸
522 1005 709 1083 diversis⁴⁹
729 1006 895 1084 baroniis
916 1007 1126 1084 constituta
1147 1008 1225 1084 sive
1245 1034 1334 1085 non.
1358 1010 1452 1085 Non
1473 1010 1575 1087 enim
1595 1010 1739 1109 poterit
1761 1011 1827 1087 ali·

236 1125 321 1225 quis
336 1125 531 1224 particeps
544 1125 693 1202 ratione
708 1125 1021 1224 primogenitura
1037 1137 1076 1205 et
1090 1127 1274 1203 aesnesciae
1289 1127 1359 1204 sibi
1374 1127 1567 1206 vindicare
1582 1129 1711 1205 omnia
1725 1130 1827 1228 capi-

237 1247 267 1322 f.
282 1248 351 1339 76]
406 1245 502 1321 talia
520 1244 729 1342 mesuagia,
749 1244 865 1322 habet
885 1253 1017 1322 tamen
1037 1245 1283 1344 privilegium
1304 1256 1466 1345 propter
1486 1247 1702 1324 aesnesciam
1725 1248 1828 1346 quod

238 1365 405 1464 primam
426 1363 580 1440 habebit
603 1363 837 1452 electionem,
861 1364 919 1440 ut¹
945 1365 976 1440 si
1000 1364 1131 1462 plures
1155 1365 1231 1441 sint
1254 1365 1306 1440 ibi
1330 1365 1538 1464 participes
1563 1366 1764 1443 coheredes
1789 1376 1827 1444 et

237 1484 353 1584 plura
372 1482 554 1584 capitalia
573 1482 781 1580 mesuagia,
804 1482 1084 1582 primogenitus
1106 1484 1232 1582 primo
1253 1484 1371 1582 eligat
1393 1494 1432 1560 et
1454 1494 1590 1582 postea
1610 1494 1827 1584 postnatus,

237 1612 277 1679 et
292 1602 344 1679 sic
359 1601 496 1679 tertius
512 1611 551 1678 et
566 1609 727 1699 quartus
743 1602 784 1677 in
799 1600 1005 1689 infinitum,
1022 1602 1206 1700 quamdiu
1223 1602 1473 1700 superfuerit²
1490 1603 1646 1679 unicum
1662 1603 1828 1703 capitale

237 1720 488 1818 mesuagium.
515 1719 607 1797 Sed³
631 1721 663 1796 si
686 1717 788 1797 eum*
812 1719 927 1819 plura
951 1719 1002 1795 ibi
1028 1721 1174 1798 fuerint
1198 1746 1276 1796 non
1300 1730 1431 1797 tamen
1454 1731 1515 1799 tot
1541 1723 1643 1821 quod
1669 1721 1828 1821 quilibet

236 1839 376 1915 habeat
393 1865 526 1928 unum,
544 1846 639 1914 ωηο
656 1837 729 1916 illis
749 1838 814 1936 qui
832 1847 1010 1938 expertes
1029 1847 1121 1916 suut
1140 1840 1188 1916 de
1207 1841 1399 1915 communi
1418 1839 1629 1916 hereditate
1650 1839 1826 1918 satisfiat

237 1959 287 2035 ad
300 1957 519 2034 valentiam.
536 1958 580 2033 Si
592 1965 722 2034 autem
735 1958 851 2056 plura
864 1957 916 2033 ibi
930 1957 1088 2047 fuerint,
1103 1966 1310 2057 postquam
1326 1957 1483 2056 quilibet
1497 1958 1673 2034 habuerit
1688 1958 1827 2047 suum,⁸

236 2086 330 2153 tunc
348 2075 548 2175 reincipiat
565 2075 845 2175 primogenitus
864 2101 973 2152 suam
991 2075 1224 2164 electionem,
1245 2085 1284 2152 et
1303 2076 1356 2151 sic
1374 2086 1590 2175 postnatus,
1609 2086 1650 2154 et
1668 2077 1827 2176 quilibet

237 2204 327 2292 post
347 2193 465 2270 alium
484 2204 530 2271 ut
549 2194 775 2293 praedictum
794 2202 864 2283 est,
886 2202 925 2269 et
945 2194 998 2271 sic
1017 2193 1176 2292 pluries'
1196 2192 1279 2271 fiat⁸
1300 2194 1434 2271 electio
1455 2195 1486 2271 si
1506 2194 1704 2293 mesuagia
1724 2194 1825 2271 suffi-

237 2314 352 2401 ciant,
365 2322 404 2389 et
417 2313 449 2389 si
460 2338 561 2390 unus
573 2337 712 2411 expers
726 2312 857 2400 fuerit,
870 2321 965 2389 ωηο
977 2313 1228 2414 provideatur
1241 2313 1275 2390 ei
1288 2322 1333 2390 ut
1347 2338 1477 2411 supra.
1494 2314 1598 2390 Item
1612 2313 1718 2390 facta
1733 2313 1826 2390 elee-

236 2432 340 2507 tione
356 2456 444 2507 cum
457 2431 617 2531 quilibet
632 2431 808 2509 habuerit
823 2457 956 2520 unum,
973 2440 1012 2507 et
1027 2431 1183 2507 unicum
1199 2430 1451 2520 remanserit,⁹
1466 2430 1562 2509 illud
1578 2433 1680 2508 inter
1695 2441 1827 2531 partes

236 2550 432 2628 dividatur
450 2549 523 2626 nisi
542 2549 803 2627 consenserint
824 2551 927 2647 quod
947 2558 1075 2627 totum
1094 2551 1162 2624 uni
1183 2559 1391 2638 remaneat,
1411 2551 1468 2626 ita
1488 2551 1592 2648 quod
1613 2551 1696 2626 aliis
1717 2551 1826 2628 satis-

236 2668 334 2746 fiat²⁰
347 2667 689 2768 proportionaliter
702 2668 742 2743 in
756 2667 838 2744 aliis
851 2669 900 2744 de
912 2667 1054 2744 valore.
1071 2668 1174 2744 Item
1187 2693 1275 2744 cum
1289 2668 1404 2767 plura
1418 2667 1470 2744 ibi
1484 2668 1630 2744 fuerint
1645 2668 1826 2768 capitalia

235 2789 444 2886 mesuagia,
460 2812 538 2864 non
553 2796 645 2864 sunt
658 2795 790 2863 tamen
805 2796 979 2885 tempore
996 2785 1265 2884 assignationis
1281 2785 1501 2862 deliberata.
1522 2788 1624 2863 Sunt
1641 2787 1742 2863 enim
1760 2787 1825 2886 qui

234 2906 284 2982 de
310 2905 550 2982 concessione
574 2914 859 2982 antecessorum
884 2913 1019 2981 tenent
1046 2905 1096 2980 ad
1123 2903 1245 2980 vitam
1272 2928 1511 3003 quacumque
1537 2905 1698 2992 ratione,
1728 2905 1826 2982 sicut

235 3023 389 3102 nomine
408 3023 508 3101 dotis
527 3023 589 3100 vel
607 3023 835 3113 huiusmodi,
856 3031 951 3098 ωηο
970 3021 1250 3123 primogenitus
1271 3023 1397 3122 primo
1419 3022 1538 3122 eligat
1558 3031 1603 3098 ut
1623 3023 1743 3122 prius,
1764 3023 1826 3100 vel

234 3142 475 3240 mesuagium
500 3142 605 3241 quod
629 3140 882 3218 deliberatum
907 3149 977 3229 est,
1003 3141 1064 3218 vel
1090 3140 1186 3218 illud
1213 3139 1344 3239 quod²²
1371 3166 1450 3217 ηοη
1476 3151 1533 3218 est
1560 3141 1825 3230 deliberatum,

235 3270 274 3337 et
290 3261 325 3338 ei
341 3260 406 3360 qui
422 3269 516 3336 tunc
533 3259 653 3336 fuerit
669 3260 749 3336 sine
765 3259 974 3357 mesuagio,
993 3259 1043 3335 ad
1058 3269 1214 3358 tempus
1231 3259 1451 3357 assignetur
1467 3259 1610 3357 aliquid
1629 3260 1679 3336 ad
1695 3259 1824 3338 valen·

234 3378 330 3456 tiam
347 3379 431 3455 loco
449 3377 635 3476 mesuagii
653 3377 694 3453 in
711 3377 896 3465 tenantia,
915 3379 1037 3454 donec
1057 3403 1170 3454 suum
1187 3377 1222 3455 ei
1242 3377 1361 3455 fuerit
1380 3377 1644 3455 deliberatum.
1667 3378 1711 3454 Si
1729 3378 1825 3455 liber

236 3497 492 3574 sokemannus
508 3496 698 3572 moriatur
715 3495 890 3594 pluribus
907 3495 1109 3573 heredibus
1128 3495 1268 3572 relictis
1287 3504 1327 3572 et
1345 3497 1610 3595 participibus,
1630 3497 1662 3572 si
1679 3497 1825 3574 heredi·

235 3624 297 3692 tas
309 3613 499 3714 partibilis
512 3615 562 3691 sit
575 3624 615 3691 et
627 3614 677 3691 ab
691 3614 849 3712 antiquo
863 3613 995 3702 divisa,
1009 3614 1167 3691 heredes
1181 3623 1372 3712 quotquot
1385 3623 1501 3690 erunt
1513 3613 1679 3692 habeant
1694 3624 1825 3714 partes

237 3758 325 3810 suas
339 3731 515 3831 aquales,
529 3741 570 3810 et
584 3732 614 3808 si
629 3732 785 3809 unicum
800 3731 919 3810 fuerit
935 3731 1176 3830 mesuagium
1191 3731 1286 3807 illud
1302 3733 1454 3830 integre
1470 3742 1666 3810 remaneat
1683 3733 1825 3834 primo·

235 3852 385 3950 genitor
398 3851 454 3928 ita
465 3860 596 3928 tamen
609 3852 712 3949 quod
725 3851 788 3926 alii
801 3850 969 3928 habeant
981 3851 1031 3926 ad
1043 3849 1252 3927 valentiam
1265 3852 1314 3927 de
1326 3851 1529 3927 communi.
1547 3850 1589 3927 Si
1603 3860 1734 3928 autem
1748 3877 1827 3927 non

238 3969 358 4047 fuerit
384 3969 574 4046 hereditas
602 3968 724 4046 divisa
750 3969 798 4044 ab
826 3967 997 4067 antiquo,
1023 3976 1119 4044 ωηο
1145 3976 1230 4044 tota
1256 3979 1453 4046 remaneat
1481 3969 1751 4068 primogenito.
1783 3970 1826 4045 Si

236 4095 367 4165 autem
383 4085 504 4164 fuerit
518 4087 714 4185 socagium
729 4086 926 4176 villanum,
942 4096 1037 4164 tunc
1051 4085 1287 4163 consuetudo
1303 4087 1376 4162 loci
1392 4086 1464 4164 erit
1480 4087 1730 4164 observanda.
1748 4088 1826 4165 Est

237 4206 338 4282 enim
352 4206 589 4282 consuetudo
602 4205 644 4280 in
658 4204 886 4303 quibusdam
901 4204 1077 4304 partibus
1093 4205 1196 4303 quod
1211 4211 1415 4304 postnatus
1432 4203 1666 4302 praefertur²²
1683 4205 1826 4304 primo·

236 4326 380 4426 genito,
396 4334 435 4402 et
449 4352 471 4402 e
485 4325 690 4402 contrario,
706 4325 809 4408 Cum
824 4332 955 4400 autem
970 4322 1133 4399 liberum
1147 4331 1411 4399 tenementum
1427 4331 1606 4400 teneatur
1623 4349 1693 4422 per
1711 4325 1825 4400 servi·

236 4446 335 4522 tium
346 4443 523 4532 militare,
535 4452 575 4519 et
588 4442 718 4542 plures
732 4441 808 4518 sint
820 4442 871 4518 ibi
884 4440 1085 4517 coheredes
1098 4450 1138 4518 et
1148 4467 1270 4517 unum
1284 4440 1448 4541 capitale
1461 4443 1712 4540 mesuagium,
1724 4443 1827 4520 inter

236 4560 466 4639 coheredes¹⁸
485 4559 680 4637 dividatur
700 4559 910 4636 secundum
929 4560 1032 4658 quod
1051 4559 1221 4636 vallatur
1239 4560 1386 4636 fossato
1405 4560 1467 4636 vel
1487 4559 1596 4660 heya,
1618 4561 1827 4638 secundum

237 4727 263 4763 ⁴²
276 4729 383 4804 inerit,
397 4729 466 4802 OB,
481 4728 562 4800 MB;
579 4727 716 4802 luerunt,
732 4729 813 4798 MA;
829 4730 903 4802 sint,
917 4727 956 4785 V.
991 4723 1059 4759 ⁴⁸⁴⁰
1070 4725 1151 4799 Om,
1166 4727 1234 4800 OB,
1250 4727 1326 4800 MA,
1341 4728 1416 4788 ΜΒ.

319 4828 569 4905 ²et,MG,CM.
606 4825 739 4904 ’inerit
754 4827 823 4903 OB,
838 4825 916 4902 MA,
931 4826 1007 4889 ΜΒ.
1044 4823 1243 4902 ⁸·⁴sedeum,
1260 4828 1425 4902 CE,MA;
1442 4829 1497 4890 sed
1514 4833 1604 4906 sicut,
1621 4832 1690 4907 OB,
1708 4832 1753 4904 Y;
1771 4831 1826 4892 sed

237 4936 264 4994 si
281 4939 357 5008 tum,
375 4933 447 5005 LA;
466 4931 567 4993 sedai
584 4936 698 5004 tamen,
717 4930 793 5006 ΟΜ,
811 4928 885 4990 ΜΟ.
926 4925 1031 5003 ‘Om,
1050 4927 1125 5002 HA,
1143 4928 1220 4990 MG.
1263 4927 1473 5004 “satisfaciat
1492 4930 1561 5005 OB,
1582 4930 1656 4992 MA.
1698 4930 1826 5009 ‘unum

237 5033 277 5108 V,
295 5033 374 5110 MG,
393 5033 468 5109 CM,
485 5032 527 5110 Y,
544 5032 617 5093 HA
656 5028 798 5110 'plureq
817 5028 884 5104 OC,
902 5029 979 5105 MA,
997 5029 1038 5105 Y,
1056 5029 1121 5091 Mc
1143 5028 1270 5107 (corn).
1310 5026 1399 5105 ⁸liet,
1418 5031 1487 5106 OB,
1507 5031 1583 5106 MA,
1602 5032 1678 5106 MB,
1699 5033 1766 5110 ΟΕ,
1785 5033 1826 5107 Y,

237 5133 315 5210 MG,
332 5134 412 5207 ΗΑ;
430 5134 529 5207 fieret,
545 5134 626 5207 CM;
642 5131 808 5194 electiones
827 5131 914 5206 fiant,
931 5131 998 5193 ΟΟ.
1037 5129 1228 5206 ’remaneat
1246 5130 1324 5204 MG,
1343 5131 1383 5207 Y,
1401 5132 1474 5192 CM.
1514 5129 1542 5165 ¹⁰
1553 5132 1738 5208 satisfaciat,
1757 5132 1827 5212 OB,

238 5236 313 5311 MA,
331 5236 408 5312 ΜΒ,
425 5235 493 5311 OC,
508 5235 538 5297 Y
560 5234 654 5313 (corr.
672 5233 788 5312 ellat).
827 5231 915 5293 ²¹vel
931 5231 1010 5294 illud
1027 5232 1119 5311 quod,
1137 5231 1206 5305 OA,
1224 5231 1290 5306 OC,
1309 5233 1375 5306 LA,
1394 5232 1461 5308 CB,
1479 5233 1559 5307 Me,
1578 5234 1628 5294 vel
1646 5234 1738 5313 quod,
1757 5237 1827 5312 ΟΒ,

237 5337 314 5414 MA,
330 5337 409 5413 MG,
423 5337 465 5414 Y,
481 5337 543 5398 CM
551 5357 561 5410 ;
577 5336 627 5397 vel
643 5337 832 5414 mesnagium
849 5331 941 5412 quod,
958 5332 1033 5393 ΜΒ.
1071 5329 1099 5366 ¹⁸
1109 5332 1249 5411 prefert,
1266 5333 1336 5406 ΟΒ,
1354 5333 1428 5394 ΜΒ.
1467 5332 1494 5367 ¹⁸
1506 5334 1644 5413 heredes,
1662 5337 1731 5413 OB,
1750 5338 1826 5412 MA,

238 5439 315 5515 MB,
333 5439 400 5514 ΟΕ,
419 5438 459 5514 Y,
478 5437 556 5515 MG,
574 5437 648 5498 CM.
