4432 6336
390 450 462 520 136
921 441 1144 504 BRACTON:
1167 442 1227 503 DE
1251 442 1443 505 LEGIBUS

387 593 659 670 conscientiam
676 593 730 670 rei
750 592 892 670 aliems.
913 593 993 670 Per
1012 618 1165 670 servum
1183 602 1314 670 autem
1332 618 1447 692 quem
1466 592 1604 670 scimus
1624 591 1792 670 alienum
1812 619 1892 669 esse
1913 593 1979 668 ad·

388 711 540 812 quirere
555 737 635 789 non
650 737 866 812 possumus,
883 737 952 789 neo
969 712 1086 789 etiam
1102 712 1185 811 ipse
1201 711 1346 811 aliquid
1362 711 1517 788 domino
1535 737 1604 789 suo
1622 711 1803 810 adquirit,
1822 712 1913 811 quia
1930 711 1980 788 ab

388 831 463 908 alio
478 856 594 930 quam
609 857 632 907 a
645 831 801 908 domino
816 856 886 908 suo
901 831 1130 929 possidetur.
1147 832 1227 907 Per
1240 855 1482 907 communem
1497 839 1627 908 autem
1643 856 1796 907 servum
1812 830 1978 930 adquiri·

387 973 473 1026 mus
492 948 638 1026 etiam⁸⁸
657 949 799 1047 singuli
817 949 858 1025 in
877 948 1053 1038 solidum,
1073 949 1104 1026 si
1125 948 1265 1027 adhoc
1285 958 1416 1026 tamen
1436 958 1529 1047 agat
1549 974 1681 1026 servus
1702 949 1914 1026 communis
1933 957 1979 1026 ut

388 1071 456 1144 uni
472 1077 627 1146 tantum
645 1067 865 1168 adquirat.⁸⁹
885 1069 928 1144 Si
946 1077 1077 1145 autem
1095 1068 1233 1144 adhoc
1250 1094 1329 1145 non
1347 1075 1452 1166 agat,
1471 1078 1565 1145 tunc
1583 1067 1743 1166 singulis
1763 1067 1980 1168 adquiritur

387 1190 429 1265 in
443 1188 647 1265 communi.
665 1188 769 1264 Item
785 1186 1021 1286 adquirimus
1038 1213 1109 1286 per
1124 1213 1277 1264 servum
1294 1187 1334 1262 in
1349 1212 1464 1285 quem
1479 1186 1662 1264 habemus
1679 1187 1978 1276 usumfructum,

388 1306 563 1406 quamvis
580 1306 708 1405 ipsum
726 1329 804 1382 non
823 1304 1097 1405 possideamus,
1117 1305 1215 1382 sicut
1234 1331 1283 1380 ex
1301 1304 1509 1404 operibus⁴⁰
1528 1305 1617 1382 suis.
1639 1306 1743 1382 Item
1763 1304 1980 1405 adquiritur

389 1423 543 1502 domino
559 1450 630 1524 per
644 1422 822 1501 ancillam
837 1423 935 1502 sicut
950 1450 1021 1524 per
1036 1449 1200 1513 serrum,
1215 1423 1256 1501 id
1271 1432 1329 1502 est
1344 1449 1415 1523 per
1431 1423 1616 1501 feminam
1631 1425 1729 1500 sicut
1745 1450 1816 1524 per
1831 1449 1978 1501 mascu-

387 1545 480 1621 lum.
498 1546 602 1621 Item
616 1544 790 1643 impubes
805 1569 876 1642 per
891 1567 1044 1620 servum
1057 1543 1308 1641 impuberem,
1326 1543 1418 1619 dum
1434 1552 1566 1620 tamen
1580 1543 1720 1620 tutoris
1737 1543 1977 1620 auctoritate.

390 1664 494 1740 Item
509 1688 580 1762 per
595 1687 748 1739 servum
763 1660 884 1761 quiin
901 1661 999 1760 fuga
1014 1670 1084 1750 est,
1102 1662 1195 1737 dum
1211 1688 1234 1738 a
1251 1661 1359 1737 nullo
1374 1662 1605 1761 possidetur,
1621 1661 1713 1760 quia
1729 1662 1912 1761 quamdiu
1930 1662 1979 1739 ab

388 1780 417 1856 f.
433 1782 501 1874 44]
558 1779 633 1857 alio
655 1805 733 1856 non
755 1780 974 1879 possidetur
995 1806 1019 1856 a
1042 1779 1196 1856 domino
1218 1778 1372 1856 videtur
1394 1779 1591 1879 possideri,
1614 1780 1674 1857 vel
1698 1781 1819 1858 donec
1842 1805 1977 1880 excep-

387 1900 532 1976 tionem
545 1898 733 1989 habuerit,
751 1924 828 1998 qua
843 1898 897 1976 se¹
912 1899 1013 1976 tueri
1029 1897 1151 1998 possit
1166 1896 1220 1973 in'
1236 1907 1342 1976 statu
1359 1898 1506 1986 libero,⁸
1522 1908 1567 1976 ut
1584 1899 1616 1974 si
1632 1899 1809 1977 dominus
1825 1897 1978 1976 habeat*

388 2019 588 2108 actionem,
611 2045 743 2096 sersus
764 2016 918 2094 habeat⁵
941 2017 1216 2117 exceptionem.
1243 2017 1286 2093 Si
1309 2025 1440 2094 autem
1462 2017 1620 2108 nullam,
1644 2027 1684 2095 et
1707 2018 1884 2096 dominus
1908 2043 1979 2117 per

387 2137 575 2214 actionem
592 2163 680 2213 eum
697 2135 956 2235 adquisiverit,
973 2135 1102 2212 omnia
1118 2135 1311 2233 adquisita
1327 2161 1398 2234 per
1415 2161 1568 2212 servum
1585 2136 1761 2213 dominus
1779 2136 1977 2214 obtinebit.

388 2257 492 2333 Item
508 2279 579 2354 per
596 2280 749 2332 servum
767 2253 984 2354 adquiritur
998 2252 1204 2330 hereditas·
1222 2256 1315 2330 dum
1334 2255 1431 2332 iacet
1449 2281 1527 2330 non
1545 2255 1661 2344 adita,
1680 2255 1771 2353 quia
1786 2255 1977 2332 hereditas

386 2384 445 2451 est
462 2374 514 2449 ibi
531 2373 615 2449 loco
632 2373 788 2450 domini.
809 2374 913 2476 Item
930 2373 962 2450 si
979 2373 1111 2472 plures
1129 2371 1335 2450 servientes
1354 2371 1458 2450 sunt'
1478 2398 1550 2473 per
1568 2398 1690 2449 unum
1708 2373 1852 2474 poterit
1871 2373 1976 2449 here-

387 2493 489 2570 ditas
513 2491 679 2570 retineri.
705 2493 763 2570 Et
789 2518 813 2568 a
837 2491 949 2569 simili
973 2491 1127 2569 videtur
1152 2494 1256 2591 quod
1282 2492 1313 2568 si
1338 2491 1469 2592 plures
1493 2500 1668 2570 tenentes
1694 2501 1901 2570 teneantur
1927 2493 1976 2569 ad

386 2611 593 2700 redditum,
617 2611 649 2688 si
671 2610 829 2709 quidam
852 2609 1018 2710 partem⁸
1041 2609 1236 2700 solven'nt,
1260 2636 1331 2710 per
1353 2610 1425 2686 hoc
1448 2618 1554 2688 totus
1579 2610 1752 2688 redditus
1775 2612 1975 2688 retinetur.

386 2732 491 2808 Item
507 2757 531 2807 a
546 2730 658 2808 simili
674 2730 781 2808 sicui
796 2737 998 2829 pasturam
1014 2728 1065 2805 ad
1080 2738 1235 2805 oenum
1251 2728 1433 2805 animalia
1448 2730 1630 2818 dederim,
1648 2729 1736 2807 licet
1752 2731 1976 2807 donatarius

385 2860 541 2929 centum
563 2875 642 2926 non
665 2848 861 2937 immittat,
885 2873 956 2947 per
979 2849 1132 2924 unicam
1155 2873 1266 2924 ovem
1290 2847 1497 2924 immissam
1521 2848 1571 2924 ad
1594 2856 1750 2925 tantum
1773 2874 1977 2925 numerum

385 2978 587 3070 pasturam
602 2967 792 3045 retinebit.
810 2967 914 3043 Item
929 2965 1025 3042 liber
1039 2965 1153 3042 homo
1169 2992 1193 3042 a
1209 2965 1350 3043 sciente
1364 2966 1494 3065 ipsum
1509 2991 1590 3044 esse
1606 2967 1769 3044 libenrm
1784 2967 1977 3044 hominem

384 3114 464 3164 non
478 3087 708 3187 possidetur,
723 3110 794 3162 nec
809 3111 880 3184 per
894 3085 1022 3183 ipsum
1038 3083 1265 3183 adquiritur.
1282 3084 1518 3183 Adquiritur
1532 3095 1663 3162 tamen
1679 3110 1749 3185 per
1766 3086 1894 3185 ipsum
1910 3085 1976 3184 qui

385 3206 556 3283 creditur
574 3230 655 3282 esse
674 3229 817 3281 servus.
841 3203 919 3280 Sed
938 3202 1041 3279 mala
1059 3203 1136 3302 fide
1155 3202 1375 3302 possidetur
1394 3203 1490 3280 liber
1508 3203 1622 3280 homo
1642 3204 1674 3280 si
1694 3229 1773 3281 non
1792 3204 1888 3281 liber
1909 3206 1976 3283 sed

386 3349 517 3401 servus
540 3323 687 3400 alienus
708 3320 959 3399 existimetur.
985 3322 1090 3397 Item
1112 3319 1196 3421 per'
1219 3330 1509 3420 procuratorem
1533 3332 1572 3399 et
1595 3331 1765 3400 tutorem
1788 3324 1976 3422 possessio

385 3442 494 3518 nobis
515 3440 743 3540 adquiritur,
766 3439 883 3516 etiam
903 3438 1011 3516 nobis
1032 3439 1311 3537 ignorantibus.
1334 3441 1393 3518 Et
1414 3441 1446 3518 si
1468 3439 1666 3517 dicamus¹⁰
1689 3467 1760 3541 per
1780 3468 1845 3519 eos
1866 3441 1975 3520 nobis

384 3586 463 3637 non
485 3559 635 3658 adquiri
656 3582 740 3659 quae
760 3566 893 3636 nostro
913 3557 1066 3635 nomine
1087 3557 1292 3658 accipiunt,
1315 3559 1494 3636 futurum
1514 3570 1573 3636 est
1593 3569 1639 3637 ut
1660 3585 1730 3636 nec
1750 3560 1834 3660 ipse
1855 3561 1975 3659 possi·

386 3678 487 3769 deat,
507 3677 675 3756 scilicet²²
695 3683 924 3776 procurator
943 3685 982 3753 et
1000 3684 1110 3753 tutor
1127 3677 1189 3753 oui
1208 3703 1268 3754 res
1289 3677 1441 3753 aliena²⁸
1460 3677 1512 3754 sic
1532 3677 1677 3755 tradita
1697 3689 1766 3768 est,
1787 3679 1976 3778 quianon

383 3796 527 3873 habent
541 3795 712 3873 animum
726 3795 957 3896 possidendi,
972 3820 1042 3872 nec
1055 3796 1087 3872 is
1102 3796 1167 3894 qui
1181 3795 1355 3885 tradidit,
1370 3797 1462 3895 quia
1475 3797 1586 3874 cessit
1602 3799 1890 3897 possessionem,
1906 3823 1976 3875 nec

384 3915 457 3993 erit
471 3914 597 3992 medio
610 3925 785 4014 tempore
800 3938 922 3990 vacua
936 3913 1135 4014 possessio.
1151 3915 1388 4013 Adquiritur
1402 3925 1533 3992 tamen
1547 3916 1698 4005 minori,
1715 3917 1832 3994 etiam
1849 3917 1880 3994 si
1897 3943 1976 3994 non

386 4033 640 4120 consentiat,²⁸
668 4057 755 4109 cum
783 4033 906 4132 plenae
932 4031 1056 4110 aetatis
1086 4032 1269 4110 extiterit.
1299 4034 1357 4110 Et
1386 4032 1540 4110 habebit
1568 4059 1701 4111 versus
1730 4034 1976 4112 ornatorem¹⁴

385 4152 574 4230 actionem
596 4153 841 4251 negotiorum
864 4160 1063 4251 gestorum
1087 4151 1119 4229 si
1141 4153 1182 4228 in
1206 4151 1275 4229 tali
1300 4161 1500 4229 contractu
1526 4179 1566 4230 se
1589 4152 1689 4231 male
1712 4155 1884 4252 gesserit.
1910 4156 1975 4232 De
2057 4253 2063 4262 Ι

383 4273 528 4349 maiore
543 4280 672 4348 autem
685 4296 766 4347 non
780 4271 844 4359 sic,
859 4281 905 4348 ut
921 4296 1050 4368 supra.
1069 4271 1173 4347 Item
1187 4271 1404 4369 adquiritur
1419 4272 1606 4370 possessio
1621 4279 1661 4348 et
1677 4273 1889 4350 dominium
1904 4300 1976 4374 per

385 4399 676 4488 procuratorem
697 4389 815 4466 etiam
837 4388 917 4466 sine
941 4388 1256 4487 apprehensione,
1280 4398 1326 4466 ut
1349 4391 1381 4466 si
1405 4389 1489 4489 quis
1513 4393 1754 4490 procuratori
1780 4417 1849 4469 suo
1871 4393 1975 4470 tradi

386 4507 538 4583 iusserit
564 4532 646 4583 rem
671 4516 843 4604 emptam
868 4507 930 4584 rel
956 4507 1101 4595 datam,
1128 4507 1245 4583 etiam
1271 4508 1312 4584 in
1337 4507 1424 4607 ipsa
1450 4508 1654 4600 iussione,²⁸
1683 4511 1773 4608 quia
1801 4537 1872 4609 per
1897 4511 1974 4588 ius·

385 4623 558 4700 sionem²⁸
575 4649 685 4701 suam
702 4625 873 4702 declarat
889 4625 1141 4702 voluntatem.
1162 4626 1266 4703 Item
1283 4626 1314 4703 si
1332 4627 1531 4704 custodem
1547 4628 1588 4703 in
1606 4655 1648 4706 re
1666 4630 1849 4729 posuerit.
1872 4632 1976 4708 Item

386 4791 451 4828 ’Μ’
463 4797 557 4853 etiam
574 4791 706 4872 singulm
723 4797 757 4853 in
774 4790 906 4853 sohdum
923 4797 984 4854 nisi
1002 4792 1059 4853 hoc
1081 4837 1089 4854 .
1113 4838 1120 4853 .
1143 4837 1151 4853 .
1174 4792 1321 4872 adquirIt,
1340 4794 1419 4871 MG,
1438 4795 1511 4856 ΟΜ.
1553 4794 1580 4830 ⁴⁰
1591 4800 1705 4874 operia,
1724 4799 1791 4874 OC,
1811 4800 1878 4873 LA,
1898 4800 1976 4875 MG,

386 4894 461 4970 cru,
476 4893 543 4969 cn,
558 4893 626 4956 os.

468 4991 507 5027 ²¹²
518 5014 552 5054 ae
571 5001 692 5054 tantum
710 4997 811 5072 possit
830 4993 999 5055 defendere
1019 4998 1062 5069 in,
1082 4995 1160 5072 MG,
1181 4997 1255 5058 CM.
1298 4994 1428 5074 ''⁸Om.,
1449 4999 1518 5074 OB,
1539 5000 1615 5076 ΜΒ,
1640 5000 1695 5077 (-l-
1708 5002 1804 5080 MA).
1848 5001 1975 5079 ⁴bahet,

386 5094 480 5156 MSS.
497 5115 562 5156 var.
600 5093 728 5172 ⁸habet,
745 5095 839 5157 MSS.
855 5115 921 5157 var.
958 5094 1160 5170 ‘hereditath
1177 5096 1246 5172 OA,
1263 5097 1328 5172 LA,
1346 5100 1413 5175 OC,
1431 5101 1509 5175 MG,
1526 5102 1599 5163 CM.
1639 5100 1736 5179 laiht,
1754 5105 1823 5179 0A,
1841 5106 1917 5180 MA,
1935 5106 1975 5181 Y,

386 5196 464 5272 Mo,
478 5198 552 5257 cu.
588 5194 737 5274 ‘partlm
752 5196 819 5271 oe,
834 5197 912 5271 no,
927 5199 1000 5258 cu.
1038 5195 1202 5275 ⁸p10pter,
1218 5200 1297 5275 nc,
1312 5201 1385 5261 cu.
1423 5199 1594 5277 rorata,
1609 5204 1649 5279 v,
1666 5205 1743 5281 uc,
1759 5207 1832 5266 cu.
1871 5205 1975 5282 usar,

385 5298 464 5372 MG,
483 5298 556 5359 ΟΜ.
598 5295 624 5332 ²²
635 5298 716 5372 Om.,
734 5299 803 5373 OA,
822 5297 889 5373 LA,
909 5297 977 5372 OC,
996 5299 1074 5374 MG,
1094 5300 1167 5360 CM.
1209 5298 1235 5333 ¹⁸
1247 5303 1372 5374 sentiat,
1391 5302 1461 5376 OB,
1481 5303 1557 5378 MA,
1578 5304 1653 5365 ΜΒ.
1695 5304 1723 5339 ²⁴
1733 5316 1975 5386 procuratorem,

384 5399 425 5474 V,
448 5398 527 5474 MG,
552 5398 625 5459 CM.
671 5396 737 5433 ²⁸4⁶
748 5403 893 5460 missione
918 5402 991 5477 quia
1014 5418 1071 5478 per
1095 5403 1281 5477 missionem,
1306 5402 1384 5477 MG,
1409 5404 1483 5466 ΟΜ.
