4392 6352
334 498 408 573 272
866 491 1089 553 BRAC'I'ON:
1111 492 1172 552 DE
1196 491 1388 554 LEGIBUS

334 643 558 721 constitutio
576 667 663 720 cum
681 651 787 719 certa
804 669 884 720 esse
902 643 1051 731 debeat,
1070 653 1110 720 et
1129 643 1182 720 sic
1200 643 1409 721 constituta
1428 643 1575 720 incerta
1593 643 1655 732 sit,
1675 667 1763 718 cum
1782 644 1924 743 depen-

335 761 425 836 deat
446 785 496 836 ex
517 760 661 838 insidiis
684 762 863 850 fortunoe,
886 770 925 838 et
947 762 1043 838 bene
1065 787 1146 838 esse
1168 761 1313 861 poterit
1335 762 1439 860 quod
1461 787 1673 860 numquam
1697 761 1813 839 faciet
1837 787 1924 862 per·

334 879 529 977 quisitum.
551 879 716 957 Etcum
737 879 991 978 perquisitum
1012 905 1090 956 non
1111 880 1246 956 fecerit
1265 904 1335 955 nec
1355 905 1455 956 uxor
1476 906 1556 957 esse
1577 879 1715 957 debeat
1736 880 1923 970 indotata,

333 998 581 1097 restringitur
597 997 686 1074 talis
702 998 925 1074 constitutio
942 999 993 1074 ad
1010 998 1222 1096 legitimam
1240 998 1553 1076 constitutionem
1569 998 1693 1075 tertiae
1710 999 1845 1098 partis,
1863 998 1925 1075 vel

334 1115 510 1204 dimidia,
528 1117 737 1193 secuudum
755 1116 946 1192 diversam
962 1116 1278 1193 consuetudinem
1295 1118 1467 1193 locorum
1484 1125 1523 1194 et
1541 1117 1802 1194 diversitatem
1819 1126 1924 1194 tene-

333 1243 564 1311 mentorum.
591 1235 785 1311 Constitui
809 1235 927 1311 etiam
951 1234 1095 1333 poterit
1119 1234 1188 1312 dos
1214 1235 1254 1310 in
1278 1235 1390 1312 terris
1415 1245 1454 1312 et
1477 1237 1706 1312 tenementis
1732 1259 1815 1334 quae
1839 1236 1924 1334 quis

334 1353 503 1431 tenuerit
516 1354 557 1428 in
572 1353 686 1429 feodo
701 1352 771 1429 sibi
786 1362 825 1429 et
838 1353 1040 1430 heredibus
1055 1353 1145 1441 suis,
1159 1363 1198 1430 et
1213 1378 1291 1428 non
1306 1353 1346 1429 in
1360 1353 1418 1430 his
1434 1378 1518 1451 quae
1531 1362 1714 1430 tenentur
1730 1355 1780 1430 ad
1795 1354 1923 1430 termi-

333 1495 429 1547 num
446 1470 534 1547 vitae
551 1471 612 1547 vel
632 1496 838 1547 annorum:
858 1496 928 1547 nec
948 1471 978 1548 si
998 1470 1054 1547 ita
1072 1469 1280 1559 tenuerit,²⁰
1300 1471 1474 1569 quamvis
1494 1471 1533 1547 in
1554 1472 1681 1561 feodo,
1703 1472 1806 1570 quod
1827 1473 1924 1548 alius

333 1588 392 1665 ius
405 1589 545 1665 habeat
556 1588 627 1665 ut²²
641 1615 723 1667 rem
737 1589 908 1666 evincere
920 1589 1054 1688 possit,
1068 1614 1152 1688 quae
1164 1590 1319 1687 quidem
1332 1589 1364 1666 si
1377 1615 1448 1688 per
1461 1589 1643 1667 iudicium
1655 1591 1779 1667 evicta
1793 1590 1923 1679 fuerit,

334 1706 423 1783 licet
437 1733 537 1782 uxor
551 1707 641 1784 inde
656 1709 791 1784 dotata
806 1708 866 1796 sit,
883 1708 1020 1806 petitio
1036 1708 1136 1786 dotis
1153 1707 1326 1796 cessabit,
1344 1707 1434 1806 quia
1449 1734 1521 1808 per
1536 1708 1719 1785 iudicium
1734 1709 1925 1786 constabit

332 1827 538 1904 manifeste
557 1828 660 1925 quod
678 1827 737 1903 vir
756 1852 846 1903 suus
866 1852 945 1902 non
964 1825 1042 1903 fuit
1060 1826 1209 1902 seisitus
1229 1825 1317 1902 inde
1336 1825 1377 1902 in
1396 1827 1597 1916 dominico,
1618 1828 1790 1925 quamvis
1811 1837 1856 1904 ut
1876 1827 1924 1903 de

334 1943 461 2033 feodo,
481 1943 587 2020 non²²
606 1954 737 2021 tamen
755 1943 811 2021 ita
831 1944 871 2020 in
892 1943 1047 2031 fe0d0‚²⁸
1067 1945 1171 2042 quod
1191 1944 1280 2021 inde
1299 1944 1435 2021 dotare
1455 1945 1577 2044 possit
1597 1969 1769 2021 uxorem.
1792 1946 1850 2023 Et
1871 1945 1924 2022 sic

333 2085 412 2138 non
432 2062 577 2161 poterit
596 2063 682 2161 quis
703 2063 750 2138 de
770 2062 852 2139 iure
874 2062 997 2139 alieno
1019 2064 1154 2139 dotare
1174 2087 1336 2139 uxorem
1357 2088 1466 2140 suam
1487 2087 1576 2162 cum
1597 2063 1740 2140 effectu
1762 2073 1925 2163 propter

333 2181 569 2258 evictionem.
589 2180 667 2257 Sed
682 2205 771 2257 cum
786 2181 846 2256 vir
862 2206 1023 2257 uxorem
1040 2180 1177 2258 suam²¹
1195 2180 1386 2258 dotaverit
1403 2181 1451 2257 de
1468 2189 1575 2257 certa
1591 2207 1644 2270 re,
1663 2191 1702 2259 et
1720 2181 1816 2259 alius
1834 2207 1923 2258 ean·

334 2298 422 2375 dem
441 2324 523 2376 rem
542 2299 708 2398 petierit,
729 2308 769 2375 et
788 2298 848 2374 vir
868 2308 957 2375 ante
976 2298 1159 2375 iudicium
1177 2297 1283 2374 illam
1303 2298 1365 2375 ei”
1386 2324 1457 2397 per
1477 2299 1720 2376 concordiam
1740 2325 1922 2398 recogno

333 2417 432 2493 verit
446 2425 486 2492 et
500 2416 722 2504 reddiderit,
738 2415 981 2493 nihilominus
997 2425 1087 2516 post
1102 2425 1266 2494 mortem
1282 2416 1353 2493 viri
1370 2418 1525 2515 integra
1540 2416 1641 2493 erit¹⁸
1658 2418 1806 2494 exactio
1822 2418 1923 2494 dotis

335 2537 365 2612 si
380 2562 480 2612 uxor
493 2537 622 2612 dotem
636 2535 807 2634 petierit:
824 2535 1033 2613 secundum
1048 2535 1235 2633 quosdam
1250 2536 1316 2634 qui
1331 2535 1437 2612 ducti
1452 2544 1543 2612 sunt
1557 2536 1628 2611 hac
1643 2538 1802 2624 ratione,
1820 2536 1923 2635 quod

333 2655 392 2730 vir
409 2661 539 2754 potest
555 2655 651 2730 adeo
667 2654 762 2730 bene
779 2653 975 2730 remittere
992 2654 1050 2730 ius
1069 2653 1271 2753 proprium
1290 2654 1387 2731 sicut
1405 2654 1584 2743 alienum,
1603 2655 1700 2731 etin
1718 2655 1788 2730 hoc
1806 2655 1923 2731 dubio

333 2774 463 2849 dotem
483 2770 669 2849 obtinebit
689 2771 730 2847 in
748 2796 989 2870 quacumque
1008 2772 1268 2869 recognitione
1288 2780 1328 2848 et
1348 2772 1562 2849 redditione
1583 2798 1654 2871 per
1675 2797 1820 2872 pacem.
1846 2773 1924 2850 Sed

333 2893 467 2968 dicunt
484 2891 547 2966 alii
565 2891 669 2989 quod
687 2890 783 2966 adeo
799 2890 895 2966 benc
913 2898 1042 2988 potest
1060 2914 1331 2987 recognoscere
1349 2891 1407 2966 ius
1427 2890 1594 2967 alienum
1612 2890 1710 2967 sicut
1728 2888 1813 2967 ius*
1834 2916 1922 2989 pro

333 3011 474 3109 prium,
487 3009 576 3086 licet
587 3008 769 3085 iudicium
781 3032 859 3084 non
874 3008 1132 3085 intervenerit.
1146 3008 1204 3084 Et
1218 3034 1294 3106 quo
1306 3033 1397 3084 casu
1410 3033 1497 3084 cum
1511 3034 1611 3085 uxor
1625 3010 1760 3104 dotem¹
1768 3009 1924 3108 petierit

334 3127 381 3204 de
398 3153 440 3204 re
457 3127 666 3225 recognita,
683 3136 722 3204 et
740 3125 982 3226 excipiatur²⁸
998 3135 1133 3202 contra
1150 3152 1235 3203 eam
1253 3128 1356 3225 quod
1374 3129 1504 3204 dotem
1520 3127 1660 3204 habere
1676 3153 1756 3203 non
1774 3124 1923 3215 debeat,

334 3273 379 3324 eo
394 3247 497 3345 quod
511 3246 570 3321 vir
584 3271 676 3322 suus
691 3245 752 3322 die
767 3271 844 3343 quo
859 3270 944 3321 eam
958 3245 1205 3343 desponsavit
1220 3269 1299 3321 non
1315 3245 1392 3322 fuit
1408 3246 1496 3322 inde
1511 3245 1660 3322 seisitus
1676 3246 1733 3321 ita
1747 3247 1787 3321 in
1803 3246 1922 3321 domi·

333 3365 430 3453 nico,
449 3373 488 3441 et
505 3365 561 3440 ita
576 3363 617 3439 in
635 3364 750 3440 feodo
768 3364 871 3461 quod
889 3387 974 3438 eam
990 3362 1080 3439 inde
1097 3363 1232 3439 dotare
1250 3372 1391 3462 posset,
1410 3364 1552 3462 etipsa
1570 3390 1591 3439 e
1609 3364 1802 3441 contrario
1821 3365 1924 3440 dicat

334 3483 438 3580 quod
460 3481 524 3570 sic,
547 3481 700 3558 videtur
722 3489 761 3557 et
781 3506 916 3557 verum
938 3490 1007 3568 est,
1030 3505 1117 3556 cum
1140 3506 1211 3579 per
1232 3482 1478 3579 negationem
1501 3481 1688 3558 efficiatur
1710 3509 1770 3559 res
1794 3483 1922 3570 dubia,

334 3602 437 3700 quod
457 3601 562 3677 locus
583 3600 633 3676 sit
652 3598 898 3697 inquisitioni,
919 3624 997 3675 non
1018 3598 1195 3675 obstante
1215 3600 1475 3697 recognitione
1496 3610 1535 3677 et
1556 3602 1770 3689 concordia,
1792 3625 1922 3678 secun-

335 3720 428 3795 dum
447 3719 550 3816 quod
568 3717 688 3794 videri
707 3717 852 3815 poterit
870 3742 942 3815 per
960 3716 1191 3815 exemplum.
1213 3718 1315 3794 Esto
1336 3719 1439 3816 quod
1459 3717 1622 3816 aliquis²'
1644 3719 1763 3795 alium
1784 3719 1922 3796 feoffa·

334 3841 433 3916 verit
454 3839 501 3915 de
522 3839 651 3936 aliqua
670 3847 787 3925 terra,
809 3846 848 3913 et
868 3845 1022 3914 mortuo
1044 3837 1209 3913 feoffato
1230 3838 1368 3914 herede
1389 3838 1495 3914 infra
1515 3847 1669 3915 aetatem
1691 3839 1835 3928 relicto,
1859 3840 1923 3915 de·

333 3956 463 4033 veniat
486 3956 660 4033 custodia
684 3965 796 4032 terrae
821 3965 860 4032 et
883 3955 1031 4032 heredis
1057 3955 1097 4031 in
1121 3981 1258 4032 manus
1284 3957 1427 4032 domini
1453 3957 1640 4056 capitalis,
1666 3959 1733 4056 qui
1758 3957 1924 4033 durante

334 4075 507 4153 custodia
532 4074 650 4150 alium
674 4074 896 4150 feoffaverit
921 4075 969 4150 de
995 4074 1128 4150 eadem
1152 4083 1269 4163 terra,
1295 4076 1361 4173 qui
1388 4075 1561 4152 ducendo
1587 4101 1748 4152 uxorem
1774 4077 1808 4151 ei
1835 4075 1924 4152 inde

333 4195 463 4270 dotem
481 4193 739 4270 constituerit:
759 4217 846 4268 cum
865 4199 995 4268 autem
1012 4193 1120 4268 heres
1140 4193 1189 4268 ad
1209 4201 1360 4268 [etatem
1380 4193 1609 4291 pervenerit,
1629 4193 1812 4292 impetret
1832 4192 1923 4270 assi·

334 4337 417 4390 sam
429 4336 537 4388 novae
550 4310 753 4388 disseisinae
765 4311 826 4386 vel
841 4311 974 4387 mortis
990 4309 1237 4388 antecessoris
1251 4310 1312 4386 vel
1325 4310 1440 4386 breve
1449 4311 1498 4387 de
1506 4309 1683 4408 ingressu
1691 4309 1751 4387 vel
1762 4311 1809 4386 de
1819 4321 1923 4388 recto

333 4457 465 4508 versus
481 4440 694 4508 tenentem:
712 4439 859 4519 tenens,
876 4430 955 4506 sive
971 4441 1190 4507 warantum
1207 4431 1399 4507 vocaverit
1416 4431 1494 4507 sive
1512 4456 1601 4519 non,
1621 4441 1711 4508 aute
1729 4431 1923 4519 iudicium,

334 4573 422 4624 cum
437 4550 486 4625 de
500 4549 582 4625 iure
597 4548 822 4636 constiterit,
836 4548 898 4624 vel
913 4548 1016 4624 forte
1032 4549 1103 4625 etsi
1118 4573 1197 4624 non
1211 4548 1437 4637 constiterit,
1454 4549 1513 4625 ius
1529 4548 1705 4648 petenti⁸⁰
1721 4573 1923 4647 recognos-

333 4669 385 4745 cit
402 4677 441 4745 et
458 4667 493 4744 ei
508 4667 635 4743 reddit
653 4665 829 4742 seisinam
845 4676 885 4743 et
902 4666 1067 4743 decedit:
1085 4692 1186 4743 uxor
1203 4666 1284 4743 eius
1302 4667 1402 4765 petit
1419 4667 1566 4743 dotem:
1586 4666 1748 4743 obicitur
1767 4668 1801 4745 ei
1819 4668 1922 4766 quod

333 4786 392 4862 vir
410 4811 488 4862 non
508 4784 585 4863 fuit
603 4785 660 4861 ita
677 4784 826 4861 seisitus
846 4783 1105 4874 indominica,
1126 4792 1165 4861 et
1183 4785 1238 4862 ita
1256 4785 1297 4860 in
1317 4786 1432 4861 feodo
1452 4786 1555 4883 quod
1575 4812 1660 4863 eam
1679 4787 1768 4864 inde
1788 4788 1923 4864 dotare

333 5003 359 5038 ²⁰
370 5008 480 5079 tenuit,
494 5004 563 5078 OB,
578 5004 654 5078 ΜΒ,
669 5001 736 5076 CE,
749 5003 790 5077 Y,
804 5002 882 5076 MG,
896 5003 969 5063 CM.
1006 5001 1032 5036 ²²
1044 5002 1136 5082 quod,
1151 5004 1220 5077 OB,
1236 5003 1312 5078 MA,
1328 5003 1404 5078 ΜΒ,
1420 5004 1498 5081 MG,
1513 5005 1553 5080 Y,
1569 5005 1642 5066 CM.
1681 5003 1747 5039 ²²⁴⁸
1758 5005 1838 5082 Om.,
1853 5006 1923 5081 OB,

334 5106 410 5180 MA,
426 5105 501 5165 ΜΒ.
539 5103 657 5179 ²⁴Om.,
674 5104 743 5179 OA,
760 5103 826 5177 LA,
842 5101 907 5164 OC.
947 5101 1338 5180 ¹⁸0m.,0A,MG,cM,
1358 5104 1414 5182 (-Ι-
1428 5105 1679 5184 Y);rem,MB.
1717 5105 1744 5141 ’θ
1756 5108 1836 5182 Om.,
1853 5108 1922 5182 OB,

334 5204 409 5280 MA,
426 5204 501 5265 ΜΒ.
539 5203 565 5237 ²²
578 5205 658 5277 Om.,
675 5203 714 5278 V,
730 5201 799 5276 OA,
816 5202 883 5279 OC,
900 5205 975 5264 ΜΒ.
1015 5203 1043 5237 ²⁸
1053 5207 1236 5282 excipiatur,
1254 5205 1293 5281 V,
1311 5206 1380 5279 OA,
1397 5206 1464 5280 LA,
1482 5207 1549 5281 OC,
1568 5209 1642 5284 MC,
1660 5209 1740 5282 cM;
1759 5213 1922 5287 excipitur,

334 5305 402 5380 OB,
417 5305 493 5380 MA,
506 5305 582 5379 ΜΒ,
596 5304 674 5379 MG,
687 5304 753 5380 ΟΕ,
768 5304 807 5365 Υ.
843 5301 869 5337 ²⁹
880 5307 959 5383 quis,
974 5304 1013 5381 V,
1026 5305 1096 5381 OA,
1110 5306 1177 5379 LA,
1192 5306 1258 5380 OC,
1275 5306 1347 5369 Mc,
1384 5305 1560 5385 ”petendi
1575 5310 1644 5385 OB,
1661 5311 1736 5384 MA,
1753 5312 1829 5387 ΜΒ,
1845 5311 1922 5385 MG,

333 5406 374 5480 Y,
391 5405 463 5466 cM.
