4394 6342
392 522 442 591 24
923 513 1146 576 annosos:
1168 512 1229 574 na
1253 511 1445 575 asoraus

393 665 701 764 significationes.
727 663 896 740 Ponitur
920 663 1021 740 enim
1045 665 1275 762 quandoque
1298 688 1372 762 pro
1396 663 1482 761 ipsa
1506 670 1601 750 arte,
1626 661 1688 738 vel
1712 688 1785 761 pro
1810 687 1855 738 eo
1879 663 1983 762 quod

392 785 579 884 seriptum
597 783 781 860 habemus
799 782 847 859 de
866 783 961 872 iure,
980 783 1083 882 quod
1101 783 1160 859 ius
1181 781 1320 859 dieitur
1339 808 1401 858 ars
1420 781 1510 857 boni
1529 791 1568 860 et
1588 781 1697 880 aequi,
1718 781 1825 858 ouius
1845 782 1983 858 merito

391 902 421 978 f.
436 904 480 996 3]
537 902 621 1001 quis
635 928 704 979 nos
719 902 934 980 sacerdotes
949 903 1134 1002 appellat.
1152 900 1348 978 Iustitiam
1364 927 1530 999 namque
1545 901 1704 978 colimus
1719 911 1758 978 et
1775 925 1883 978 saera
1897 902 1983 979 iura

390 1021 663 1100 ministramus.
695 1024 799 1099 Item
825 1022 886 1098 ius
915 1021 1145 1120 quandoque
1174 1020 1421 1121 supponiteu²
1451 1045 1525 1120 pro
1554 1021 1637 1097 iure
1666 1021 1847 1109 naturali,
1879 1021 1982 1121 quod

391 1166 542 1241 semper
561 1141 706 1218 bonum
725 1150 765 1218 et
783 1167 935 1239 aequum
955 1139 1038 1218 est.²
1059 1140 1305 1239 Quandoque
1326 1165 1398 1239 pro
1419 1140 1502 1218 iure
1522 1139 1623 1216 civili
1642 1139 1824 1217 tantum!
1846 1140 1981 1231 Quan-

390 1261 516 1359 doque
530 1285 603 1359 pro
618 1261 702 1337 iure
716 1260 897 1361 praetorio
911 1270 1077 1339 tantum.
1094 1259 1339 1359 Quandoque
1355 1285 1428 1359 pro
1444 1286 1489 1337 eo
1505 1268 1660 1337 tantum
1676 1260 1780 1358 quod
1796 1260 1981 1360 competit

390 1407 439 1458 ex
460 1381 661 1458 sententia.
685 1380 850 1458 Praetor*
871 1380 973 1457 enim
994 1380 1054 1457 ius
1077 1378 1216 1456 dieitur
1238 1378 1422 1467 reddere:
1447 1389 1486 1457 et
1507 1377 1610 1456 cum⁶
1632 1379 1761 1478 inique
1783 1378 1979 1468 decernit:

389 1501 574 1578 relatione
588 1500 695 1577 faeta
708 1526 787 1576 non
799 1500 902 1576 adid
915 1501 1018 1598 quod
1031 1507 1174 1599 praetor
1188 1499 1292 1588 feeit,
1306 1499 1373 1576 sed
1389 1499 1439 1576 ad
1452 1497 1564 1576 illud·
1577 1500 1681 1597 quod
1695 1507 1838 1598 praetor
1853 1499 1981 1577 facere

389 1619 532 1696 debuit.
548 1621 652 1696 Item
664 1617 864 1718 supponit⁹
876 1617 1135 1719 quandoque²⁰
1148 1619 1207 1694 ius
1220 1643 1293 1716 pro
1306 1619 1389 1694 loeo
1401 1617 1469 1693 in²²
1484 1617 1588 1717 quo²²
1601 1618 1778 1694 redditur
1789 1619 1860 1695 ius.
1878 1619 1979 1718 Sup-

388 1737 528 1837 ponit¹⁸
551 1737 668 1814 etiam
690 1737 949 1836 quandoque²‘
973 1763 1046 1837 pro
1070 1736 1387 1825 necessitudine,¹⁵
1412 1737 1510 1814 sieut
1535 1763 1608 1837 pro
1632 1739 1715 1815 iure
1740 1739 1980 1836 cognationis

388 1857 449 1933 vel
472 1857 680 1933 affinitatis.
706 1855 931 1956 Supponit²⁸
953 1857 1069 1934 etiam
1090 1857 1149 1934 ius
1173 1855 1430 1957 quandoque²⁷
1453 1882 1526 1956 pro
1549 1857 1710 1935 actione.
1735 1857 1980 1957 Quandoque

387 2004 461 2078 pro
474 1976 709 2077 obligatione
724 1977 905 2076 qualibet.
922 1975 1167 2075 Quandoque
1181 2002 1255 2076 pro
1269 1974 1493 2066 hereditate,
1509 1976 1607 2054 sicut
1622 1975 1724 2076 pro²⁸
1739 1977 1979 2077 proprietate

388 2097 454 2174 rei.
481 2097 726 2194 Quandoque
749 2121 823 2195 pro
846 2095 1036 2172 bonorum
1060 2095 1307 2194 possessione.
1335 2095 1580 2194 Quandoque
1605 2121 1679 2195 pro
1703 2105 1908 2195 potestate,
1933 2106 1979 2173 ut

387 2241 476 2292 cum
496 2216 636 2292 dicitur
654 2217 727 2293 iste
746 2225 804 2292 est
823 2215 884 2292 soi
902 2215 1006 2292 ioris.
1029 2214 1274 2314 Quandoque
1295 2239 1369 2313 pro
1389 2216 1516 2313 rigore
1535 2215 1641 2303 iuris,
1662 2224 1708 2293 ut
1729 2241 1817 2292 cum
1839 2215 1980 2292 dieitur

386 2335 624 2412 interisset
642 2335 874 2433 aequitatem.
897 2335 1000 2411 Item
1019 2335 1179 2433 ponitur
1198 2359 1271 2433 pro
1291 2333 1377 2432 ipsa
1398 2343 1492 2424 arte,
1512 2360 1592 2410 non
1611 2359 1684 2433 pro
1704 2335 1874 2433 quolibet
1895 2336 1978 2412 iure

388 2455 491 2551 quod
505 2452 700 2529 invenitur
713 2453 755 2529 in
769 2453 854 2552 ipsa
869 2460 970 2529 arte:
986 2477 1057 2529 nee
1072 2453 1173 2530 enim
1188 2452 1330 2529 omne¹⁹
1345 2453 1403 2530 ius
1419 2452 1634 2552 praeeipit,¹⁰
1649 2455 1767 2530 immo
1783 2455 1978 2553 quoddam

386 2572 589 2673 permittit.
605 2573 681 2648 Vel
695 2572 855 2672 ponitur
870 2596 943 2671 pro
958 2573 1061 2648 omni
1076 2571 1158 2648 iure
1175 2574 1278 2671 quod
1294 2572 1468 2671 praeoipit
1483 2571 1641 2650 honeste
1656 2574 1794 2662 vivere,
1812 2572 1977 2651 alterum

386 2717 465 2768 non
479 2693 627 2782 laedere,
642 2692 702 2769 ius
717 2716 831 2769 suum
844 2689 1007 2790 cuique²¹
1022 2691 1202 2769 tribuere.

485 2811 664 2889 Addida.

387 2929 553 3022 <Qum
570 2939 629 3006 est
649 2930 706 3006 ius
725 2929 974 3028 proprietatis
994 2930 1110 3007 etius
1128 2929 1387 3029 possessionis.
1409 2932 1513 3007 Item
1531 2930 1589 3007 ius
1610 2931 1858 3028 possessionis
1879 2932 1976 3009 sieut

384 3049 555 3138 feodum,
571 3047 637 3125 et²²
652 3050 754 3125 unde
770 3048 896 3125 locum
911 3046 1026 3124 habet
1043 3049 1161 3126 assisa
1175 3049 1309 3126 mortis
1327 3049 1586 3126 antecessoris.
1606 3052 1709 3127 Item
1724 3049 1812 3126 ius²⁸
1828 3076 1975 3150 posses·

385 3169 500 3245 sionis
524 3169 621 3245 sieut
643 3167 807 3244 liberum
829 3177 1103 3258 tenementum,
1128 3169 1158 3244 si
1183 3169 1268 3267 quis
1290 3170 1459 3246 tenuerit
1481 3176 1638 3246 tantum
1662 3169 1712 3246 ad
1736 3171 1858 3247 vitam
1883 3196 1975 3269 qua·

384 3313 547 3387 eumque
566 3288 725 3365 ratione.
748 3289 851 3365 Item
870 3288 929 3364 ius
949 3287 1199 3387 proprietatis
1220 3289 1323 3386 quod
1343 3289 1484 3365 dieitur
1504 3288 1562 3366 ius
1583 3315 1742 3366 merum
1766 3291 1824 3368 Et
1844 3289 1975 3366 unde²⁴

384 3409 530 3508 poterit
543 3408 627 3507 quis
643 3406 783 3484 habere
797 3415 1015 3505 utrumque.
1033 3407 1092 3484 Et
1108 3406 1226 3482 dividi
1242 3408 1386 3506 poterit
1403 3408 1633 3507 quandoque
1649 3409 1708 3486 ius
1725 3410 1975 3508 proprietatis

385 3553 409 3604 a
429 3527 512 3603 iure
534 3526 792 3624 possessionis.
818 3524 923 3614 Quia
944 3525 1162 3624 proprietas
1186 3525 1317 3603 statim
1340 3538 1429 3626 post
1452 3537 1616 3604 mortem
1640 3529 1887 3605 antecessoris
1911 3529 1974 3605 de·

383 3646 530 3722 scendit
546 3645 676 3721 heredi
694 3644 972 3743 propinquiori,
990 3644 1156 3721 minori²⁶
1175 3655 1214 3722 et
1232 3645 1378 3734 maiori,
1396 3647 1566 3723 masculo
1584 3657 1624 3724 et
1643 3647 1807 3736 feminae,
1826 3647 1974 3724 furioso

384 3775 422 3841 et
441 3763 562 3840 stulto
579 3763 677 3842 sieut
695 3763 848 3851 fatuo,²⁶
867 3763 1011 3840 surdo²'
1030 3772 1069 3841 et
1087 3763 1237 3851 muto,²⁸
1255 3766 1435 3864 praesenti
1453 3763 1520 3843 et²⁹
1541 3765 1700 3856 absenti,
1720 3777 1759 3844 et
1778 3767 1975 3865 ignoranti

383 3883 481 3962 sieut
499 3883 643 3961 scienti.
665 3883 743 3960 Sed
761 3893 893 3960 tamen
911 3909 990 3959 non
1008 3883 1139 3961 statim
1160 3883 1377 3983 adquiritur
1396 3885 1537 3962 talibus
1557 3887 1756 3984 possessio,
1776 3887 1864 3964 licet
1885 3912 1972 3986 pos-

384 4001 499 4078 sessio
522 4003 642 4079 etius
665 4001 912 4102 possessionis
937 4027 1088 4102 semper
1111 4004 1218 4102 sequi
1242 4003 1408 4080 debeat⁸⁰
1432 4006 1721 4102 proprietatem.
1749 4007 1819 4081 Ius
1844 4015 1974 4083 autem

382 4122 629 4221 possessionis
646 4122 872 4199 descendere
886 4123 1030 4222 poterit
1046 4148 1116 4220 per
1131 4149 1171 4199 se
1188 4125 1237 4200 ad
1253 4123 1346 4200 alias
1363 4149 1547 4222 personas
1563 4134 1601 4202 et
1618 4150 1689 4222 per
1704 4126 1798 4202 alios
1814 4127 1972 4225 gradus,

383 4248 427 4317 ut
443 4241 473 4317 si
489 4266 577 4317 cum
593 4239 678 4318 ius⁸²
695 4241 944 4340 proprietatis
960 4240 1168 4319 descendat
1184 4243 1234 4319 ad
1251 4243 1505 4320 antenatum⁸²
1521 4244 1849 4343 propinquiorem,
1866 4253 1972 4344 post·

466 4417 627 4496 ²ponitur,
650 4418 717 4494 00,
739 4418 813 4494 OD,
835 4417 903 4493 OF,
925 4420 1001 4492 MA,
1025 4418 1102 4492 MG,
1126 4420 1163 4494 P,
1186 4420 1261 4497 CM,
1283 4419 1322 4479 V.
1367 4418 1505 4481 ²iustum
1527 4428 1560 4481 et
1583 4440 1701 4498 equum
1723 4429 1771 4482 est
1794 4431 1827 4483 et
1849 4421 1971 4497 bonum,

383 4518 458 4580 MA.
501 4517 606 4592 ⁸0m,
628 4519 697 4593 OB,
719 4520 795 4594 ΜΒ,
818 4520 896 4595 MG,
918 4520 990 4581 CM.
1034 4519 1247 4598 ‘pr-arborium,
1269 4521 1338 4594 OB,
1361 4522 1438 4596 MA,
1461 4523 1537 4598 MB,
1560 4521 1627 4598 CB,
1650 4523 1691 4597 Y,
1714 4524 1782 4598 OA,
1806 4523 1873 4597 OC,
1897 4525 1970 4585 Mc,

382 4619 520 4680 “iustum
535 4620 648 4681 dieitur
664 4619 793 4681 reddere
809 4619 964 4696 Iudicium,
982 4622 1018 4696 P,
1036 4623 1101 4682 MA
1121 4620 1248 4699 (corn).
1285 4619 1424 4695 ⁴³tamen,
1441 4622 1509 4696 OC,
1526 4622 1599 4699 OD,
1616 4624 1654 4684 Y.
1693 4622 1877 4698 'discernit
1895 4625 1971 4701 MA,

382 4720 428 4794 Y;
446 4720 599 4796 dederim,
618 4720 687 4798 OB,
706 4721 783 4797 ΜΒ,
802 4723 865 4783 MC
889 4721 938 4798 (iu
958 4721 1067 4800 ersa).
1109 4720 1176 4796 ⁸id,
1196 4723 1272 4798 MA,
1292 4723 1370 4798 MG,
1390 4725 1465 4800 CM,
1485 4725 1520 4784 P.
1562 4721 1783 4802 ⁹supponitur,
1804 4726 1873 4801 OB,
1894 4726 1971 4800 ΜΒ,

383 4822 458 4898 MC,
485 4822 552 4899 CE,
579 4822 620 4896 Y,
647 4822 721 4882 HA.
770 4821 889 4898 ιοΟΜ,
916 4822 985 4898 OB,
1013 4823 1088 4883 ΜΒ.
1138 4821 1279 4899 ¹²·²²ubi,
1308 4824 1377 4899 OB,
1405 4825 1480 4886 ΜΒ.
1531 4823 1558 4859 ²⁸
1569 4830 1766 4903 supponitur,
1795 4826 1863 4901 OB,
1894 4828 1969 4888 ΜΒ.

381 4922 500 4999 “Om.,
521 4923 590 4999 OB,
612 4925 688 4998 ΜΒ,
709 4923 785 4999 MA,
806 4924 845 4984 Y.
889 4921 1251 5000 ²⁵ineertitud1ne‚OB;
1273 4925 1496 5002 vicissitudine,
1518 4926 1594 5004 MA,
1617 4927 1690 4987 CM.
1734 4924 1762 4961 ¹⁶
1773 4933 1970 5007 supponitur,

382 5025 451 5100 OB,
475 5025 552 5099 ΜΒ,
577 5025 655 5100 MG,
679 5025 717 5086 V.
764 5021 882 5100 1'Om.,
906 5024 976 5099 OB,
1001 5025 1076 5087 ΜΒ.
1123 5021 1241 5100 ²⁸Om.,
1266 5025 1340 5102 OD,
1366 5027 1431 5088 OC.
1477 5025 1597 5103 ²⁹Om.,
1623 5030 1699 5105 MA,
1726 5028 1802 5090 MG.
1850 5028 1970 5108 ²⁰quod

380 5129 532 5205 precipit,
546 5126 622 5201 MA,
636 5126 711 5188 MB.
736 5124 762 5159 ²²
774 5130 946 5203 unicuique,
960 5126 1027 5200 OC,
1040 5127 1113 5202 OD,
1127 5128 1208 5200 MA3
1222 5131 1282 5202 eui,
1295 5127 1363 5189 OB.
1389 5125 1416 5160 ²²
1427 5127 1508 5202 Om.,
1522 5129 1562 5204 V,
1577 5129 1644 5203 OC,
1659 5129 1737 5204 MG,
1751 5131 1825 5191 CM.
1852 5129 1878 5165 ²⁸
1891 5131 1970 5207 Om.,

381 5227 546 5301 MG,CM.
584 5225 611 5260 ²⁴
621 5225 710 5302 bene,
725 5226 819 5288 MSS.
835 5246 899 5286 var.
937 5225 1055 5303 ²⁵Om.,
1071 5228 1148 5304 MG,
1166 5229 1239 5290 cM.
1277 5227 1303 5262 ²⁶
1315 5228 1434 5290 furioso
1450 5227 1546 5291 stulto
1561 5237 1594 5290 et
1611 5229 1710 5305 fatuo,
1726 5232 1793 5307 OC,
1811 5233 1885 5309 CM,
1903 5234 1970 5295 MG

383 5327 532 5406 (statue).
572 5325 730 5402 ΜΟιῑι,
748 5325 815 5403 00,
834 5327 912 5403 MG,
930 5327 1003 5388 CM.
1042 5324 1226 5406 ”prasenti
1244 5329 1376 5405 absentI,
1394 5331 1462 5407 00,
1481 5331 1559 5406 MG,
1578 5334 1651 5394 CM.
1692 5332 1718 5367 ³⁰
1730 5333 1872 5410 debeant,
1893 5336 1970 5412 MG,

380 5427 455 5489 cM.
495 5426 521 5461 ⁸¹
533 5435 568 5488 ut
586 5431 665 5489 sieut
683 5432 742 5502 ius,
761 5428 855 5489 MSS.
875 5448 939 5488 var.
981 5427 1007 5462 ⁸²
1019 5436 1176 5509 agnatum,
1196 5431 1235 5505 V,
1255 5433 1338 5505 MG;
1358 5438 1534 5511 cognatum,
1554 5434 1634 5508 CM;
1655 5443 1833 5513 annuatum,
1854 5438 1928 5498 Mc,
