4374 6366
780 539 840 597 na
864 539 1068 601 ruamus
1091 539 1279 602 conorua
1442 510 1447 518 ’
1754 554 1827 622 423

238 686 401 785 queudo.
425 685 468 761 Si
489 684 646 762 autem⁴⁸
667 685 783 762 cum⁴⁴
800 688 1003 787 appellum
1023 691 1139 766 semel
1161 691 1307 767 fuerit⁴⁶
1329 694 1370 768 in
1390 694 1575 769 comitatu
1596 705 1635 772 et
1658 697 1828 795 positum

238 828 367 880 coram
386 829 477 902 rege
497 803 557 880 vel
575 805 787 882 iustitiariis
807 807 854 882 de
874 806 998 883 verbis
1019 808 1162 907 appelli
1183 811 1377 887 contentio
1398 811 1596 902 habeatur,
1616 823 1710 890 tunc
1730 841 1826 914 prae-

237 921 404 1019 cipiatur
425 921 527 1019 quod
549 923 619 998 fiat
640 923 841 999 recordum
862 924 902 998 in
924 925 1109 1001 comitatu
1131 927 1180 1002 de
1201 927 1325 1004 verbis
1348 929 1493 1028 appelli
1514 956 1586 1029 per
1607 932 1679 1008 hoc
1701 933 1826 1011 breve.

337 1044 467 1121 Breve
483 1045 694 1122 vicecomiti
709 1046 757 1123 dc
773 1046 951 1140 tocicodo
970 1050 1169 1127 recordum
1187 1051 1227 1126 io
1245 1052 1430 1129 concitato
1448 1078 1577 1130 coram
1595 1057 1826 1137 custodibus.

238 1167 334 1243 Rnx
351 1166 561 1244 vicecomiti
579 1169 753 1246 salutem.
773 1170 1023 1270 Praecipimus
1042 1172 1111 1248 tibi
1132 1175 1233 1272 quod
1252 1200 1381 1252 coram
1399 1187 1439 1253 te
1457 1187 1497 1254 et
1515 1203 1644 1256 coram
1662 1183 1828 1259 custodi-

237 1285 309 1361 bus
330 1284 560 1385 placitorum
580 1311 728 1363 coronae
748 1297 888 1365 nostrae
908 1289 948 1364 in
969 1290 1084 1388 pleno
1106 1292 1290 1369 comitatu
1311 1303 1381 1370 tuo
1403 1298 1594 1373 recordari
1617 1299 1736 1375 facias
1760 1326 1827 1399 ap·

239 1404 353 1503 pella,
376 1407 479 1481 unde
502 1407 555 1482 A.
579 1405 754 1505 appellat
776 1408 824 1483 B.
849 1408 897 1484 de
920 1433 1016 1507 pace
1038 1417 1173 1486 nostra
1194 1411 1374 1502 infracta,
1399 1413 1562 1511 qualiter
1586 1424 1625 1492 et
1650 1442 1721 1515 per
1745 1443 1828 1516 quae

238 1523 355 1599 verba
372 1524 472 1600 idem
490 1525 542 1600 A.
563 1524 655 1601 lecit
673 1525 856 1624 appella⁴⁶
875 1525 983 1615 sua,⁴⁷
1002 1537 1041 1605 et
1060 1537 1192 1604 utrum
1210 1529 1366 1628 appella
1385 1558 1454 1608 sua
1473 1532 1565 1610 lecit
1583 1533 1624 1610 in
1641 1535 1827 1612 comitatu

237 1639 299 1716 vel
311 1639 382 1715 in⁴⁸
394 1641 605 1718 hundredo.
620 1642 678 1720 Et
692 1644 893 1720 recordum
908 1644 1004 1721 illud
1018 1644 1157 1724 habeas
1172 1672 1301 1725 coram
1315 1649 1423 1726 nobis
1439 1651 1500 1726 vel
1515 1651 1726 1729 iustitiariis
1741 1679 1827 1730 nos·

237 1760 308 1837 tris
325 1761 431 1859 apud
447 1761 838 1839 Westmonasterimn
853 1763 923 1840 tali
941 1763 1013 1853 die,
1031 1764 1102 1840 sub
1119 1765 1244 1863 sigillo
1260 1776 1330 1844 tuo
1348 1778 1386 1844 et
1405 1769 1538 1866 sigillis
1557 1771 1828 1869 praedictorum

238 1878 442 1954 custodum
464 1879 694 1977 placitorum
716 1905 865 1957 coronae
886 1889 1037 1970 nostrae,
1060 1892 1099 1960 et
1123 1909 1193 1982 per
1214 1884 1311 1962 duos
1335 1911 1383 1960 ex
1407 1886 1479 1962 illis
1503 1888 1568 1986 qui
1591 1891 1749 1965 recordo
1772 1889 1827 1965 illi

237 1995 527 2073 interfuerint.⁴⁹
540 1997 598 2075 Et
611 1996 751 2076 habeas
765 1997 816 2074 ibi
829 1999 900 2074 hoc
913 2000 1037 2076 breve.
1054 2002 1173 2078 Teste
1186 2011 1362 2080 etcetera.
1380 2004 1483 2080 Item
1498 2004 1603 2081 aliud
1619 2006 1666 2082 de
1682 2008 1826 2096 eodem,

238 2114 269 2191 si
286 2115 491 2192 vicecomes
509 2116 645 2192 debeat
660 2116 800 2193 habere
818 2119 1029 2206 recordum,
1047 2129 1085 2195 et
1104 2119 1163 2194 si⁵⁰
1180 2120 1317 2198 debeat
1335 2122 1463 2198 lacere
1481 2122 1610 2199 venire
1627 2125 1827 2202 duodecim

237 2243 276 2311 et
290 2243 457 2331 quatuor
469 2234 620 2311 villatas
635 2235 684 2310 ad
697 2235 986 2312 certificandum
1001 2237 1212 2315 iustitiariis
1227 2239 1274 2315 de
1288 2249 1412 2316 morte
1427 2240 1596 2317 alicuius.

337 2357 463 2435 Aliud
476 2357 589 2437 breve
602 2360 650 2436 dc
666 2359 797 2436 codem
813 2359 1033 2437 vicecomiti.

237 2479 267 2556 f.
284 2483 376 2576 150]
431 2484 528 2558 thx
543 2482 754 2558 vicecomiti
783 2484 957 2560 salutem.
989 2469 1243 2583 Praecipimus'
1268 2486 1338 2564 tibi
1368 2486 1470 2585 quod
1500 2487 1604 2564 omni
1634 2489 1828 2565 occasione

238 2601 454 2700 postposita
475 2602 525 2678 sis
547 2625 676 2678 coram
698 2601 910 2679 iustitiariis
932 2603 1073 2680 nostris
1096 2605 1201 2703 apud
1223 2605 1615 2682 westmonasterium
1638 2607 1688 2682 ad
1710 2605 1828 2683 talem

237 2720 456 2808 terminum,
473 2729 512 2796 et
527 2720 579 2795 ibi
594 2719 733 2797 habeas
750 2721 952 2797 recordum
968 2721 1015 2798 de
1032 2722 1187 2821 appello
1204 2723 1306 2820 quod
1324 2724 1474 2800 factum
1491 2724 1568 2800 fuit
1585 2725 1627 2799 in
1642 2726 1828 2801 comitatu

236 2848 306 2915 tuo
320 2839 420 2915 inter
433 2839 486 2914 A.
502 2839 764 2937 appellantem
778 2849 816 2917 et
830 2840 879 2915 B.
895 2839 1136 2938 appellatum
1152 2842 1198 2916 de
1212 2849 1336 2917 morte
1352 2842 1397 2917 C.
1414 2841 1547 2918 fratris
1563 2842 1683 2940 ipsius
1699 2843 1752 2918 A.
1768 2843 1826 2920 Et

238 2980 366 3031 eoram
387 2956 528 3033 eisdem
549 2955 761 3032 iustitiariis
783 2957 911 3034 venire
934 2957 1054 3034 iacias
1077 2958 1127 3033 ad
1150 2958 1376 3057 pradictum
1397 2959 1605 3036 terminum
1628 2961 1828 3038 duodecim

237 3073 375 3150 liberos
390 3084 429 3152 et
441 3074 584 3171 legales
598 3074 768 3152 homines
784 3077 831 3151 de
846 3076 1023 3174 proximo
1037 3076 1197 3165 visneto,
1213 3102 1284 3175 per
1298 3103 1393 3175 quos
1409 3087 1586 3154 etcetera.
1603 3078 1661 3155 Et
1678 3079 1743 3177 qui
1758 3103 1828 3154 nec

238 3193 440 3290 praedictos
466 3194 519 3269 A.
546 3203 585 3269 et
610 3194 659 3268 B.
687 3193 815 3291 aliqua
841 3192 1027 3271 affinitate
1053 3195 1261 3293 attingant.
1289 3195 1346 3273 Et
1374 3205 1561 3294 praeterea
1585 3196 1635 3271 de
1660 3205 1827 3294 quatuor

239 3311 424 3410 proximis
440 3311 593 3400 villatis,
610 3312 658 3387 de
674 3312 843 3410 qualibet
859 3312 993 3389 villata
1011 3337 1078 3389 sex
1095 3313 1237 3411 legales
1254 3312 1424 3390 homines
1442 3323 1481 3390 et
1498 3315 1759 3414 praepositum,
1778 3315 1828 3391 ad

238 3429 527 3506 certificandum
554 3430 738 3529 praelatos
765 3429 987 3507 iustitiarios
1014 3440 1165 3508 nostros
1192 3432 1242 3507 de
1266 3439 1390 3508 morte
1418 3432 1494 3508 illa.
1523 3432 1581 3509 Et
1608 3432 1748 3509 habeas
1776 3433 1827 3508 ibi

237 3547 394 3624 nomina
409 3549 679 3647 predictorum
697 3549 897 3625 duodecim
912 3559 951 3625 et
967 3549 1038 3624 hoc
1054 3549 1179 3625 breve.
1197 3551 1316 3627 Teste
1333 3557 1510 3661 etcetera.

337 3672 481 3770 Siqua
492 3671 629 3766 feccrit
641 3670 826 3766 telonium
839 3673 887 3749 de
900 3697 941 3749 ae
955 3673 1050 3771 ipro.

238 3797 391 3872 EonnM
416 3794 545 3873 modo¹
571 3822 647 3894 quo
671 3795 770 3894 quis²
795 3795 979 3872 feloniam
1005 3797 1131 3873 facere
1157 3797 1301 3895 poterit
1327 3796 1590 3873 interficiendo
1617 3797 1747 3886 alium,
1773 3799 1830 3874 ita

238 3915 422 3991 feloniam
440 3916 567 3991 lacere
586 3915 729 4013 poterit
749 3913 1012 3990 interficiendo
1030 3940 1070 3990 se
1088 3916 1228 4013 ipsmn,
1248 3940 1332 4013 quae
1351 3915 1505 4013 quidem
1526 3915 1670 3990 felonia
1688 3916 1829 3991 dicitur

238 4034 322 4110 fieri
337 4035 386 4110 de
402 4061 442 4110 se
457 4033 552 4132 ipso.
571 4033 772 4109 Feloniam
789 4033 943 4131 quidem
960 4033 1055 4109 lacit
1072 4034 1120 4109 de
1138 4033 1290 4132 seipsa,
1307 4043 1352 4109 ut
1369 4033 1400 4109 si
1417 4035 1501 4131 quis
1518 4059 1605 4110 reus
1623 4033 1743 4110 luerit
1760 4033 1826 4109 ali·

238 4154 345 4229 cuius
369 4153 536 4229 criminis
560 4152 615 4229 ita
639 4153 742 4250 quod
766 4161 903 4250 captus
928 4153 1048 4227 fuerit
1074 4177 1145 4250 pro
1170 4158 1294 4226 morte
1318 4150 1480 4227 hominis
1506 4151 1567 4226 vel
1592 4150 1693 4227 cum'
1719 4152 1827 4227 furto

237 4272 456 4360 manifesto,
476 4272 537 4347 vel
556 4296 644 4346 cum
663 4271 863 4368 utlagatus
884 4269 1014 4359 fuerit,
1035 4270 1096 4345 vel
1115 4269 1156 4344 in
1177 4269 1303 4367 aliquo
1324 4269 1462 4346 scelere
1483 4279 1521 4346 et
1541 4268 1742 4345 maleficio*
1763 4270 1827 4345 de·

239 4392 460 4492 prehensus
483 4402 521 4468 et
542 4399 649 4468 metu
671 4391 837 4466 criminis
860 4391 1091 4467 imminentis
1113 4399 1278 4466 mortem
1300 4389 1369 4465 sibi
1392 4389 1627 4478 consciverit,
1650 4389 1827 4467 heredem

237 4536 316 4587 non
329 4509 493 4587 habebit.
508 4509 626 4600 Quia⁵
640 4511 693 4586 sic
706 4509 944 4585 convincitur
957 4508 1102 4584 felonia
1115 4508 1222 4607 prius
1238 4509 1355 4597 facta,
1371 4509 1468 4585 sicut
1483 4509 1636 4584 lurtum
1649 4507 1827 4584 velmors

238 4631 399 4708 hominis
424 4632 486 4708 vel
507 4628 751 4707 huiusmodi?
777 4628 855 4706 Sed
881 4631 945 4728 qui
970 4627 1137 4705 criminis
1161 4629 1216 4704 rei
1242 4628 1428 4727 postulati
1452 4653 1532 4703 non
1557 4627 1661 4705 sunt⁷
1687 4629 1749 4704 vel
1773 4627 1828 4704 in⁸

237 4749 393 4827 crimine
405 4749 629 4848 deprehensi
642 4747 793 4825 mauus⁹
808 4748 876 4824 sibi
889 4747 1101 4836 intulerint,
1116 4747 1217 4822 bona
1230 4771 1362 4822 eorum
1376 4747 1467 4822 fisco
1481 4771 1559 4822 non
1572 4745 1825 4833 vindicentur,

237 4966 304 5002 ⁴⁴⁴⁴⁴
316 4966 395 5043 Om,
415 4967 483 5041 ΟΕ,
505 4966 584 5039 ΜΟ;
606 4971 667 5026 iam
687 4986 766 5040 cum,
787 4965 863 5025 MG.
906 4962 1024 5040 ⁴⁴0m.‚
1046 4964 1115 5038 OB,
1137 4964 1213 5038 MA,
1235 4964 1310 5038 MB,
1333 4964 1405 5024 cM.
1450 4961 1476 4996 ⁴⁶
1489 4963 1606 5024 factum
1628 4962 1735 5039 fuerit,
1757 4962 1826 5038 OB,

238 5069 315 5145 MA,
337 5070 412 5144 ΜΒ,
434 5069 501 5144 ΟΕ,
522 5068 596 5143 ΟΜ,
617 5067 680 5128 ΜΟ
707 5065 845 5145 (simul).
888 5062 1040 5145 ⁴⁶⁴⁷app.
1063 5086 1160 5139 suum,
1182 5064 1260 5138 MG,
1282 5065 1347 5126 ΟΟ.
1391 5064 1510 5140 ⁴⁸Om.,
1532 5065 1572 5140 V,
1595 5065 1661 5138 LA,
1684 5063 1725 5139 Y,
1749 5064 1826 5138 MO,

237 5173 304 5247 ΟΟ,
321 5173 396 5246 MA,
412 5172 488 5243 MB,
504 5170 571 5243 ΟΕ,
587 5170 661 5242 ΟΜ,
677 5169 750 5229 ΜΟ.
788 5165 815 5200 ⁴⁹
826 5166 1047 5239 interfuerunt,
1063 5166 1156 5228 MSS.
1174 5186 1238 5226 var.
1278 5164 1305 5199 ⁶⁰
1316 5166 1397 5242 Om,
1412 5166 1452 5241 V,
1468 5165 1537 5241 OB,
1554 5166 1629 5227 MA.

320 5269 359 5306 ¹¹²
369 5271 459 5332 modo
482 5271 542 5350 (si)
565 5273 645 5348 quia,
663 5269 732 5344 OB,
751 5268 827 5342 MA,
846 5268 921 5329 MB.
962 5265 1064 5342 ⁸cnm,
1083 5267 1122 5341 V,
1140 5267 1209 5343 OA,
1230 5267 1307 5343 MG,
1327 5268 1367 5341 Y,
1386 5267 1460 5342 CM,
1479 5268 1546 5343 OC,
1565 5266 1634 5343 OB,
1656 5268 1731 5343 MA,
1751 5269 1826 5344 MC,

237 5374 392 5453 CE;pro‚
406 5374 472 5448 LA,
486 5373 561 5433 MB.
596 5370 797 5444 ‘malefacta
811 5370 878 5445 LA,
891 5369 932 5443 Y,
946 5369 1019 5431 MC.
1055 5367 1416 5446 ⁶¹⁸Om,LA,Y(†-).
1452 5367 1557 5445 'Om.,
1572 5368 1642 5444 OB,
1657 5371 1733 5447 MA,
1750 5369 1826 5447 MB,

237 5475 305 5551 ΟΕ,
324 5475 403 5548 ΟΜ;
422 5474 494 5549 fuit,
512 5473 586 5536 MC.
626 5470 731 5549 ⁸0m,
750 5472 819 5548 OB,
839 5471 914 5546 MA,
933 5472 1009 5545 ΜΒ,
1029 5471 1096 5544 CE,
1115 5471 1188 5533 CM.
1230 5467 1362 5548 'meina
1381 5470 1450 5546 OB,
1471 5471 1547 5548 MA,
1567 5473 1644 5548 MB,
1665 5470 1731 5546 CB,
1752 5471 1824 5533 CM.
