4394 6342
365 497 414 567 82
895 489 1118 553 BRACTON:
1140 489 1201 552 DE
1226 489 1418 552 LEGIBUS

463 641 529 719 De
545 639 870 740 bernaupbrodito.

364 759 759 838 Harmarnuonmus
776 768 1026 858 comparatur
1042 759 1213 837 masculo
1229 766 1385 836 tantum
1401 757 1462 835 vel
1481 758 1633 835 femine
1650 766 1807 834 tantum
1824 782 1955 836 secun·

365 880 459 958 dum
474 878 825 980 praevalescentiam
842 903 956 957 sexus
971 878 1244 956 incalescentis.

463 999 529 1077 De
545 997 852 1077 oiouuruiau'ooe.

365 1117 478 1194 Iram
502 1116 669 1215 qualiter
692 1117 791 1195 servi
815 1117 1030 1195 efficiantur
1052 1116 1162 1194 liberi
1187 1142 1258 1217 per
1282 1115 1631 1206 manumissionem,
1656 1125 1696 1194 et
1722 1115 1807 1216 quis
1833 1117 1956 1216 possit

364 1238 636 1316 manumittere
663 1247 702 1316 et
730 1237 814 1337 quis
842 1262 933 1327 non,
962 1237 1111 1313 dicetur
1137 1235 1290 1337 plenius
1317 1236 1424 1312 infra
1452 1236 1500 1314 de
1528 1235 1740 1314 actionibus
1767 1244 1809 1312 et
1836 1237 1954 1314 servis

365 1354 552 1454 fugitivis.

465 1473 584 1568 Quod
596 1473 705 1552 usello
717 1476 888 1576 acceptio
900 1497 1155 1576 peremturum
1169 1475 1277 1575 opsad
1290 1476 1405 1552 deum
1420 1483 1491 1564 eat,
1505 1484 1636 1553 tarraco
1651 1474 1759 1575 apud
1772 1473 1955 1562 bouum,

464 1594 556 1693 quia
569 1593 726 1694 quidum
739 1594 1012 1695 principantur
1024 1595 1067 1672 iu
1081 1594 1194 1672 terris
1207 1595 1251 1673 iu
1264 1592 1379 1671 rebus
1393 1591 1671 1693 spiritualibus,
1686 1603 1726 1672 et
1741 1593 1898 1693 qaudam
1913 1594 1955 1672 iu

464 1711 751 1812 temporalibus.

361 1830 392 1908 i.
407 1829 476 1926 bb]
534 1831 786 1907 Lmauoaum
797 1841 927 1908 autem
935 1831 1133 1909 hominum
1141 1855 1470 1931 quorumcumque
1482 1829 1591 1908 nulla
1600 1838 1660 1908 est
1668 1831 1839 1930 acceptio
1848 1834 1955 1932 apud

362 1951 478 2028 deum
496 1976 567 2029 nec
585 1952 702 2028 etiam
721 1975 931 2041 servorum,
952 1950 1043 2052 quia
1061 1977 1141 2028 non
1159 1950 1245 2030 est⁸²
1265 1976 1518 2052 personarum
1538 1959 1718 2050 suceptor
1736 1953 1843 2040 deus,
1864 1951 1955 2051 quia

362 2078 552 2169 quantum
567 2072 618 2146 ad
632 2072 747 2148 deum
761 2072 827 2171 qui
840 2069 963 2148 maior
977 2080 1036 2148 est
1049 2069 1148 2148 flat⁸¹
1162 2080 1362 2170 tamquam
1375 2070 1512 2160 minor,
1528 2079 1568 2148 et
1582 2071 1648 2169 qui
1662 2093 1869 2170 precessor
1884 2070 1955 2148 fiat

362 2200 561 2291 tamquam
575 2189 825 2268 ministrator.
841 2191 967 2290 Apud
980 2189 1151 2267 homines
1166 2215 1257 2266 vero
1273 2200 1331 2267 est
1345 2189 1568 2267 differentia
1583 2214 1848 2290 personarum,
1864 2189 1955 2288 quia

362 2308 561 2385 hominum
580 2307 737 2407 quidam
756 2317 847 2386 sunt
865 2305 1125 2406 precellentes
1144 2317 1183 2384 et
1202 2307 1343 2407 prelati
1362 2318 1401 2385 et
1422 2307 1505 2385 aliis
1524 2308 1812 2407 principantmr
1833 2308 1953 2385 domi·

363 2425 465 2502 nus⁸⁸
481 2426 614 2526 papa⁸⁴
629 2427 670 2504 in
685 2427 799 2504 rebus
816 2426 1079 2527 spiritualibus
1095 2452 1180 2525 quoe
1196 2424 1393 2527 pertinent
1410 2428 1461 2504 ad
1477 2427 1744 2516 sacerdotium,
1763 2437 1802 2506 et
1820 2428 1892 2504 sub
1909 2453 1955 2505 eo

363 2544 650 2646 archiepiscopi,
676 2545 858 2645 episcopi,
884 2555 924 2624 et
951 2545 1014 2622 alii
1042 2545 1183 2645 prelati
1209 2544 1422 2623 inferiores.
1450 2546 1556 2624 Item
1581 2545 1622 2622 in
1648 2544 1954 2646 temporalibus⁸⁸

362 2667 627 2766 imperatores,
643 2690 765 2764 reges,
782 2674 822 2743 et
838 2664 1032 2764 principes
1047 2665 1088 2742 in
1104 2664 1162 2742 his
1179 2689 1263 2765 quae
1279 2664 1476 2764 pertinent
1494 2666 1544 2743 ad
1559 2691 1736 2764 regnum,
1754 2676 1793 2745 et
1811 2667 1883 2744 sub
1900 2667 1953 2744 eis

362 2785 490 2875 duces,
515 2785 672 2862 comites
697 2793 736 2861 et
760 2785 934 2874 barones,
959 2794 1161 2884 magnates
1187 2784 1265 2862 sive
1289 2811 1505 2874 vavasores,
1530 2793 1571 2860 et
1595 2783 1747 2874 milites,
1771 2794 1813 2862 et
1837 2785 1955 2864 etiam

362 2904 471 2980 liberi
485 2914 525 2983 et
538 2905 682 2993 villani,
697 2914 736 2983 et
750 2904 908 2981 diversae
923 2911 1136 3003 potestates
1152 2904 1223 2981 sub
1238 2929 1330 3002 rege
1345 2903 1574 2981 constitutae.
1592 2904 1762 2982 Comites
1778 2903 1954 2982 videlicet

363 3022 457 3123 qui⁸⁶
473 3050 498 3101 a
512 3023 698 3101 comitatu
714 3022 793 3101 sive
809 3049 833 3100 a
849 3023 1029 3101 societate
1046 3048 1186 3100 nomen
1203 3032 1462 3122 sumpserunt,
1480 3024 1546 3121 qui
1565 3023 1682 3100 etiam
1699 3024 1773 3100 dici
1791 3033 1954 3123 possunt

363 3143 536 3220 consules
554 3169 579 3218 a
593 3142 839 3220 consulendo.
857 3143 987 3241 Reges
1004 3141 1105 3219 enim
1121 3141 1218 3220 tales
1236 3142 1307 3220 sibi
1324 3142 1514 3220 associant
1532 3143 1582 3220 ad
1599 3143 1812 3241 regendum
1830 3168 1954 3242 popu·

362 3263 445 3341 lum
458 3263 531 3352 dei,
546 3263 768 3340 ordinantes
783 3287 847 3338 eos
860 3285 1005 3360 magno
1018 3261 1162 3338 honore
1176 3260 1244 3337 et⁸²
1260 3268 1453 3360 potestate
1469 3271 1509 3339 et
1524 3261 1678 3340 nomine
1695 3263 1850 3361 quando
1865 3287 1953 3339 con-

363 3379 553 3482 cingsmt⁸⁸
570 3407 633 3460 eos
649 3380 800 3480 gladiis,
815 3381 856 3457 id
872 3391 931 3458 est
946 3379 1067 3479 ringis
1083 3380 1313 3479 gladiorum.

466 3503 574 3597 Quid
586 3503 664 3582 aiat
679 3503 811 3600 says.

362 3625 515 3704 Rnsom
530 3623 633 3703 enim
646 3624 829 3701 dicuntur
842 3649 892 3700 ex
905 3649 950 3700 eo
967 3624 1070 3723 quod
1084 3649 1194 3700 renes
1209 3621 1381 3722 girant,⁸’
1396 3623 1437 3700 id
1453 3631 1512 3700 est
1527 3623 1778 3712 circumdant,
1795 3631 1834 3700 et
1851 3625 1954 3700 unde

363 3745 515 3833 dicitur,
532 3742 777 3842 Acciupere⁴⁰
794 3743 926 3842 plodio
944 3752 1013 3820 tuo
1031 3750 1208 3820 etcetero.
1228 3741 1287 3821 Et
1306 3742 1427 3839 ringae
1444 3742 1607 3840 cingunt
1625 3766 1734 3820 renes
1753 3742 1890 3821 talium
1909 3752 1954 3821 ut

363 3863 583 3942 custodiant
610 3889 650 3940 se
676 3863 725 3939 ab
752 3863 900 3939 incestu
927 3861 1101 3951 luxurie,
1130 3861 1220 3960 quia
1246 3861 1434 3938 luxuriosi
1461 3871 1502 3940 et
1529 3861 1733 3940 incestuosi
1762 3864 1834 3940 deo
1862 3871 1955 3940 suut

362 3981 646 4059 abominabiles.

464 4103 573 4198 Quid
586 4104 779 4202 siguificat
794 4104 959 4202 gladius.

364 4224 550 4302 (luamus
578 4233 708 4302 autem
736 4223 954 4323 significat⁴²
984 4223 1247 4301 defensionem
1274 4225 1385 4322 regni
1412 4233 1452 4301 et
1480 4223 1627 4323 patriae.
1661 4223 1763 4301 Sunt
1792 4223 1859 4299 et⁴¹
1888 4223 1953 4301 alii

362 4352 540 4444 potentes
556 4344 627 4421 sub
641 4369 744 4442 rege,
760 4344 826 4443 qui
840 4343 1001 4421 barones
1017 4342 1210 4432 dicuntur,
1226 4343 1297 4419 hoc
1312 4352 1370 4420 est
1385 4343 1503 4419 robur
1518 4342 1618 4420 belli.
1639 4343 1741 4420 Sunt
1756 4344 1873 4421 etiam
1890 4343 1953 4420 alii

363 4464 429 4563 qui
449 4463 631 4540 dicuntm
649 4488 864 4552 vavasores,
885 4462 958 4538 viri
977 4487 1128 4560 magnae
1149 4462 1360 4561 dignitatis.
1382 4462 1559 4539 Vavasor
1580 4463 1682 4539 enim
1703 4463 1797 4538 nihil
1818 4463 1954 4540 melius

363 4581 437 4659 dici
450 4581 595 4683 poterit
608 4608 724 4680 quam
736 4607 803 4658 vas
818 4581 997 4659 sortitum
1012 4583 1062 4657 ad
1074 4581 1346 4657 valetudinem.
1364 4580 1466 4659 Sunt
1480 4581 1597 4657 etiam
1610 4582 1681 4657 sub
1696 4607 1787 4680 rege
1801 4582 1953 4671 milites,

363 4700 504 4779 scilicet
522 4700 572 4776 ad
587 4700 765 4777 militiam
781 4700 1034 4777 exercendam
1050 4700 1172 4789 electi,
1190 4709 1237 4777 ut
1253 4725 1342 4776 cum
1358 4725 1451 4799 rege
1469 4709 1508 4778 et
1526 4701 1756 4799 supradictis
1774 4699 1952 4790 militent,

362 4901 388 4938 ⁸²
401 4902 481 4978 Om,
499 4903 568 4977 OA,
586 4903 652 4978 LA,
671 4902 747 4978 ΜΒ,
766 4903 832 4978 ΟΕ,
849 4901 891 4977 Y,
908 4900 965 4963 OB
990 4900 1079 4980 (-Ι-),
1097 4902 1152 4963 OC
1176 4901 1263 4979 (-l-).
1303 4899 1393 4976 '’sit,
1412 4902 1479 4976 LA,
1499 4903 1573 4979 CM,
1592 4902 1668 4963 MG.
1710 4900 1783 4962 ”ut
1801 4901 1953 4978 dominus,

362 5002 437 5077 OB;
456 5009 537 5065 sicut
554 5003 705 5078 dominns,
725 5003 804 5078 MG,
822 5004 896 5064 CM.
937 5001 964 5037 ⁸⁴
975 5024 1060 5083 papa
1078 5002 1232 5077 videlicet,
1250 5004 1290 5079 V,
1309 5003 1376 5079 LA,
1396 5004 1463 5080 OC,
1483 5004 1558 5078 HA,
1578 5003 1651 5065 Mc,
1692 5001 1719 5038 ⁸⁵
1731 5002 1952 5082 temporalibus

362 5111 445 5178 sunt,
462 5105 507 5178 V;
526 5103 748 5183 temporalibus
767 5107 872 5180 etiam,
890 5103 959 5181 OB,
978 5105 1054 5179 MA,
1074 5104 1150 5178 ΜΒ,
1169 5104 1208 5166 Y.
1249 5103 1370 5182 ⁸⁰quia,
1389 5105 1429 5180 V,
1448 5106 1517 5182 OB,
1537 5106 1614 5182 MA,
1633 5106 1673 5167 Y.
1715 5104 1741 5140 ⁸⁷
1753 5107 1786 5166 id
1804 5113 1862 5182 est,
1883 5106 1952 5182 OB,

362 5205 438 5279 MA,
457 5204 534 5279 ΜΒ,
551 5206 591 5266 Y.
630 5202 657 5239 ⁸⁸
668 5208 845 5283 accingunt,
862 5207 907 5278 V;
926 5209 1120 5283 contingunt,
1139 5207 1208 5282 OB,
1227 5206 1294 5281 LA,
1311 5207 1353 5282 Y,
1371 5206 1446 5281 MC,
1464 5207 1539 5282 CM,
1559 5207 1642 5280 MG;
1666 5206 1788 5288 (*con)
1812 5212 1952 5287 cingunt,

362 5305 443 5378 MA;
461 5309 630 5384 attingunt,
648 5305 721 5366 HA.
761 5305 921 5385 ”gerant
939 5307 1016 5381 MA,
1033 5306 1116 5380 MG;
1135 5311 1251 5384 rigant,
1268 5308 1334 5369 OC.
1374 5307 1400 5341 ⁴⁰
1413 5313 1578 5387 attingere,
1596 5309 1663 5385 ΟΕ,
1682 5309 1759 5371 MG.
1799 5309 1826 5345 ⁴²
1838 5314 1952 5389 signat,

363 5404 456 5467 MSS.
473 5426 537 5467 var.
575 5405 602 5439 ⁴¹
614 5410 717 5482 edam,
733 5407 802 5481 OB,
818 5407 895 5483 MA,
912 5407 986 5481 MC,
1003 5408 1086 5481 MG;
1104 5416 1215 5483 autem,
1233 5409 1299 5470 CB.
