4394 6342
381 517 430 586 28
912 508 1134 570 BRACTON:
1156 509 1218 571 DB
1242 509 1434 572 LEGIBUS

381 658 562 750 naturali,
583 685 654 759 per
672 660 732 736 ius
752 657 929 757 gentium
949 659 1096 736 auferri
1115 684 1195 736 non
1214 659 1355 758 potuit,
1375 658 1464 736 licet
1485 684 1556 758 per
1575 659 1634 735 ius
1656 658 1832 757 gentium
1854 658 1974 736 fuerit

381 778 596 856 obfuscata.
612 780 709 856 Iura
724 779 826 856 enim
840 776 1035 855 naturalia
1048 777 1166 856 sunt¹²
1181 777 1446 855 immutabilia.
1466 777 1545 854 Sed
1561 777 1621 854 dic
1636 803 1725 855 vere
1740 779 1845 878 quod
1860 777 1973 855 liber·

380 906 504 976 tatem
522 899 592 975 dat
610 897 676 995 qui
694 896 945 988 manumittit,
964 895 1081 975 licet²⁸
1101 923 1180 974 non
1199 923 1309 976 auam
1328 896 1423 976 sed¹⁹
1445 896 1619 975 alienam.
1641 899 1727 974 Dat
1747 897 1849 974 enim
1868 898 1973 996 quod

381 1017 600 1107 nonhabet,
616 1018 713 1094 sicut
727 1017 880 1094 videtiu
895 1018 936 1093 in
950 1016 1150 1106 creditore,
1165 1017 1231 1116 qui
1247 1041 1360 1094 usum
1376 1017 1549 1094 fructum
1564 1017 1764 1094 coustituit
1779 1017 1821 1093 in
1836 1043 1878 1094 re
1894 1042 1973 1094 non

380 1162 462 1214 sua.
481 1137 578 1214 Iura
595 1136 697 1213 enim
714 1135 908 1212 natumlia
925 1135 1133 1213 dicuntur⁸⁰
1151 1136 1416 1226 immutabilia,
1435 1135 1526 1235 quic
1542 1162 1622 1212 non
1640 1145 1803 1236 possunt
1820 1162 1871 1212 ex
1888 1145 1973 1215 toto

381 1256 561 1353 abrogari
577 1255 639 1333 rel
656 1254 814 1345 auferri,
831 1257 975 1355 poterit
991 1265 1123 1333 tamen
1139 1256 1193 1334 eis
1210 1256 1389 1354 derogari
1407 1255 1468 1332 vel
1486 1256 1635 1333 detrahi
1653 1255 1693 1332 in
1710 1256 1836 1356 specie
1853 1256 1915 1332 vel
1932 1255 1974 1332 in

381 1384 505 1473 parte.
524 1374 629 1451 Item
646 1400 694 1451 ex
711 1374 809 1450 hoc⁸²
826 1375 910 1452 iure
926 1373 1101 1473 gentium
1117 1375 1340 1452 introducta
1356 1385 1447 1452 sunt
1465 1374 1576 1464 bella,
1595 1400 1684 1451 cum
1702 1376 1752 1452 ad
1770 1375 1974 1453 tuitionem

380 1492 517 1593 patriae
529 1492 794 1570 inducuntur⁸'
809 1521 833 1570 a
846 1493 1032 1593 principe,
1046 1495 1109 1571 vel
1121 1492 1429 1595 propulsantiu⁸⁸
1444 1493 1644 1570 violentiae.
1660 1493 1729 1570 Ex
1742 1494 1814 1570 hoc
1828 1493 1973 1571 etiam⁸⁴

380 1611 464 1689 iure
478 1612 655 1710 gentium
670 1611 869 1689 discretae⁸⁶
886 1622 977 1691 aunt
992 1620 1139 1711 genteS,
1156 1637 1277 1710 regna
1292 1612 1447 1690 condita
1463 1623 1502 1690 et
1519 1613 1688 1690 dominia
1705 1613 1896 1691 distincta.
1914 1613 1974 1691 Et

380 1756 460 1807 non
476 1741 567 1808 sunt
582 1731 752 1808 dominia
766 1732 814 1808 de
829 1756 931 1808 novo
945 1733 1102 1810 inventa
1119 1733 1167 1810 de
1182 1733 1266 1809 iure
1280 1733 1468 1831 gentium,
1485 1733 1553 1810 scd
1570 1732 1619 1810 ab
1637 1733 1807 1831 antiquo,
1825 1733 1917 1831 quia
1931 1733 1973 1810 in

379 1832 750 1931 veteri'testamento
769 1850 914 1950 aliquid
932 1860 1016 1929 erat
1034 1877 1164 1928 mcum
1182 1850 1249 1928 ct⁸⁸
1268 1851 1412 1950 aliquid
1431 1861 1555 1929 tuum
1576 1851 1635 1929 Et
1654 1852 1757 1929 unde
1774 1861 1869 1928 tunc
1889 1861 1973 1929 erat

380 1972 618 2073 prohibitum
634 1997 684 2049 nc
702 1971 812 2049 fieret
831 1971 995 2059 furtum
1015 1979 1055 2048 et
1073 1970 1190 2048 etiam
1208 1981 1302 2048 tunc
1319 1979 1558 2071 praeceptum
1577 1998 1625 2049 ne
1645 1972 1729 2071 quia
1750 1972 1973 2049 mercenarii

381 2090 411 2166 f.
427 2091 496 2184 ab]
552 2091 611 2167 sui
632 2090 816 2168 retineret
837 2091 1061 2167 mercedem.
1085 2088 1153 2165 Ex
1175 2090 1247 2165 hoc
1269 2088 1413 2167 etiam⁸²
1436 2090 1520 2167 iure
1542 2090 1729 2188 gentium,
1753 2091 1857 2188 agris
1881 2098 1974 2168 sunt

379 2209 535 2287 termini
552 2208 679 2309 positi,
696 2208 855 2286 aedificia
871 2218 962 2285 simt
978 2208 1119 2285 collata
1135 2219 1174 2286 et
1190 2209 1368 2298 vicinata,
1386 2235 1435 2286 ex
1452 2235 1530 2309 qua
1545 2209 1748 2287 collatione
1765 2210 1866 2289 fiunt
1883 2211 1972 2286 civi·

380 2337 493 2418 tates,
516 2328 630 2426 burgi
651 2337 691 2406 et
713 2327 822 2404 villae.
845 2327 905 2403 Et
925 2326 1157 2427 generaliter
1177 2329 1237 2405 ius
1258 2328 1434 2427 gentium
1456 2354 1497 2405 se
1518 2328 1634 2406 habet
1657 2330 1708 2406 ad
1729 2355 1860 2406 omncs
1884 2354 1972 2406 oon-

380 2457 541 2537 tractus,
557 2457 597 2525 et
613 2447 662 2524 ad
678 2446 754 2524 alia
768 2445 894 2546 plura.
911 2446 1009 2537 Qua
1024 2455 1155 2524 autem
1170 2445 1221 2526 sit
1236 2445 1355 2546 longa
1370 2449 1608 2525 cousuetudo
1624 2448 1773 2525 dicetur
1789 2447 1904 2526 infra.

382 2633 574 2711 “dicuntun
591 2635 661 2708 OB,
678 2636 754 2696 ΜΒ.
794 2631 1088 2710 ¹⁸sed,MG‚CM.
1128 2632 1247 2707 ¹⁰Om.,
1266 2634 1343 2708 MA,
1361 2634 1437 2708 ΜΒ,
1460 2632 1517 2711 (-Ι-
1530 2633 1618 2712 ΟΒ).
1659 2633 1973 2714 ⁸⁰aunt,MG,CM.

381 2735 407 2770 ⁸¹
420 2736 501 2810 Om,
515 2736 593 2812 MG,
607 2736 681 2796 cM.
718 2733 744 2770 ⁸²
756 2733 952 2811 inducantur,
968 2736 1042 2811 cM,
1058 2736 1100 2808 P,
1117 2734 1362 2811 introducantur,
1377 2736 1458 2808 MA3
1475 2734 1663 2810 indicantur,
1678 2738 1756 2813 MG,
1772 2739 1851 2812 Hm
1866 2738 1974 2801 dican-

379 2843 443 2912 tur,
456 2837 527 2898 ΗΒ.
562 2835 588 2870 ⁸⁸
599 2835 832 2915 propulsentur,
846 2836 915 2912 OB,
929 2836 1005 2910 MA,
1018 2837 1094 2912 ΜΒ,
1107 2837 1145 2898 Υ.
1180 2835 1207 2870 ⁸⁴
1218 2843 1330 2910 autem,
1343 2838 1419 2913 cM,
1432 2838 1487 2899 ΟΕ
1506 2838 1601 2915 (corr.
1615 2839 1736 2918 etiam).
1772 2838 1974 2917 ⁸⁶diatiucta,

380 2937 458 3012 MA,
473 2939 509 2998 P.
545 2935 572 2970 ⁸⁶
583 2957 682 2998 meum
698 2936 826 3014 aliquid,
841 2936 911 3013 OB,
926 2937 1003 3011 ΜΒ,
1018 2938 1057 3000 Y.
1095 2935 1122 2972 'l
1134 2943 1246 3012 autem,
1262 2938 1331 3015 OB,
1348 2939 1424 3013 MA,
1441 2939 1518 3013 ΜΒ,
1534 2941 1612 3017 MG,
1629 2942 1696 3018 CE,
1712 2943 1751 3004 Y.
