4394 6342
405 469 453 538 54
935 461 1157 523 BRACTON:
1180 460 1240 522 DE
1265 459 1457 522 LEGIBUS

403 638 492 690 cum
510 639 582 712 per
599 611 756 689 assisam
774 611 1058 708 recuperaverit
1076 637 1208 688 versus
1226 610 1355 711 ipsum
1373 611 1423 686 Β.
1444 607 1669 698 firmarium,
1689 610 1737 686 de
1756 607 1936 709 equitate
1956 616 1995 686 et

404 763 476 836 per
492 735 659 812 officium
677 733 870 812 iustitiarii
888 734 1082 811 tenebitur
1101 735 1266 810 donator
1283 733 1406 811 eidem
1425 733 1474 809 B.
1495 732 1666 809 firmario
1686 732 1736 808 ad
1755 731 1996 808 excambium

404 867 567 959 propter
585 857 776 934 fraudem.
796 855 855 933 Et
874 856 963 956 plus
982 857 1029 932 de
1047 856 1118 932 bac
1136 855 1299 932 materia
1319 856 1435 943 inira,
1456 854 1487 933 si
1508 853 1666 932 diversis
1686 852 1925 953 temporibus
1945 853 1994 929 ab

403 978 538 1054 eodem
553 977 660 1053 iacta
675 975 794 1053 fuerit
810 975 967 1052 donatio
982 974 1143 1053 duobus.
1162 976 1266 1052 Item
1281 1000 1360 1051 non
1374 974 1506 1051 valent
1521 974 1747 1051 donationes
1764 974 1878 1050 iactat
1894 973 1996 1050 inter

403 1096 530 1174 virum
548 1106 588 1173 et
607 1120 779 1172 uxorem.
801 1095 896 1171 Non
914 1094 1017 1172 enim
1037 1095 1180 1192 poterit
1201 1095 1260 1170 vir
1280 1093 1401 1170 dare‘⁸
1421 1093 1534 1170 uxori
1556 1118 1626 1171 nec
1646 1121 1667 1170 e
1688 1117 1883 1181 converso,
1905 1115 1993 1168 con·

403 1223 533 1293 stante
553 1213 810 1303 matrimonio,
834 1212 924 1312 quia
945 1212 1162 1290 huiusmodi
1186 1213 1411 1291 donationes
1435 1212 1634 1312 prohibite
1658 1223 1749 1290 sunt
1772 1212 1874 1290 inter
1896 1210 1994 1288 tales

403 1359 599 1434 personas,
616 1357 686 1410 nec
702 1333 804 1411 enim
820 1334 1000 1411 fraudem
1017 1334 1145 1411 iacere
1162 1331 1376 1434 poterunt⁴⁴
1393 1332 1669 1421 constitutioni,
1687 1341 1732 1409 ut
1749 1332 1781 1408 si
1799 1332 1858 1407 vir
1875 1331 1993 1408 dona·

403 1454 547 1531 tionem
563 1453 699 1531 iecerit
714 1461 907 1531 extranea
923 1477 1107 1553 personae,
1124 1478 1171 1529 ea
1186 1461 1314 1529 mente
1330 1461 1377 1529 ut
1392 1460 1578 1528 extranea
1594 1476 1761 1551 persons
1776 1450 1910 1528 illam⁴³
1927 1453 1993 1530 det

403 1575 516 1650 uxori
534 1574 575 1649 in
590 1573 672 1649 vita
688 1572 761 1649 viri
778 1573 839 1648 vel
858 1581 948 1671 post
965 1580 1140 1648 mortem.
1159 1571 1218 1649 Et
1236 1573 1340 1670 quod
1360 1570 1408 1648 de
1426 1570 1511 1648 viro
1528 1572 1669 1649 dicitur
1687 1571 1762 1647 dici
1780 1571 1925 1671 poterit
1945 1573 1993 1648 de

403 1718 534 1770 uxore.
555 1691 598 1769 Si
616 1701 747 1769 autem
763 1700 853 1769 ante
870 1691 1065 1791 sponsalia
1082 1691 1142 1768 vel
1161 1690 1450 1767 matrimonium
1468 1692 1529 1767 vel
1548 1700 1637 1791 post
1656 1691 1865 1768 divortium
1883 1690 1992 1779 fiant,

402 1813 498 1889 bene
522 1812 653 1889 valent
677 1813 771 1888 dum
794 1820 926 1888 tamen
951 1837 1029 1887 non
1054 1810 1152 1889 fiant
1178 1811 1373 1888 occasione
1398 1809 1632 1889 matrimonii
1658 1810 1934 1910 subsequentis,
1960 1811 1993 1889 si

402 1932 500 2009 fiant
513 1929 631 2009 ante⁴⁸
646 1931 856 2010 secundum
871 1927 1098 2029 quosdam.“

501 2055 578 2132 Coi
593 2052 730 2132 ἆονιαη·
744 2053 878 2154 possit.

400 2179 582 2256 Drcruu
599 2187 657 2256 est
673 2177 714 2254 in
730 2177 936 2277 proxim0⁴⁸
953 2178 1183 2278 praecedenti
1201 2179 1285 2277 quis
1302 2180 1448 2256 donare
1465 2179 1587 2279 possit
1605 2188 1645 2256 et
1663 2178 1746 2278 quis
1765 2204 1854 2255 non.
1874 2178 1993 2254 Nunc

400 2308 531 2376 autem
549 2297 781 2374 dicendum⁴⁰
800 2299 861 2374 cui
880 2298 1016 2373 donari
1034 2297 1167 2398 possit.
1189 2297 1247 2374 Et
1266 2297 1462 2374 sciendum
1482 2299 1586 2397 quod
1605 2299 1742 2374 donari
1761 2306 1891 2397 potest
1909 2306 1992 2374 tam

401 2443 510 2495 servo
528 2442 645 2517 quam
661 2417 793 2506 libero,
811 2417 890 2494 sive
907 2416 978 2494 fiat
996 2417 1154 2494 donatio
1173 2443 1197 2493 a
1215 2418 1370 2493 domino
1388 2416 1477 2493 vel⁸⁰
1495 2442 1575 2493 non
1595 2417 1761 2506 domino,
1781 2418 1991 2494 secundum

400 2538 504 2636 quod
528 2536 690 2614 inferius
715 2536 875 2613 dicetur.
904 2537 1007 2614 Item
1031 2546 1114 2614 tam
1140 2537 1293 2613 feminae
1319 2563 1435 2635 quam
1460 2537 1641 2614 masculo.
1671 2539 1774 2614 Item
1800 2546 1882 2614 tam
1908 2536 1991 2612 viro

399 2682 516 2754 quam
533 2655 657 2745 uxori,
675 2655 789 2733 simul
806 2657 867 2732 vel
885 2657 1094 2756 separatim
1112 2665 1150 2732 et
1168 2681 1239 2756 per
1255 2681 1307 2732 se.
1328 2656 1431 2733 Item
1449 2665 1531 2734 tam
1549 2655 1689 2734 minori
1708 2683 1825 2756 quam
1842 2657 1990 2746 maiori,

398 2778 492 2854 dum
503 2786 635 2854 tamen
646 2776 787 2853 tutoris
800 2775 1009 2853 auctoritas
1022 2775 1281 2852 intervenerit.
1299 2775 1377 2852 Sed
1390 2801 1469 2852 non
1483 2776 1626 2875 poterit
1640 2777 1725 2875 quis
1737 2803 1819 2854 esse
1833 2776 1989 2854 minoris

399 2895 586 2973 ieoffator
599 2904 639 2972 et
653 2903 774 2983 tutor,
790 2895 983 2993 quiscum
999 2894 1048 2972 sit
1065 2895 1230 2973 donator
1245 2920 1324 2971 non
1338 2896 1483 2994 poterit
1499 2921 1538 2972 se
1555 2895 1684 2996 ipsum
1699 2897 1792 2973 dare
1807 2906 1988 2986 tutorem,

398 3014 427 3090 f.
444 3016 512 3108 13]
567 3015 658 3113 quia
678 3013 731 3091 sic
751 3015 947 3090 videretur
968 3014 1193 3092 continuare
1216 3014 1392 3091 seisinam
1415 3039 1536 3103 suam,
1559 3014 1660 3092 licet²
1683 3041 1814 3094 omnes
1837 3017 1989 3093 fructus

398 3144 438 3211 et
459 3141 672 3232 proventus
694 3133 748 3210 rei
770 3134 871 3210 datae
892 3141 1132 3210 converteret
1154 3133 1196 3209 in
1217 3160 1309 3211 usus
1333 3143 1373 3211 et
1395 3133 1603 3211 utilitatem
1625 3135 1793 3212 minoris.
1819 3136 1989 3236 Oportet

397 3256 500 3332 enim
525 3255 566 3330 in
592 3254 762 3354 qualibet
788 3254 995 3332 donatione
1022 3254 1125 3353 quod
1152 3256 1318 3332 donator
1344 3280 1385 3332 se
1412 3265 1534 3355 ponat
1562 3265 1674 3334 extra
1701 3257 1878 3334 seisinam
1905 3266 1988 3334 tam

398 3374 526 3450 animo
549 3399 667 3472 quam
690 3399 862 3474 corpore,
887 3374 1061 3475 corpore²
1083 3384 1167 3451 tam
1190 3375 1350 3476 proprio
1375 3400 1492 3474 quam
1515 3376 1651 3453 alieno.
1678 3376 1847 3475 Oportet
1872 3375 1989 3452 etiam

397 3493 500 3593 quod
522 3492 746 3571 donatarius
766 3519 806 3570 se
826 3504 948 3593 ponat
969 3495 1009 3568 in
1031 3492 1207 3572 seisinam
1228 3503 1310 3571 tam
1331 3496 1459 3572 animo
1480 3522 1598 3594 quam
1617 3521 1790 3595 corpore,
1812 3494 1987 3595 corpore⁸

396 3613 556 3713 proprio
577 3614 638 3689 vel
659 3613 794 3690 alieno.
818 3615 922 3691 Item
943 3614 1079 3690 donari
1100 3614 1244 3713 poterit
1265 3624 1347 3692 tam
1367 3615 1550 3692 bastardo
1571 3640 1688 3714 quam
1710 3616 1894 3714 legitimo,
1917 3617 1987 3694 sibi

396 3745 435 3813 et
448 3735 649 3813 heredibus
663 3733 756 3812 suis⁴
769 3745 808 3813 et
822 3733 1026 3833 assignatis
1042 3733 1146 3812 suis.³
1162 3736 1266 3814 Item
1281 3737 1364 3813 fieri
1379 3738 1524 3836 poterit
1540 3737 1697 3815 donatio
1712 3746 1795 3814 tam
1810 3737 1986 3838 pluribus

396 3879 514 3954 quam
534 3854 614 3943 uni,
636 3854 811 3932 simulet
833 3855 949 3932 semel
972 3854 1032 3931 vel
1056 3855 1263 3932 successive
1285 3881 1356 3956 per
1378 3857 1537 3933 modum
1560 3857 1788 3946 donationis,
1812 3867 1858 3935 ut
1881 3857 1987 3934 inira

396 3974 555 4050 dicetur.
573 3975 676 4050 Item
690 3975 783 4051 dare
798 3973 941 4073 poterit
957 3973 1041 4073 quis
1057 3973 1276 4050 concubina
1291 4000 1381 4064 suae,
1395 3974 1456 4052 vel
1472 3977 1569 4053 alius
1587 3977 1635 4053 ab
1651 4002 1697 4053 eo
1713 3976 1931 4052 concubinae
1948 3983 1987 4052 et

397 4093 528 4191 pueris
547 4093 637 4183 suis,
658 4093 759 4170 natis
780 4103 820 4171 et
840 4093 1054 4184 nascituris,
1076 4103 1115 4170 et
1134 4119 1269 4172 eorum
1289 4095 1491 4172 heredibus
1513 4094 1574 4173 vel
1596 4095 1812 4193 assignatis,
1835 4095 1887 4173 et⁶
1910 4121 1987 4195 quo

393 4239 485 4291 casu
503 4214 632 4292 nullus
651 4214 763 4291 alteri
782 4213 961 4291 succedit⁷
982 4214 1191 4314 expueris,
1211 4240 1299 4292 cum
1317 4239 1448 4292 omnes
1470 4215 1582 4293 simul
1604 4218 1757 4294 feoffati
1778 4217 1925 4294 inerint
1944 4225 1984 4294 et

393 4342 552 4411 teneant
570 4334 611 4410 in
628 4333 832 4423 communi,
852 4343 891 4411 et
910 4335 941 4411 si
960 4333 1096 4432 aliquis
1116 4359 1249 4411 eorum
1267 4335 1347 4412 sine
1365 4335 1567 4413 heredibus
1587 4337 1788 4415 decesserit
1809 4363 1899 4437 pars
1920 4337 1983 4415 de·

393 4451 575 4529 cedentis⁸
595 4477 667 4549 per
685 4453 744 4529 ius
763 4451 1001 4528 accrescendi
1019 4450 1220 4529 accrescet⁸
1241 4453 1538 4554 superstitibus²⁰
1560 4464 1598 4531 et
1617 4481 1751 4533 eorum
1770 4457 1984 4547 heredibus,

393 4570 510 4647 etiam
527 4597 551 4647 a
565 4570 742 4672 pluribus
757 4597 878 4671 usque
894 4572 945 4647 ad
960 4597 1093 4661 unum,
1109 4582 1149 4650 et
1165 4571 1215 4648 ad
1230 4574 1457 4650 donatorem
1473 4599 1552 4651 non
1568 4584 1784 4653 revertetur
1800 4579 1985 4676 quamdiu

394 4769 420 4806 ⁴⁸
432 4769 558 4850 donare,
570 4772 639 4846 OC,
652 4772 729 4847 MG,
742 4773 815 4834 cM.
850 4772 878 4807 ‘⁴
888 4783 1029 4851 possunt,
1044 4775 1084 4849 V,
1097 4775 1175 4850 MG,
1190 4777 1266 4851 ΜΒ,
1280 4777 1360 4848 ΗΑ;
1378 4775 1414 4854 (*
1426 4778 1573 4856 possunt)
1590 4785 1748 4856 poterunt,
1762 4779 1829 4840 OA.
1866 4777 1893 4813 ⁴⁸
1904 4780 1984 4855 Om,

395 4872 473 4947 MG,
500 4873 580 4946 cM,
607 4893 686 4947 eam,
712 4872 751 4934 V.
799 4871 939 4935 “autern
967 4875 1059 4937 aliter
1085 4879 1156 4952 erit,
1184 4877 1260 4954 ΜΒ,
1289 4878 1356 4937 MA
1387 4875 1506 4954 (ante).
1556 4877 1584 4912 ⁴¹
1595 4878 1746 4957 quosdam
1770 4881 1887 4958 valent,
1914 4882 1983 4944 OB.

393 4971 422 5006 ⁴⁸
432 4978 572 5050 proximo
587 4974 734 5051 capitulo,
749 4974 827 5050 MG,
841 4975 914 5036 cM.
950 4973 1151 5038 “dicendum
1166 4985 1224 5054 est,
1238 4979 1306 5054 LA,
1322 4979 1394 5040 Me.
1432 4977 1545 5054 ⁶⁰sive,
1560 4980 1599 5055 V,
1615 4982 1689 5054 OB;
1706 4987 1770 5043 sive
1785 5004 1815 5057 a,
1831 4985 1905 5046 ΜΒ.

477 5072 566 5149 ²sed,
588 5073 667 5149 Mo,
688 5074 761 5136 CM.
805 5073 910 5151 ¹Om.,
932 5077 999 5150 LA,
1021 5078 1099 5154 MG,
1121 5079 1185 5140 Mc
1211 5079 1306 5156 (corr.
1330 5101 1359 5159 q.
1382 5101 1408 5142 c.
1431 5101 1457 5143 c.
1480 5084 1535 5161 t.).
1578 5081 1684 5159 ⁸0m.,
1706 5085 1774 5158 LA,
1797 5087 1858 5148 MC
1887 5086 1982 5163 (corr.

393 5194 423 5252 q.
441 5196 467 5237 c.
485 5195 511 5236 c.
529 5175 591 5254 p.).
631 5173 929 5252 ⁴Om.‚MSS.var.
969 5176 1075 5253 ⁸Om.,
1093 5180 1162 5256 OB,
1180 5182 1255 5242 ΜΒ.
1295 5179 1401 5257 ⁶Om,
1420 5184 1489 5259 OB,
1508 5184 1585 5259 ΜΒ,
1603 5185 1640 5246 V.
1680 5183 1983 5264 'succederit,MG,

392 5275 466 5336 CM.
506 5274 733 5352 'descedentia
750 5279 819 5353 OA,
837 5280 912 5352 OB;
930 5278 1156 5356 descendentis,
1174 5283 1252 5359 MG,
1271 5284 1351 5357 cM;
1369 5283 1566 5362 dIsoedentis,
1587 5287 1661 5348 ΜΒ.
1702 5287 1885 5365 'accmcIt
1905 5291 1983 5364 MG,

393 5377 465 5438 cM.
506 5376 533 5412 ¹⁰
545 5378 714 5442 remanebIt
731 5379 960 5459 superstitibus,
978 5380 1018 5457 V,
1033 5381 1103 5456 OB,
1121 5383 1197 5445 ΜΒ.
