4432 6336
400 489 473 559 116
931 482 1153 544 BRACTON:
1175 482 1237 543 DE
1259 483 1452 546 LEGIBUS

398 641 438 710 et
453 631 635 709 militaria
651 640 691 707 et
706 631 823 709 etiam
838 632 1027 732 homagia.
1046 634 1105 711 Et
1121 635 1206 711 ideo
1224 635 1264 710 in
1281 635 1397 711 cartis
1414 659 1494 710 non
1510 643 1602 712 sunt
1618 633 1882 733 exprimenda,
1900 635 1990 733 quia

399 751 430 826 si
455 750 677 849 homagium
702 751 936 850 praecesserit
961 751 1028 828 et²⁸
1053 751 1184 850 regale
1210 753 1419 842 servitium,
1445 752 1618 852 sequitur
1644 753 1783 830 exinde
1809 755 1913 852 quod
1939 755 1989 830 ad

398 869 604 969 capitalem
627 870 825 949 dominum
848 871 1056 970 pertinebit
1078 871 1262 948 relevium
1284 872 1345 948 vel
1368 872 1543 950 custodia
1565 881 1605 949 et
1626 871 1887 971 maritagium,
1911 874 1989 950 sive

399 988 596 1066 servitium
611 989 776 1068 militare
792 990 853 1068 vel
870 989 1051 1067 seriantia
1068 999 1231 1090 propter
1247 990 1458 1068 exercitum
1476 989 1526 1068 ad
1544 990 1633 1090 plus
1651 1016 1692 1068 se
1707 990 1884 1068 hebuerit
1900 990 1989 1068 vel²⁸

398 1111 448 1186 ad
474 1109 611 1200 minus,
638 1108 775 1186 saltem
801 1109 852 1187 ad
876 1135 998 1186 unum
1024 1109 1191 1187 obolum.
1221 1111 1323 1188 Sunt
1349 1111 1467 1188 etiam
1494 1110 1669 1210 quadam
1695 1111 1988 1188 consuetudines

398 1253 482 1328 quae
498 1227 654 1306 servitia
668 1253 747 1305 non
764 1229 956 1318 diormtur,
974 1253 1044 1305 nec
1060 1230 1358 1307 concomitantia
1374 1230 1628 1318 servitiorum,
1648 1229 1745 1306 sicut
1763 1239 1855 1307 sunt
1873 1229 1988 1307 ratio-

397 1348 540 1425 nabilia
561 1347 705 1424 currilia
729 1350 778 1424 od
800 1348 924 1426 filium
946 1349 1248 1448 primogenitum
1269 1348 1430 1425 militem
1454 1348 1686 1438 faciendum,
1711 1349 1771 1426 vel
1795 1350 1845 1425 ad
1869 1349 1989 1425 filiam

397 1467 696 1566 primogenitam
714 1467 985 1557 maritandam,
1005 1493 1089 1567 quae
1109 1467 1263 1567 quidem
1284 1467 1428 1544 auxilia
1447 1469 1549 1545 fiunt
1568 1468 1616 1545 de
1635 1468 1764 1566 gratia
1783 1477 1823 1545 et
1842 1493 1921 1544 non
1941 1468 1989 1545 de

397 1586 491 1675 iure,
516 1597 555 1664 et
578 1613 651 1686 pro
674 1589 900 1665 necessitate
923 1597 963 1664 et
987 1587 1200 1685 indigentia
1224 1586 1369 1663 domini
1393 1587 1579 1686 capitalis.
1607 1587 1835 1686 Numquam
1859 1585 1988 1664 enim²'

398 1707 567 1806 exigitur
587 1706 774 1783 auxilium
792 1706 865 1782 nisi
886 1703 1105 1805 pracedat²⁸
1126 1707 1341 1795 necessitas,
1364 1731 1433 1782 nec
1454 1715 1609 1784 tenetur
1631 1706 1767 1804 aliquis
1789 1707 1840 1783 ad
1860 1706 1987 1782 huius-

396 1825 501 1903 modi
518 1823 704 1902 auxilium
719 1825 983 1924 praestandum
998 1825 1070 1902 nisi
1086 1851 1135 1901 ex
1151 1824 1365 1924 indigentia
1380 1825 1524 1900 domini
1541 1825 1600 1901 sui
1616 1823 1803 1924 capitalis,
1821 1833 1862 1902 et
1878 1851 1927 1901 ex
1943 1849 1988 1902 eo

398 1943 500 2042 quod
525 1954 583 2022 est
608 1944 703 2020 liber
727 1944 839 2020 homo
865 1969 967 2022 suus.
994 1944 1052 2021 Et
1077 1953 1168 2021 sunt
1191 1943 1408 2020 huiusmodi
1434 1942 1579 2020 auxilia
1602 1943 1820 2044 personalia
1845 1954 1884 2021 et
1909 1969 1987 2020 non

397 2065 605 2164 praedialia,
620 2089 804 2164 personas
819 2063 921 2139 enim
936 2062 1146 2161 respiciunt
1161 2071 1201 2140 et
1215 2087 1295 2138 non
1311 2063 1437 2151 leode,
1454 2062 1665 2140 secundum
1680 2064 1783 2161 quod
1799 2063 1988 2163 perpendi

397 2183 541 2283 poterit
559 2209 607 2260 ex
627 2191 820 2282 praecepto
839 2181 983 2259 domini
1001 2181 1102 2278 regis
1121 2180 1187 2258 et²⁰
1207 2206 1278 2280 per
1296 2181 1409 2258 breve
1429 2207 1552 2258 suum.
1572 2182 1651 2258 Est
1669 2182 1800 2280 itaque
1820 2206 1987 2281 praecep·

397 2314 482 2382 tum
499 2304 589 2393 tale,
608 2303 711 2403 quod
730 2303 935 2379 vicecomes
954 2300 1055 2377 iuste
1072 2309 1112 2378 et
1131 2301 1211 2378 sine
1231 2301 1414 2377 dilatione
1433 2299 1572 2377 habere
1592 2300 1711 2376 faciat
1730 2299 1800 2377 tali
1819 2301 1987 2378 rationa-

397 2424 471 2501 bile
487 2423 674 2499 auxilium
689 2422 737 2498 de
751 2420 935 2498 militibus
951 2429 990 2496 et
1006 2419 1122 2496 libere
1138 2418 1357 2496 tenentibus
1373 2419 1450 2496 suis
1466 2419 1507 2495 in
1523 2419 1664 2496 balliva
1681 2445 1762 2508 sua,
1779 2420 1829 2497 ad
1845 2421 1987 2519 primo·

396 2542 572 2640 genitum
589 2541 713 2619 filium
732 2566 844 2616 suum
861 2539 1021 2616 militem
1040 2539 1278 2615 faciendum:
1298 2546 1337 2615 et
1357 2538 1397 2614 in
1417 2539 1551 2615 eadem
1570 2540 1697 2614 forma
1716 2540 1786 2616 fiat
1806 2538 1920 2616 breve
1940 2540 1988 2617 de

397 2661 478 2738 filia
506 2659 603 2737 sua⁸⁰
631 2659 890 2759 primogenita
917 2658 1148 2746 maritanda,
1176 2656 1386 2734 secundum
1416 2658 1519 2756 quod
1548 2658 1709 2734 inferius
1739 2658 1898 2734 dicetur.
1930 2659 1988 2734 Et

396 2806 484 2857 cum
498 2780 715 2857 huiusmodi
732 2778 876 2855 auxilia
892 2777 1136 2878 dependeant
1151 2802 1200 2853 ex
1216 2777 1344 2874 gratia
1360 2777 1575 2853 tenentium
1591 2787 1632 2854 et
1648 2801 1726 2853 non
1742 2777 1794 2853 ad
1811 2777 1987 2854 volunta·

396 2908 476 2975 tem
493 2898 747 2986 dominorum,
767 2922 836 2974 nec
855 2907 945 2974 sunt
965 2895 1132 2973 ieodalia
1150 2896 1217 2974 sed
1237 2897 1466 2994 personalia,
1486 2895 1616 2972 baberi
1636 2894 1818 2972 deberet⁸²
1839 2921 1986 2996 respec-

394 3029 459 3097 tus
476 3019 526 3094 ad
544 3015 776 3118 personam⁸²
793 3016 994 3113 utriusque
1010 3024 1093 3092 tam
1110 3015 1254 3092 domini
1271 3040 1389 3114 quam
1406 3015 1584 3104 tenentis,
1602 3023 1648 3091 ut
1666 3015 1810 3092 domini
1828 3015 1986 3093 necessi-

395 3148 468 3227 tas,
484 3138 693 3214 secundum
707 3136 810 3235 quod
823 3135 945 3212 maior
958 3145 1057 3213 esset
1072 3134 1132 3212 vel
1146 3135 1283 3223 minor,
1298 3135 1569 3211 relevationem
1585 3133 1813 3232 acciperet,⁸⁸
1829 3145 1869 3213 et
1884 3135 1987 3235 quod

394 3268 529 3334 tenens
542 3280 752 3354 gravamen
765 3279 844 3329 non
857 3253 1027 3343 sentiret,
1043 3256 1109 3330 sed
1123 3255 1226 3352 quod
1240 3253 1427 3330 auxilium
1441 3253 1642 3352 accipienti
1656 3254 1807 3330 cederet
1822 3256 1872 3331 ad
1886 3279 1986 3331 com-

395 3374 565 3463 modum,
584 3384 623 3451 et
642 3373 751 3450 danti
770 3373 820 3449 ad
839 3374 1033 3449 honorem.
1055 3373 1158 3448 Sunt
1177 3373 1292 3449 etiam
1312 3373 1414 3449 inter
1433 3373 1508 3449 alia
1528 3372 1703 3470 quadam
1722 3374 1986 3472 praestationes

396 3492 616 3591 personales
643 3517 727 3591 quae
751 3517 830 3568 non
855 3491 1037 3568 dicuntur
1062 3491 1227 3580 servitia,
1255 3491 1352 3569 sicut
1379 3490 1523 3568 auxilia
1548 3492 1770 3581 vicecomiti,
1798 3517 1882 3591 quae
1908 3518 1987 3569 non

394 3620 549 3688 tenetur
573 3610 759 3688 feoffabor
780 3611 1041 3687 warantiaare.
1067 3612 1170 3686 Item
1193 3620 1283 3687 sunt
1307 3611 1402 3687 fines
1425 3636 1645 3686 communes
1669 3637 1741 3709 pro
1764 3619 1849 3688 toto
1872 3612 1986 3688 comi·

394 3739 494 3819 tatu,
514 3741 560 3808 ut
578 3732 618 3806 in
636 3731 772 3808 itinere
792 3730 1084 3807 iustitiariorum
1103 3740 1144 3808 et
1163 3731 1252 3808 alibi
1272 3757 1345 3829 pro
1364 3732 1643 3822 misericordiis,
1664 3742 1709 3809 ut
1730 3732 1761 3810 si
1782 3733 1987 3811 comitatus

397 3849 426 3925 l.
440 3851 510 3943 87]
566 3873 638 3947 pro
667 3850 970 3948 transgressione
999 3850 1040 3926 in
1068 3849 1365 3927 misericordiam
1394 3850 1580 3939 inciderit,
1611 3876 1695 3950 quae
1725 3851 1880 3950 quidem
1908 3877 1987 3929 non

396 3977 487 4044 sunt
504 3969 606 4044 inter
624 3967 778 4045 servitia
795 3967 1117 4045 connumeranda.
1139 3969 1241 4044 Sunt
1261 3968 1376 4045 etiam
1396 3968 1570 4067 quedam
1588 3994 1808 4047 communes
1829 3980 1986 4070 praesta·

394 4085 517 4162 tiones
541 4111 625 4185 quae
648 4085 803 4163 servitia
825 4112 903 4163 non
927 4087 1119 4175 dicuntur,
1143 4112 1212 4163 nec
1236 4088 1284 4162 de
1307 4086 1583 4164 consuetudine
1606 4089 1777 4178 veniunt,
1801 4090 1874 4166 nisi
1899 4113 1987 4166 cum

394 4205 598 4283 necessitas
625 4205 885 4295 intervenerit,
912 4206 1009 4283 sicut
1036 4215 1126 4281 sunt
1151 4205 1332 4302 hidagia,²
1359 4205 1568 4304 cornagia,²
1594 4207 1803 4305 caruagia,⁸
1830 4217 1869 4286 et
1898 4206 1986 4285 alia⁴

395 4324 511 4423 plura
533 4325 581 4402 de
604 4325 829 4401 necessitate
852 4333 891 4402 et
914 4351 962 4401 ex
985 4349 1172 4401 consensu
1196 4326 1388 4402 communi
1411 4324 1531 4402 totius
1555 4327 1665 4424 regni
1689 4327 1921 4416 introducta,
1948 4337 1987 4403 et

395 4468 479 4541 quae
500 4442 549 4518 ad
570 4443 768 4519 dominum
789 4443 892 4518 feodi
915 4468 992 4518 non
1012 4443 1220 4541 pertinent,
1242 4452 1281 4520 et
1301 4444 1349 4520 de
1370 4444 1507 4542 quibus
1528 4444 1656 4522 nullus
1677 4455 1832 4523 tenetur
1853 4456 1985 4524 tenen-

394 4569 474 4638 tem
493 4586 605 4637 suum
626 4560 859 4660 adquietare,
879 4561 951 4637 nisi
971 4587 1012 4638 se
1030 4561 1246 4659 specialiter
1266 4562 1328 4639 ad³
1349 4563 1433 4638 hoc⁸
1454 4563 1695 4663 obligaverit'
1716 4565 1756 4640 in
1775 4573 1884 4642 carta
1904 4592 1984 4644 sua.

395 4681 454 4758 Et
477 4680 581 4757 unde
604 4677 706 4755 cum⁸
731 4679 834 4757 dicat
858 4680 1044 4757 leoffator
1067 4690 1108 4757 et
1131 4679 1308 4758 dominus
1333 4682 1521 4782 capitalis,
1546 4683 1640 4782 Epo
1667 4694 1705 4760 et
1730 4683 1888 4763 heredes
1911 4685 1987 4763 mei

395 4898 421 4932 ²⁸
434 4900 514 4975 Om.,
529 4898 597 4973 OB,
612 4898 688 4973 MA,
705 4898 779 4959 ΜΒ.
817 4896 843 4931 ²⁸
854 4901 900 4958 ita
914 4898 1006 4977 quod,
1022 4900 1097 4973 CM,
1112 4901 1179 4961 MG
1199 4897 1257 4976 (-
1268 4899 1379 4978 quod).
1417 4898 1443 4932 ²⁷
1455 4903 1562 4978 igitur,
1578 4902 1617 4976 V,
1634 4902 1707 4962 CM.
1746 4901 1985 4981 ²⁸pracesserit,

394 5000 464 5074 OB,
478 5000 554 5075 MA,
568 5000 644 5061 ΜΒ.
679 4998 797 5075 ²⁰Om.,
810 4999 1019 5074 V,OB,CM,
1034 5000 1110 5075 MA,
1125 5000 1200 5062 MB.
1237 4999 1356 5078 ⁸⁰Om.,
1370 5001 1439 5079 OB,
1455 5003 1531 5078 MA,
1545 5003 1621 5080 ΜΒ,
1636 5004 1675 5064 Υ.
1712 5003 1984 5080 ⁸²debent,MSS.

394 5121 458 5160 var.
496 5099 523 5133 ³²
535 5119 695 5177 personas,
713 5100 790 5175 MG,
807 5101 880 5162 cM.
920 5097 946 5133 ⁸⁸
958 5105 1088 5179 accipet,
1106 5102 1188 5175 Μῦς
1206 5107 1349 5181 accipiet,
1367 5105 1446 5177 CM;
1465 5109 1609 5182 accipiat,
1628 5106 1702 5167 ΜΒ.

478 5197 638 5279 ¹hidegia,
656 5201 727 5274 LA;
745 5199 875 5278 bingis,
893 5201 987 5263 MSS.
1005 5221 1069 5261 var.
1110 5201 1286 5283 ²·⁴bidagia
1303 5209 1442 5284 cartagia
1459 5213 1492 5268 et
1508 5205 1581 5282 alla,
1599 5207 1667 5269 OB.
1708 5207 1891 5290 ’curnagia,
1911 5211 1985 5287 CM,

395 5301 472 5363 MG.
509 5299 690 5380 ἀτηρία,
706 5305 864 5380 carnagia,
879 5305 1037 5380 carusgia‚
1054 5303 1148 5365 MSS.
1164 5325 1230 5365 var.
1268 5303 1399 5381 MOm,
1416 5308 1485 5383 OB,
1503 5308 1579 5383 MA,
1596 5309 1673 5384 ΜΒ,
1691 5310 1757 5385 CE,
1774 5311 1813 5372 Y.
1852 5309 1985 5373 'onera-

393 5407 484 5479 verit,
503 5402 577 5476 OB;
596 5401 832 5480 adquietaverit,
852 5403 927 5477 MA,
946 5405 1021 5465 ΜΒ.
1062 5402 1168 5482 ⁸0m.,
1188 5406 1257 5480 OB,
1276 5408 1353 5483 MA,
1373 5408 1448 5469 ΜΒ.
