4392 6352
842 494 903 556 na
925 495 1199 559 narronrsus
1744 505 1820 574 313

329 644 457 722 Breve
474 629 647 722 clovsvvi
664 644 875 723 vicecomiti
890 646 994 745 qood
1010 647 1139 725 venire
1155 646 1276 743 faciat
1294 645 1463 724 mnsam.

229 761 326 838 Rex
339 761 549 838 vicecomiti
561 763 736 839 salutem.
754 763 888 840 Scias²⁸
901 766 1005 863 quod
1018 764 1285 842 constituimus
1300 765 1456 842 dilectos
1470 773 1510 842 et
1523 766 1654 842 fideles
1667 774 1820 844 nostros

229 880 282 956 A.
298 881 347 956 B.
363 880 408 956 C.
422 881 476 954 D.
490 881 712 959 iustitiarios
727 892 878 960 nostros
893 885 944 959 ad
958 884 1093 960 assises
1108 910 1216 960 novae
1230 884 1433 960 disseisinae
1448 892 1615 961 etcetera
1629 894 1675 961 ut
1690 911 1820 983 supra,

229 1025 301 1098 per
314 999 443 1075 omnia
456 1026 577 1098 usque
591 1001 643 1077 ad
656 999 878 1089 clausulam,
895 1002 953 1079 Et
967 1002 1065 1091 ideo,
1081 1001 1148 1078 et²⁴
1162 1002 1283 1079 tunc²⁶
1300 1003 1369 1078 sic:
1386 1003 1445 1079 Et
1461 1004 1546 1078 ideo
1562 1003 1632 1079 tibi
1647 1003 1819 1102 praecipi-

228 1143 314 1195 mus
330 1117 432 1217 quod
447 1119 517 1196 tali
532 1120 593 1195 die
608 1120 737 1196 venire
753 1121 872 1197 iacias
889 1146 1018 1196 coram
1034 1121 1176 1197 eisdem
1193 1121 1404 1198 iustitiariis
1421 1123 1561 1199 nostris
1579 1124 1685 1221 apud
1701 1124 1819 1199 talem

229 1237 258 1311 f.
275 1236 393 1329 110b]
449 1236 575 1314 locum
592 1262 722 1314 omnes
739 1239 875 1315 assises
892 1265 999 1314 novae
1016 1239 1229 1328 disseisinae,
1246 1241 1381 1317 mortis
1398 1241 1657 1330 antecessoris,
1675 1241 1820 1317 ultimae

228 1355 545 1456 praesentationis,
564 1382 726 1456 magnas
746 1357 882 1434 assises
902 1367 941 1434 et
960 1383 1091 1434 omnes
1111 1359 1256 1435 iuratas
1276 1368 1315 1435 et
1336 1359 1464 1435 omnia
1484 1359 1629 1457 placita
1648 1360 1695 1436 de
1717 1361 1818 1449 dote,

228 1472 466 1550 secundum¹⁸
484 1473 614 1572 quod¹'
631 1475 858 1574 pradictum
874 1485 943 1565 est,
961 1473 1027 1552 et¹⁸
1044 1501 1128 1575 quae
1146 1476 1385 1553 summonitae
1402 1487 1493 1554 sunt
1509 1502 1638 1553 coram
1656 1477 1819 1555 iustitia·

228 1592 293 1668 riis
307 1593 449 1670 nostris
464 1594 514 1669 ad
528 1595 695 1692 primam
710 1595 866 1671 assisam
881 1619 969 1672 cum
983 1596 1023 1670 in
1039 1604 1170 1693 partes
1185 1596 1270 1672 illas
1287 1596 1472 1683 venerint,
1489 1596 1550 1672 vel
1566 1622 1695 1672 coram
1711 1597 1818 1673 iusti·

227 1713 348 1789 tiariis
361 1713 502 1790 nostris
517 1714 623 1811 apud
635 1713 1027 1790 Westmonasterium
1041 1714 1308 1802 atterminatae,
1323 1723 1362 1791 et
1376 1714 1505 1790 omnia
1519 1714 1819 1792 attachiamenta

227 1855 312 1930 quae
330 1831 528 1930 pertinent
547 1831 597 1906 ad
616 1831 770 1928 gaolam
790 1831 1087 1919 deliberandam,
1108 1832 1169 1907 vel
1190 1833 1283 1909 alios
1305 1833 1345 1907 in
1365 1833 1539 1908 custodia
1559 1834 1704 1932 positos
1726 1833 1816 1909 deli·

227 1948 428 2025 berandos.
442 1950 501 2025 Et
514 1974 713 2026 summoue
726 1976 798 2049 per
811 1951 930 2027 bonos
946 1951 1238 2027 summonitores
1254 1976 1384 2027 omnes
1399 1951 1484 2026 illos
1500 1952 1565 2051 qui
1580 1951 1817 2029 vicecomites

228 2070 389 2145 fuerunt
404 2067 638 2167 postquam²⁹
654 2069 881 2148 etceteraut
898 2093 1027 2166 supra.
1046 2070 1163 2144 Teste
1179 2077 1356 2146 etcetera.
1375 2069 1417 2145 Si
1436 2077 1566 2145 autem
1582 2070 1817 2146 constituan-

226 2195 292 2263 tur
308 2187 501 2264 iustitiarii
517 2187 700 2263 adunam
717 2186 873 2263 assisam
890 2212 996 2262 novae
1014 2186 1217 2263 disseisinae
1233 2194 1399 2276 tantum,
1418 2187 1478 2262 vel
1495 2189 1629 2264 mortis
1648 2197 1817 2264 anteces-

227 2304 322 2382 soris
344 2312 511 2394 tantum,
535 2330 664 2394 unam,
688 2304 797 2394 duas,
821 2305 882 2381 vel
906 2305 1049 2403 plures,
1074 2314 1168 2382 tunc
1192 2305 1262 2382 fiat
1287 2305 1340 2381 eis
1365 2306 1541 2382 omnibus
1566 2305 1679 2398 simul
1703 2305 1817 2382 breve

227 2431 365 2521 patens
382 2423 423 2497 in
439 2423 510 2498 hac
525 2423 664 2499 forma.

326 2543 373 2620 Si
393 2550 523 2618 aeteva
544 2550 712 2641 qvotvor
732 2542 1018 2618 constituantur
1039 2541 1178 2619 milites
1197 2543 1392 2620 ivstitiorii
1413 2543 1464 2620 ad
1485 2543 1636 2619 vvicovc
1659 2542 1817 2620 cansam

327 2660 564 2758 capiendam.

226 2779 323 2855 Rax
342 2778 487 2854 dilectis
506 2789 546 2855 et
563 2778 740 2855 fidelibus
759 2779 837 2855 suis
855 2779 907 2854 A.
928 2780 977 2854 Β.
997 2779 1043 2862 C.
1063 2780 1118 2855 D.
1138 2777 1312 2856 salutem.
1336 2778 1473 2856 Sciatis
1495 2780 1599 2877 quod
1618 2778 1815 2855 constitui-

225 2923 311 2974 mus
330 2923 398 2974 vos
418 2897 640 2974 iustitiarios
662 2907 814 2974 nostros
835 2898 885 2973 ad
907 2897 1064 2974 assisam
1085 2922 1193 2973 novae
1215 2897 1418 2974 disseisinae
1440 2898 1676 2996 capiendam,
1700 2922 1817 2996 quam

226 3015 279 3090 A.
293 3016 502 3092 arramavit
515 3041 647 3092 versus
661 3017 709 3091 Β.
725 3041 854 3092 coram
867 3016 973 3093 vobis
988 3041 1058 3114 per
1073 3025 1310 3115 praeceptum
1323 3025 1500 3092 nostrum
1515 3015 1696 3092 delibero
1711 3025 1815 3092 tene·

225 3144 356 3212 mento
373 3160 443 3211 suo
459 3135 586 3211 intuli
603 3135 706 3210 villa.
724 3134 799 3211 Vel
818 3135 886 3210 sic:
906 3158 1022 3232 quam
1040 3135 1093 3210 A.
1115 3134 1323 3211 arramavit
1341 3159 1473 3211 versus
1491 3135 1541 3210 B.
1561 3160 1690 3209 coram
1709 3133 1815 3210 iusti·

225 3252 346 3330 tiariis
362 3254 503 3330 nostris
521 3253 570 3329 ad
587 3253 753 3351 primam
769 3253 926 3329 assisam
942 3252 1086 3330 cumin
1104 3261 1235 3351 partes
1252 3251 1365 3329 illas²⁰
1382 3253 1557 3329 venerint
1574 3261 1751 3330 etcetera.
1774 3251 1816 3329 Si

226 3379 356 3447 autem
369 3371 655 3449 constituantur
669 3380 824 3448 tantum
840 3373 1022 3448 adunam
1038 3371 1195 3448 assisam
1210 3372 1344 3448 mortis
1361 3371 1620 3461 antecessoris,
1636 3381 1730 3448 tunc
1745 3371 1815 3447 sic:

227 3491 365 3569 Sciatis
387 3492 490 3590 quod
510 3490 778 3568 constituimus
798 3517 865 3567 vos
887 3490 1109 3567 iustitiarios
1129 3500 1281 3568 nostros
1302 3491 1353 3565 ad
1375 3491 1533 3567 assisam
1553 3490 1687 3566 mortis
1709 3498 1815 3565 ante·

225 3610 382 3686 cessoris
395 3609 633 3708 capiendam,
649 3635 765 3707 quam
778 3609 831 3685 A.
847 3609 1056 3685 arramavit
1069 3635 1201 3686 versus
1215 3609 1265 3685 B.
1280 3609 1328 3684 de
1341 3617 1453 3685 tanto
1467 3618 1579 3685 terrae
1593 3634 1682 3684 cum
1697 3608 1814 3707 perti·

225 3726 364 3804 nentiis
380 3727 420 3802 in
434 3726 504 3803 tali
518 3726 620 3803 villa.
637 3727 696 3804 Et
710 3728 796 3803 ideo
811 3727 917 3804 vobis
933 3728 1160 3804 mandamus
1176 3728 1279 3825 quod
1295 3727 1346 3802 ad
1362 3726 1463 3802 diem
1480 3736 1519 3803 et
1535 3727 1661 3802 locum
1679 3726 1815 3825 quibus

225 3846 276 3924 ad
296 3847 367 3922 hoc
388 3847 586 3922 intendere
608 3846 795 3946 poteritis,
818 3847 878 3922 vel
901 3870 995 3944 quos
1018 3845 1205 3922 duxeritis
1227 3846 1496 3944 providendos.
1521 3846 1596 3922 Vel
1619 3847 1688 3922 sic:
1712 3846 1816 3944 quod

224 3965 294 4043 tali
311 3963 373 4041 die
389 3965 624 4042 conveniatis
642 3966 748 4063 apud
766 3965 883 4042 talem
901 3965 1027 4040 locum
1047 3965 1097 4040 ad
1115 3964 1273 4040 assisam
1290 3963 1395 4039 illam
1414 3964 1652 4062 capiendam,
1672 3963 1815 4040 facturi

225 4080 314 4158 inde
335 4084 439 4181 quod
461 4084 510 4161 ad
530 4082 717 4159 iustitiam
738 4083 908 4181 pertinet
929 4083 1140 4159 secundum
1159 4082 1285 4179 legem
1307 4091 1347 4158 et
1369 4082 1683 4158 consuetudinem
1704 4082 1815 4180 regni

224 4203 347 4280 nostri
368 4202 536 4300 Angliae,
558 4203 672 4279 salvis
694 4199 802 4277 nobis
825 4199 1127 4277 amerciamentis
1149 4201 1238 4276 inde
1260 4199 1583 4298 provenientibus.
1609 4200 1814 4277 Mandavi-

224 4345 311 4397 mus
332 4321 435 4397 enim
453 4320 664 4397 vicecomiti
684 4329 817 4396 nostro
837 4319 907 4397 tali
928 4318 1031 4417 quod
1053 4318 1211 4395 assisam
1231 4318 1348 4406 illam,
1371 4318 1481 4395 dietis
1504 4319 1566 4393 die
1587 4327 1627 4396 et
1648 4320 1731 4394 loco
1754 4318 1815 4395 vel

226 4439 276 4514 ad
297 4438 398 4514 diem
418 4447 457 4515 et
476 4438 603 4514 locum
622 4463 736 4536 quem
757 4438 791 4514 ei
813 4438 906 4514 scire
927 4437 1088 4526 facietis,
1110 4462 1239 4512 coram
1260 4436 1365 4514 vobis
1388 4437 1518 4513 venire
1539 4437 1670 4513 iaciat.
1694 4438 1752 4514 Et
1775 4437 1815 4512 in

224 4555 336 4633 huius
354 4557 409 4632 rei
426 4555 688 4633 testimonium
705 4555 893 4633 mittimus
911 4555 1018 4631 vobis
1036 4557 1129 4632 istas
1147 4555 1296 4632 litteras
1315 4565 1467 4632 nostras
1486 4565 1675 4654 patentes.
1697 4556 1815 4633 Teste

227 4682 404 4750 etcetera.
434 4675 492 4751 Et
521 4700 638 4773 super
664 4674 736 4749 hoc
764 4674 834 4749 fiat
861 4673 1073 4750 vicecomiti
1101 4674 1216 4750 breve
1245 4674 1418 4751 clausum
1447 4674 1552 4773 quod
1581 4675 1814 4772 respondeat

225 4792 360 4868 formae
377 4793 608 4891 praecedenti
625 4791 841 4891 peremnia
857 4791 898 4868 in
914 4793 985 4868 hac
1003 4793 1141 4867 forma.

324 4909 452 4986 Breve
468 4911 516 4986 de
534 4909 667 4986 eodem
685 4910 895 4987 vicecomiti
913 4909 1084 4985 clavatam
1102 4910 1207 5008 qvod
1224 4909 1353 4987 vevire
1369 4908 1490 5004 sociat
1508 4909 1677 4987 cansam.

224 5027 321 5103 Rrx
337 5027 548 5104 vicecomiti
562 5027 660 5102 tali²²
677 5026 852 5104 salutem.
872 5026 1006 5104 Scias²²
1024 5026 1126 5127 quod
1144 5027 1411 5104 constituimus
1428 5029 1481 5102 A.
1500 5029 1548 5103 Β.
1569 5028 1614 5104 C.
1633 5029 1688 5102 D.
1707 5027 1814 5105 iusti·

224 5208 252 5244 ι’
263 5214 379 5285 satas,
393 5210 433 5287 v,
447 5213 517 5286 os,
532 5212 609 5287 MA,
625 5212 698 5274 nc.
735 5211 801 5246 ²²²²²
813 5211 893 5289 om,
909 5211 978 5286 os,
995 5211 1070 5286 MA,
1087 5212 1163 5273 us.
1200 5209 1266 5246 ¹¹¹¹¹
1278 5215 1367 5287 aaut,
1383 5212 1451 5286 os,
1469 5211 1545 5286 MA,
1563 5213 1639 5288 us,
1656 5211 1722 5287 ca,
1739 5212 1813 5273 cu.

224 5308 607 5387 ²⁸0m,0B,MA,MB.
644 5311 945 5389 19οιι].,Μο,οΜ.
982 5311 1278 5389 ¹⁰om.,os,un,
1294 5313 1334 5389 v,
1351 5313 1416 5374 cu.
1454 5311 1573 5389 Ιῑοη..
1589 5313 1665 5388 MA,
1682 5313 1814 5388 ΜΗ,

225 5411 301 5473 Mc.
339 5409 631 5489 secaneos,
647 5413 720 5475 cu.
