4432 6336
667 485 727 544 DE
750 483 1053 558 ADQUIRENDO
1076 484 1234 546 RERUM
1257 484 1459 546 DOMINIO
1783 493 1853 558 Ill

268 633 348 710 vita
364 659 451 712 msa
466 633 538 712 ribi
553 644 592 712 et
609 634 809 714 heredibus
826 635 917 725 sucis,
935 646 975 713 et
990 646 1081 735 post
1100 645 1263 713 martem
1280 660 1404 712 meam
1422 636 1472 712 de
1490 633 1718 733 capitalibus
1736 635 1856 712 mni-

266 751 326 828 nis
340 776 413 851 pro
430 753 585 830 servitio
602 755 707 853 quod
723 755 774 832 ad
790 755 896 832 illam
913 765 1057 831 terram
1074 756 1256 855 pertinet,
1274 755 1305 832 si
1323 762 1528 854 postnatus
1548 751 1856 852 premoriatur,⁴²

267 878 472 948 antenatus
492 871 696 948 suceedet⁴⁸
715 872 762 961 ei,
784 872 874 972 quia
893 872 1116 972 homagium
1136 899 1215 951 non
1234 871 1523 950 intervenerit.⁴⁴
1547 873 1589 949 Si
1612 881 1742 950 autem
1764 871 1855 962 sic‚⁴⁸

267 988 500 1064 tenendam⁴⁰
521 991 570 1067 de
592 991 821 1091 capitalibus
841 992 1017 1082 dominis,
1040 993 1092 1068 sic
1114 992 1284 1069 excludit
1306 1019 1346 1068 se
1369 1017 1392 1067 a
1413 993 1597 1068 custodia.
1623 994 1726 1069 Item
1749 992 1781 1068 si
1804 992 1856 1069 sic

266 1109 336 1186 flat
363 1110 520 1187 donatio
547 1110 627 1187 filio
654 1120 837 1188 antenato
865 1139 889 1187 a
915 1120 1028 1210 patre
1055 1112 1259 1200 communi,
1288 1137 1360 1210 pro
1389 1111 1543 1188 servitio
1572 1111 1650 1188 sive
1676 1111 1856 1210 homagio

265 1231 475 1307 tenendum
496 1230 545 1308 de
566 1231 794 1330 capitalibus
817 1231 1020 1320 dominis,⁴⁷
1043 1243 1082 1310 et
1103 1232 1192 1309 talis
1215 1233 1256 1309 in
1277 1233 1360 1309 vita
1380 1232 1503 1332 patris
1525 1233 1726 1322 moriatur,
1750 1241 1855 1332 post·

265 1360 380 1428 natus
407 1351 542 1440 frater,
570 1352 647 1428 sive
673 1352 793 1428 fuerit
818 1353 941 1428 maior
967 1353 1045 1428 sive
1071 1353 1207 1441 minor,
1236 1352 1411 1429 succedet
1438 1353 1484 1440 ei,
1510 1360 1624 1451 patre
1651 1351 1805 1429 excluso
1833 1378 1857 1428 a

264 1470 449 1546 custodia.
474 1471 532 1547 Et
555 1472 586 1547 si
609 1471 734 1546 minor
758 1471 889 1560 fuerit,
914 1470 964 1547 ad
987 1471 1184 1548 dominum
1207 1470 1413 1570 capitalem
1436 1471 1645 1570 pertinebit
1669 1472 1854 1549 custodia.

267 1588 309 1663 Si
328 1597 459 1664 autem
476 1588 610 1678 maior,
627 1597 721 1664 tunc
739 1589 982 1681 relevium.)
1005 1590 1074 1667 Fit
1092 1599 1223 1667 autem
1242 1590 1398 1667 donatio
1417 1591 1458 1666 in
1477 1591 1670 1689 scriptura
1689 1614 1759 1689 per
1778 1589 1857 1666 haee

265 1705 392 1796 verba,
416 1705 554 1785 Sciant
576 1718 786 1808 praesentes
811 1720 849 1786 et
872 1708 1000 1803 tutari
1023 1710 1128 1809 quad
1153 1734 1225 1808 epo
1250 1709 1340 1786 talis
1362 1709 1491 1797 dedi,⁴⁸
1517 1710 1695 1798 concessi,
1720 1719 1760 1786 et
1785 1708 1856 1785 hac

263 1829 446 1926 prasenti
469 1837 577 1904 carta
599 1851 685 1904 mea
705 1828 930 1925 confirmavi
953 1828 1034 1916 tali,
1056 1854 1130 1929 pro
1155 1828 1332 1927 hanapia
1357 1839 1395 1905 et
1419 1828 1574 1905 seruitio
1597 1852 1679 1914 suo,
1704 1837 1855 1904 tantam

264 1954 407 2022 terram
428 1971 515 2022 cnm
534 1947 778 2047 pertinentiis
796 1948 837 2024 in
857 1946 928 2032 tali
947 1947 1049 2035 uilla,
1070 1956 1236 2025 etcetera
1255 1946 1328 2023 ut⁴⁰
1349 1947 1465 2024 infra.
1488 1948 1547 2024 Et
1568 1948 1671 2023 unde
1692 1973 1764 2046 per
1784 1947 1855 2023 hoc

263 2067 367 2165 quod
389 2066 491 2157 dicit,
514 2066 614 2166 epo⁶⁰
637 2068 737 2155 talis,
757 2067 844 2143 vult
865 2068 967 2166 quod
989 2075 1095 2143 certa
1116 2092 1282 2166 persona
1303 2066 1651 2165 comprehendatur
1673 2067 1714 2142 in
1736 2066 1853 2143 dona·

262 2186 367 2262 tione
382 2211 466 2285 quse
481 2187 559 2263 dat.
576 2187 635 2261 Et
650 2212 721 2285 per
735 2186 805 2262 hoc
820 2187 924 2285 quod
939 2186 1042 2274 dicit,
1059 2186 1160 2274 dedi,
1175 2185 1260 2262 vult
1276 2186 1379 2284 quod
1396 2211 1456 2262 res
1474 2186 1567 2261 data
1582 2186 1652 2263 fiat
1669 2185 1853 2284 aecipien-

262 2307 323 2383 tis.
340 2307 399 2383 Et
415 2332 485 2406 per
499 2306 571 2382 hoc
585 2305 689 2405 quod
705 2305 808 2394 dicit,
825 2306 1002 2392 concessi,
1018 2305 1206 2404 perpendi
1222 2304 1367 2403 poterit
1383 2330 1432 2381 ex
1448 2305 1519 2381 hoc
1535 2305 1638 2402 quod
1656 2304 1854 2382 donationi

261 2451 488 2503 consensum
506 2424 681 2523 praebuit,
700 2425 791 2523 quia
808 2449 886 2500 non
902 2425 1069 2501 multum
1086 2424 1220 2501 differt
1238 2422 1390 2500 dicere⁸²
1409 2425 1575 2500 concessi
1595 2449 1712 2523 quam
1731 2424 1854 2499 dicere

261 2543 446 2620 consensi.
466 2544 569 2621 Item
586 2569 658 2642 per
675 2543 746 2620 hoc
764 2545 868 2642 quod
886 2542 990 2632 dicit,
1008 2544 1191 2643 prceemti
1209 2551 1318 2619 carta
1335 2567 1421 2620 mea
1439 2543 1675 2640 confirmavi,
1694 2568 1766 2642 per
1782 2543 1854 2618 hoc

261 2664 388 2742 innuit
407 2665 511 2763 quod
530 2663 614 2740 vult
634 2663 738 2762 quod
756 2663 934 2739 voluntas
956 2687 1035 2750 sua,
1056 2687 1127 2761 per
1145 2687 1263 2760 quam
1282 2687 1342 2739 res
1363 2662 1602 2738 transfertur
1621 2661 1671 2736 ed
1693 2662 1852 2738 donata·

261 2783 374 2872 rium,
390 2793 429 2860 et
444 2808 528 2883 quae
542 2783 655 2860 firma
668 2807 750 2858 esse
764 2781 889 2870 debet,
905 2781 1084 2881 prasenti
1099 2789 1207 2856 carta
1223 2779 1337 2878 sigilli
1353 2780 1411 2856 sui
1427 2779 1637 2856 munimine
1653 2781 1852 2856 confirme-

260 2912 337 2980 tur.
360 2903 438 2979 Est
458 2903 561 2980 enim
581 2901 810 2978 confirmare
830 2900 869 2977 id
891 2900 993 3000 quod
1015 2899 1122 2998 prius
1144 2900 1301 2975 firmum
1322 2899 1400 2975 fuit
1422 2898 1535 2976 simul
1557 2899 1723 2975 firmare.
1748 2901 1852 2976 Item

261 3047 331 3121 per
348 3022 419 3098 hoc
436 3022 539 3120 quod
556 3021 659 3110 dicit,
677 3020 758 3108 tali,
775 3019 860 3096 vult
877 3018 981 3118 quod
998 3026 1103 3094 certa
1121 3043 1286 3116 persona
1303 3016 1572 3116 exprimatur⁶²
1590 3017 1651 3093 cui
1669 3018 1715 3094 fit
1733 3019 1851 3094 dona·

261 3139 290 3216 f.
306 3142 375 3234 35]
430 3139 497 3217 tio.
515 3140 619 3217 Item
634 3165 705 3238 per
717 3138 789 3214 hoc
803 3139 906 3237 quad
921 3137 1024 3227 dicit,
1040 3162 1114 3238 pra
1130 3137 1308 3235 homapio
1324 3147 1363 3213 et
1378 3137 1532 3214 seruitio
1548 3162 1630 3224 sua,
1646 3136 1731 3214 vult
1747 3137 1852 3235 quod

260 3268 366 3335 certa
381 3259 431 3336 sit
445 3283 562 3335 causa
576 3284 648 3357 pro
665 3284 742 3356 qua
757 3258 802 3335 fit
819 3257 987 3333 donatio.
1005 3257 1063 3334 Et
1079 3256 1179 3333 idem
1197 3257 1227 3332 si
1244 3255 1347 3333 dicat
1364 3282 1437 3354 pro
1454 3257 1608 3333 servitio
1625 3256 1705 3332 sine
1721 3256 1850 3333 homa·

259 3380 336 3476 gio.
358 3381 462 3455 Item
480 3403 551 3476 per
567 3378 639 3453 hoc
657 3377 760 3476 quod
780 3376 883 3464 dicit,
904 3384 1054 3453 tantam
1075 3384 1230 3463 terram,
1249 3375 1334 3451 vult
1355 3375 1458 3473 quod
1478 3383 1584 3450 certa
1605 3399 1665 3450 res
1686 3374 1851 3451 deducta

260 3496 374 3575 sitin
398 3495 669 3583 donationem,²
694 3505 733 3572 et
756 3502 868 3569 certae
892 3493 1133 3593 pertinentia
1157 3518 1241 3592 quae
1263 3502 1357 3570 tunc
1381 3493 1653 3591 pertinuerrmt
1676 3518 1765 3571 curn
1789 3520 1850 3570 res

259 3615 365 3692 venit
378 3616 420 3691 in
433 3615 690 3691 donationem.
708 3614 811 3690 Item
826 3639 896 3712 per
910 3614 980 3687 hoc
995 3613 1098 3712 quod
1112 3611 1216 3700 dicit,
1231 3613 1273 3689 in
1287 3612 1357 3689 tali
1372 3611 1475 3700 tilla,
1490 3611 1588 3688 vult¹
1605 3612 1708 3712 quod
1723 3621 1851 3688 certus

259 3733 365 3810 locus
382 3732 741 3832 comprehendatur,
758 3733 799 3807 in
816 3757 968 3829 quares
985 3731 1059 3807 sita
1075 3741 1134 3808 est
1151 3754 1235 3830 quae
1252 3731 1379 3807 datur.
1400 3733 1504 3808 Item
1521 3731 1707 3807 contineri
1725 3731 1850 3821 debet,

260 3852 475 3929 babendum
494 3861 534 3929 et
551 3851 756 3929 tenendam
776 3847 846 3926 tali
864 3859 903 3928 et
922 3848 1123 3926 heredibus
1141 3849 1232 3936 uris,
1252 3849 1494 3946 generaliter,
1514 3849 1574 3926 vel
1594 3875 1682 3926 cum
1701 3859 1849 3927 coarta-

258 3972 364 4049 tione
379 3971 575 4059 heredum,
592 3969 708 4046 libere
725 3968 777 4046 et⁸
794 3966 933 4067 quiete,
951 3966 1169 4065 honorifice,
1187 3966 1282 4044 bene
1301 3977 1339 4043 et
1355 3969 1397 4045 in
1412 3991 1520 4067 pace,
1538 3967 1612 4043 vel⁴
1628 3969 1671 4045 in
1688 3968 1862 4045 liberum.

260 4091 607 4191 mauronianus
622 4100 661 4167 et
677 4088 878 4168 heredibus
894 4088 972 4164 anis
991 4087 1142 4175 talibus,
1159 4087 1220 4162 vel
1238 4087 1307 4165 tali
1323 4086 1465 4176 abbati,
1482 4089 1543 4164 vel
1560 4089 1693 4188 priori,
1710 4097 1750 4166 et
1767 4113 1850 4164 sne·

259 4215 470 4293 cessaribus
484 4214 562 4290 nris
577 4213 618 4289 in
632 4210 791 4288 liberam
808 4220 846 4287 et
861 4234 1001 4309 puram
1017 4208 1273 4286 elemosinam.
1293 4210 1396 4285 Item
1413 4209 1482 4286 tali
1499 4219 1537 4287 et
1553 4208 1755 4286 haedibus
1771 4211 1851 4286 anis

259 4335 321 4412 uel
343 4334 560 4433 assipnatis,
582 4331 792 4408 secundum
815 4329 918 4429 quod
941 4327 1130 4429 superius
1153 4328 1274 4406 videri
1297 4329 1441 4428 poterit
1463 4330 1504 4405 in
1528 4331 1705 4430 exemplo
1729 4331 1849 4407 mani·

258 4457 370 4533 feste.
387 4455 447 4532 Et
463 4479 534 4553 per
549 4452 620 4528 hoc
636 4451 740 4550 quod
757 4449 860 4538 dicit,
877 4448 947 4526 tali
962 4458 1000 4526 et
1018 4449 1219 4526 heredibus
1235 4451 1326 4537 nris,
1342 4449 1427 4526 vult
1445 4451 1609 4527 donator
1627 4451 1730 4551 quod
1748 4477 1849 4529 com·

257 4574 550 4676 prehendantur
567 4582 679 4649 eertae
697 4594 880 4671 personae,
900 4570 950 4645 ad
969 4595 1064 4667 quas
1082 4570 1311 4647 descendere
1330 4570 1481 4646 debeat⁸
1501 4597 1562 4648 res
1582 4571 1739 4650 donata'
1760 4583 1850 4673 post

258 4793 457 4868 ⁴²moriatur,
473 4791 540 4865 oc,
555 4790 632 4851 MG,
669 4787 696 4822 ⁴⁸
708 4786 854 4860 succedit,
869 4787 963 4848 MSS.
978 4806 1044 4847 var.
1083 4783 1110 4820 ⁴⁴
1121 4789 1297 4863 intervenit,
1314 4789 1389 4864 ΟΜ,
1406 4790 1480 4864 ΗΒ,
1496 4791 1536 4850 Y.
1574 4789 1663 4867 “sit,
1680 4791 1757 4866 MG,
1775 4793 1849 4867 CM,

259 4894 333 4955 ΗΒ.
368 4884 396 4926 ⁴⁶
406 4891 533 4954 tenendi
546 4890 596 4966 de,
609 4889 676 4963 OC,
690 4886 958 4962 OD3teuendum,
973 4886 1011 4947 V.
1049 4886 1075 4921 ⁴²
1086 4886 1217 4950 dominis
1233 4888 1329 4963 feodi,
1343 4890 1418 4965 ΟΜ,
1434 4891 1507 4951 HA
1544 4889 1570 4925 ⁴⁸
1582 4891 1654 4952 dedi
1669 4900 1710 4969 et,
1726 4895 1766 4968 V,
1780 4894 1848 4968 OA,

259 4993 327 5068 ΟΕ,
344 4992 419 5066 Μο,
437 4992 504 5065 LA,
521 4992 594 5052 ΗΒ,
633 4988 660 5024 ⁴⁹
672 4996 713 5063 et,
730 4987 888 5063 OA,-OD,
906 4988 972 5048 MA
992 4987 1086 5065 (ita),
1104 4989 1178 5064 ΜΟ,
1197 4991 1274 5065 ΜΟ,
1293 4990 1360 5064 ΟΕ,
1378 4990 1445 5066 LA,
1464 4994 1538 5068 CM,
1558 4994 1623 5054 HA
1643 4994 1735 5072 (ita),
1754 4997 1791 5070 P,
1808 4997 1847 5056 Y.

258 5092 285 5129 aa
296 5100 329 5154 et
342 5112 412 5172 030,
426 5092 496 5166 OB,
510 5092 586 5164 MA,
602 5090 678 5162 ΜΒ,
693 5088 760 5162 GE,
774 5090 813 5149 Y,
850 5087 876 5121 ⁶²
888 5088 969 5164 Om.‚
984 5088 1054 5162 OB,
1069 5090 1146 5165 MA,
1161 5090 1240 5151 MN.
1278 5089 1305 5124 ⁶²
1316 5095 1516 5169 exprimetur,
1533 5095 1610 5169 MG,
1627 5096 1701 5170 CM,
1717 5097 1790 5158 HA

341 5191 543 5264 ¹donattane,
563 5191 604 5265 Y,
625 5190 700 5250 MA.
742 5187 834 5250 ²vult
854 5196 899 5263 ut,
919 5190 988 5265 OA,
1009 5189 1082 5264 OD,
1103 5191 1169 5265 ΟΕ,
1191 5191 1257 5253 LA.
1300 5191 1405 5268 ⁸Om.,
1426 5195 1496 5269 OB,
1517 5197 1590 5272 OD,
1613 5198 1690 5275 MA,
1712 5200 1786 5274 HA,
1808 5201 1847 5262 Y.

256 5293 324 5368 *Μ
342 5292 412 5367 on,
430 5293 507 5367 ΜΑ,
525 5292 604 5353 un.
645 5289 812 5364 nunnus,
830 5291 900 5365 on,
919 5290 994 5366 un,
1014 5292 1090 5351 Me.
1131 5288 1257 5369 ‘uene
1275 5293 1345 5369 oa,
1365 5295 1441 5369 MA,
1460 5297 1540 5374 ΜΜ,
1561 5299 1598 5373 r,
1616 5300 1662 5372 Μ
1681 5321 1751 5378 om,
1771 5303 1846 5365 un.

256 5394 552 5470 *mundun
834 5431 836 5434 -
