4394 6342
355 496 404 565 3ss
885 485 1191 549 senercurte
1215 485 1407 548 incisus

354 638 434 717 rius
450 638 602 739 plenius
617 637 767 715 dicetrrr
781 637 830 715 de
845 636 1020 714 custodis
1036 645 1075 713 et
1091 661 1195 713 curn
1214 635 1404 727 Quoedem
1419 633 1539 712 vero‘⁰
1556 643 1695 712 neutro
1712 633 1796 712 iure
1812 643 1944 712 tenen-

353 767 432 847 tur,
450 758 548 835 sicut
565 757 620 833 illi
638 756 812 855 quisunt
829 756 953 856 plenoe
970 757 1105 833 aetatis.
1123 754 1182 834 Et
1201 754 1338 854 quibus
1357 753 1479 832 modis
1497 753 1634 830 finitur
1650 752 1776 831 tutele
1794 763 1833 832 et
1851 779 1946 830 cirre

354 876 503 954 dicetur
520 875 672 976 plenius
690 876 806 953 infre.
827 874 957 953 Item⁴²
976 876 1152 975 quaedom
1171 884 1262 953 sunt
1281 874 1352 952 sub
1371 873 1494 972 virga,
1514 883 1560 951 ut
1578 897 1719 950 uxores
1738 872 1944 950 etceters.⁴²

453 995 538 1074 Sub
553 1004 747 1096 potestate
762 995 1005 1074 dontinorom
1021 1005 1113 1072 sant
1129 994 1239 1072 servi.

356 1121 477 1198 Snuvr
491 1127 623 1198 autem
636 1119 707 1197 sub
721 1127 914 1218 potestate
928 1118 1172 1194 dominorum
1187 1126 1289 1208 sunt,
1305 1142 1375 1195 nee
1390 1116 1552 1195 solvitur
1567 1117 1758 1195 dominice
1771 1125 1944 1217 potestus

352 1237 538 1340 quamdiu
557 1246 756 1317 manentes
777 1237 925 1316 fuerint
944 1237 985 1314 in
1005 1236 1211 1336 villenogio
1231 1236 1402 1314 levantes
1422 1244 1463 1313 et
1482 1237 1678 1326 cubantes,
1700 1238 1779 1315 sive
1799 1246 1944 1315 terrem

351 1358 547 1436 tenuerint
563 1358 640 1435 sive
656 1382 746 1435 non.
763 1360 868 1436 Item
883 1356 983 1435 etsi⁴⁸
998 1383 1077 1434 non
1092 1366 1291 1434 manentes
1307 1355 1350 1433 in‘
1363 1355 1569 1455 villenogio
1586 1355 1653 1434 sed
1668 1365 1856 1456 regentes
1872 1382 1944 1456 per

351 1479 532 1577 patriam,
548 1487 683 1556 euntes
696 1485 737 1554 et
750 1477 966 1567 redeuntes,
982 1501 1133 1576 semper
1149 1477 1220 1553 sub
1235 1484 1429 1576 potestate
1443 1476 1687 1553 dominorum
1703 1486 1794 1554 sunt
1810 1500 1942 1575 quum·

352 1597 418 1673 diu
434 1596 628 1675 redierint.
645 1598 808 1674 Etcum
823 1595 1138 1673 consuetudinem
1153 1595 1372 1673 revertendi
1387 1595 1526 1672 hebere
1543 1595 1736 1684 desierint,
1754 1594 1943 1694 incipiunt

351 1742 433 1794 esse
456 1716 624 1815 fugitivi,
648 1716 698 1793 sd
719 1716 1007 1792 similitudinem
1029 1740 1230 1791 cervorum
1252 1714 1559 1792 domesticorum.
1584 1715 1688 1791 Item
1712 1714 1854 1792 sicum
1876 1740 1942 1790 vs·

349 1846 487 1934 gentes
502 1837 660 1924 fuerint,
675 1835 774 1913 sicut
786 1844 1017 1912 mercatores
1031 1835 1093 1910 vel
1102 1834 1337 1922 mercenarii,
1346 1833 1460 1910 certis
1469 1833 1709 1933 temporibus
1717 1835 1943 1932 chevogium

351 1952 575 2044 solverint,“
600 1953 703 2052 quod
728 1953 869 2030 dicitur
893 1953 1105 2051 recognitio
1129 1953 1170 2029 in
1196 1953 1350 2052 signum
1376 1952 1619 2031 subiectionis
1645 1963 1684 2032 et
1710 1952 1868 2030 dominii
1892 1952 1943 2029 de

349 2072 477 2172 capite
506 2098 587 2162 suo,
616 2072 828 2172 quamdiu⁴'
857 2072 1083 2170 chevagium
1113 2074 1296 2150 solverint
1326 2073 1508 2149 dicuntur
1535 2097 1619 2150 esse
1649 2073 1720 2149 sub
1749 2082 1942 2172 potestate

350 2191 605 2282 dominorum,
631 2190 728 2268 nee⁴⁸
753 2192 916 2270 solvitur
939 2191 1130 2269 dominica
1154 2189 1365 2291 potestas.⁴'
1392 2192 1564 2270 Etcum
1588 2192 1734 2269 solvere
1759 2190 1943 2269 desierint

349 2311 541 2411 incipiunt
555 2338 636 2389 esse
652 2310 819 2409 fugitivi.
837 2313 942 2389 Etsi
959 2311 1089 2410 aliquo
1104 2312 1376 2410 predictorum
1390 2311 1594 2388 modorum
1611 2311 1749 2410 fugem
1767 2311 1941 2400 fecerint,

352 2424 485 2507 statim
514 2428 720 2528 persequi⁴⁸
749 2428 890 2507 debent
918 2439 957 2508 et
986 2438 1170 2520 recenter,
1201 2429 1307 2506 infre
1333 2429 1494 2506 tertium
1524 2430 1625 2507 diem
1655 2430 1716 2508 vel
1746 2439 1940 2529 quartum,

350 2551 471 2627 donec
485 2549 633 2625 fuerint
645 2548 907 2648 comprehensi
920 2559 960 2628 et
973 2548 1134 2638 reducti,
1149 2548 1378 2648 ubicumque
1391 2549 1537 2626 inventi
1552 2548 1710 2627 fuerint.
1727 2550 1813 2626 Nec
1829 2549 1942 2626 debet

200 2689 204 2699 '
351 2669 486 2768 uliquis
502 2694 566 2746 eos
582 2667 769 2767 impedire
785 2667 961 2744 ratione⁰
979 2667 1137 2745 alicuius
1153 2667 1341 2745 libertatis
1358 2667 1419 2744 vel
1435 2667 1638 2768 privilegii,
1656 2668 1746 2766 quia
1764 2668 1941 2745 dominus

350 2787 576 2864 servorum‘o
603 2789 757 2864 illorum
785 2812 937 2886 semper
964 2788 1105 2866 retinet
1133 2786 1356 2877 dominium,
1384 2785 1531 2864 donec⁸¹
1560 2787 1657 2864 illud
1686 2787 1841 2864 amittet
1870 2813 1941 2886 per

350 2909 379 2987 f.
394 2911 439 3003 t]
494 2909 782 3008 negligentiam,
799 2908 861 2985 vel
876 2935 947 3008 per
963 2909 1184 2987 violentiam
1200 2919 1240 2987 et
1257 2909 1439 2987 iniustam
1456 2909 1724 2998 resistentiam,
1742 2917 1782 2987 et
1797 2910 1859 2985 cui
1877 2909 1941 2986 ille

349 3031 415 3130 qui
439 3032 695 3130 persequitur²
720 3031 910 3108 resistere²
935 3057 1013 3107 non
1037 3032 1170 3131 possit.
1197 3031 1256 3109 Et
1280 3033 1383 3109 unde
1408 3031 1603 3130 oportebit
1629 3032 1678 3108 ed
1704 3033 1941 3132 superiorem

348 3179 556 3243 recurrere,
574 3163 620 3232 ut
640 3153 709 3230 sibi
728 3154 928 3254 perquirat
947 3154 1163 3252 perbreve,
1184 3154 1255 3231 nisi
1275 3153 1330 3230 ite
1350 3154 1398 3230 sit
1419 3154 1522 3231 forte
1543 3154 1647 3251 quod
1666 3153 1730 3230 ille
1750 3152 1940 3251 fugitivus

349 3274 455 3352 inire
476 3300 622 3352 annum
643 3275 693 3352 sd
714 3275 963 3372 villenagium
984 3301 1096 3352 suum
1118 3284 1337 3352 revertetur
1357 3282 1398 3351 et
1419 3301 1443 3350 s
1465 3274 1621 3351 domino
1642 3275 1939 3374 eomprehenda-

349 3406 416 3473 tur
439 3407 479 3475 et
503 3397 733 3486 detineatur,
759 3397 862 3496 quod
887 3396 1042 3497 quidem
1066 3396 1169 3474 licite
1194 3406 1323 3496 potest
1349 3397 1476 3473 facere
1503 3397 1691 3486 dominus,
1718 3395 1822 3495 quic'
1850 3405 1940 3473 ente

348 3542 495 3596 annum
511 3518 746 3618 completum
764 3519 914 3596 nullum
930 3519 1070 3595 habere
1088 3526 1217 3616 potest
1235 3518 1480 3618 privilegium
1499 3518 1700 3617 fugitivus.
1720 3520 1806 3597 Nee
1823 3519 1940 3596 etism

349 3642 380 3718 si
396 3641 573 3718 dominus
586 3642 693 3717 infra
707 3666 852 3717 annum
866 3640 1046 3717 clemium
1062 3665 1175 3718 suum
1190 3640 1519 3739 qualitercumque
1535 3640 1771 3739 apposuerit,
1789 3640 1820 3718 si
1836 3641 1939 3738 fugi·

349 3763 451 3840 tirus
472 3771 562 3861 post
582 3788 728 3839 annum
747 3762 903 3839 redierit
922 3761 1024 3838 licite
1043 3744 1200 3838 retineri
1221 3762 1376 3862 poterit,
1398 3787 1467 3839 nec
1488 3763 1609 3840 currit
1629 3771 1784 3861 tempus
1805 3773 1941 3839 contra

349 3883 559 3973 dominum,
580 3909 668 3961 cum
687 3909 749 3961 res
769 3909 841 3983 per
860 3883 1041 3960 clamium
1062 3884 1285 3983 appositum
1305 3883 1474 3982 litigiose
1494 3883 1692 3974 efficiatur,
1714 3894 1754 3961 et
1776 3909 1848 3984 per
1869 3883 1940 3960 hoe

348 4016 602 4105 perpetuetur
622 4005 722 4082 actio
740 4008 991 4105 imposterum
1010 4015 1050 4084 et
1068 4005 1235 4084 elidatur
1255 4005 1527 4105 privilegium*
1550 4006 1592 4082 Si
1612 4015 1742 4084 autem
1763 4005 1940 4083 dominus

349 4126 413 4204 ille
434 4126 634 4226 negligens
657 4125 829 4205 extiterit
851 4125 892 4201 in
913 4126 1193 4226 persequendo⁸
1215 4136 1255 4205 et
1277 4127 1318 4203 in
1341 4127 1478 4203 clamio
1502 4127 1734 4226 apponendo
1758 4127 1938 4226 qualiter·

348 4273 522 4346 cumque,
544 4249 576 4327 si
596 4248 785 4347 fugitivus
806 4256 896 4348 post
917 4273 1061 4326 annum
1082 4257 1299 4326 revertatur
1319 4275 1398 4325 non
1418 4249 1492 4325 erit
1512 4249 1668 4325 domino
1687 4249 1835 4325 licitum
1855 4246 1939 4326 nee⁸

348 4379 479 4447 tutum
498 4395 657 4447 menum
678 4369 898 4471 apponere,T
920 4396 1008 4447 cum
1027 4379 1117 4469 post
1139 4395 1284 4446 annum
1305 4371 1427 4470 possit
1449 4370 1638 4468 fugitivus
1660 4371 1800 4447 habere
1822 4372 1938 4470 privi-

348 4490 505 4589 legium,
528 4501 567 4570 et
590 4518 630 4568 se
652 4493 694 4567 in
717 4500 823 4568 stetu
845 4491 965 4568 libero
988 4491 1196 4568 defendere
1220 4517 1292 4590 per
1315 4491 1591 4590 exceptionem.
1616 4491 1675 4568 Et
1701 4491 1753 4568 sic
1778 4493 1940 4570 solvitur

347 4693 374 4729 ⁴⁰
387 4695 467 4769 Om,
486 4695 563 4772 MG,
582 4695 655 4756 CM.
696 4693 763 4729 ⁴⁴⁴⁴⁴
774 4695 855 4770 om,
873 4696 942 4770 OB,
962 4697 1039 4772 ΜΒ,
1058 4695 1125 4772 CB,
1145 4697 1189 4769 Y,
1213 4695 1299 4772 (OA,
1319 4694 1433 4772 rubr).
1476 4693 1551 4770 ⁴⁸⁸1,
1572 4696 1648 4772 MA,
1667 4696 1707 4771 V,
1727 4696 1782 4756 CB
1807 4695 1862 4773 (-Ι-
1875 4696 1937 4773 et).

347 4795 467 4870 “om,
486 4795 555 4872 OA,
576 4795 645 4871 OB,
666 4795 733 4871 OC,
751 4797 819 4872 LA,
840 4796 914 4871 MC,
935 4797 1003 4871 CB,
1022 4798 1063 4873 Y,
1085 4798 1158 4872 HA,
1181 4798 1256 4871 ΜΒ,
1277 4798 1354 4874 MG,
1377 4798 1443 4857 MA
1468 4796 1524 4873 (4-
1536 4795 1715 4874 dederint);
1737 4797 1871 4873 solvunt,
1892 4799 1937 4870 V;

347 4897 480 4971 solvent,
496 4897 576 4970 CM;
594 4897 753 4974 solverint,
769 4898 848 4958 MD.
886 4895 956 4959 4⁶et
972 4898 1127 4976 quamdiu,
1143 4898 1183 4973 V,
1201 4900 1257 4961 OC
1279 4898 1411 4976 (ψει),
1428 4900 1491 4960 CM
1514 4897 1570 4975 (-l-
1583 4899 1644 4976 et).
1684 4897 1842 4977 “·⁴'0m.,
1860 4900 1938 4974 MG,

349 4997 423 5072 CM,
439 4995 506 5058 OC.
543 4996 570 5031 ⁴⁸
581 5001 737 5075 prosequi,
768 4999 807 5073 V,
824 4999 901 5075 MA,
918 4999 995 5075 MG,
1012 4999 1085 5060 CM.
1124 4998 1266 5078 ⁴⁹eliqua
1283 5004 1412 5075 ratione,
1430 5000 1508 5075 MG,
1526 5003 1598 5063 CM.
1638 4999 1757 5078 ⁶⁰0m,
1775 5002 1844 5079 OB,
1862 5003 1937 5064 MB.

348 5096 374 5131 ⁸¹
386 5115 454 5172 nec,
466 5096 536 5174 OB,
550 5098 627 5173 ΜΒ,
642 5098 708 5172 CB,
723 5100 789 5160 MA
807 5099 902 5177 (corr.
917 5099 1050 5177 donee);
1065 5104 1136 5178 nisi,
1150 5102 1189 5162 Y.

430 5196 663 5277 1p10equsur,
683 5200 722 5275 v,
742 5201 818 5275 un,
839 5201 916 5275 uo,
935 5201 1011 5275 cn,
1031 5201 1104 5262 un.
1146 5200 1202 5264 ‘et
1221 5205 1377 5278 resntere,
1397 5205 1467 5280 or,
1487 5206 1562 5266 ur.
1604 5189 1762 5283 '‘quando,
1782 5207 1859 5283 us,
1879 5207 1936 5268 os

352 5297 407 5374 (-l-
420 5298 579 5378 qnando);
602 5299 725 5392 wando
751 5301 807 5379 (4-
819 5302 924 5379 onte),
947 5302 1021 5362 MA.
1064 5302 1285 5383 ‘privilegium
1307 5306 1645 5383 enucleemus.
1690 5305 1938 5386 'prosequendq

349 5401 388 5475 V,
411 5399 478 5477 CB,
500 5401 568 5476 OC,
590 5402 665 5463 MG.
710 5400 843 5482 ‘neque
865 5404 934 5478 OA,
958 5405 1024 5479 ΟΕ,
1048 5405 1125 5480 MG,
1149 5406 1216 5482 LA,
1239 5407 1313 5483 cM,
1336 5406 1411 5483 HA,
1434 5408 1507 5469 MC.
1553 5406 1744 5487 'immnerq
1769 5408 1838 5484 OB,
1862 5411 1937 5471 MB.
