4432 6336
643 502 703 562 DE
727 501 1029 575 ADQUIRENDO
1052 502 1209 563 RERUM
1233 503 1435 565 DOMINIO
1785 511 1834 580 99

244 679 323 730 non
345 664 508 754 propter
530 655 703 753 ipsarum
725 654 952 754 nuptiarum
975 654 1220 732 affectionem
1245 654 1472 742 efficiuntur,
1498 656 1707 731 secundum
1732 656 1835 753 quod

245 777 420 875 superius
439 783 588 852 tactum
608 783 677 852 est.
698 775 757 849 Et
777 775 809 850 si
828 773 925 851 tales
946 774 1029 851 fieri
1049 783 1207 873 possent
1228 774 1452 851 donationes
1473 775 1522 849 ob
1545 800 1714 851 amorem
1733 777 1836 851 inter

244 894 371 970 vimm
393 903 433 970 et
457 919 619 970 uxorem
642 893 828 982 habitum,
853 903 984 992 posset
1009 893 1108 969 ulter
1132 893 1305 992 ipsorum
1330 902 1501 992 egestate
1526 903 1565 970 et
1591 895 1721 993 inopia
1746 919 1835 971 eon·

245 1014 355 1102 sumi,
375 1013 478 1113 quod
497 1039 576 1089 non
595 1023 653 1090 est
673 1011 950 1090 sustinendum.
971 1013 1030 1087 Et
1049 1013 1152 1088 unde
1172 1012 1329 1089 donatio
1349 1013 1450 1088 inter
1469 1013 1595 1089 virum
1615 1023 1654 1090 et
1675 1039 1836 1090 uxorem

246 1133 294 1209 ab
313 1133 423 1210 initio
444 1132 612 1209 invalida
632 1141 703 1221 est,
725 1142 764 1208 et
785 1131 893 1208 nullo
914 1143 1090 1230 tempore
1110 1132 1288 1221 valitura,
1311 1132 1384 1208 nisi
1405 1142 1494 1232 post
1516 1142 1680 1210 mortem
1702 1158 1836 1209 eorum

245 1254 474 1331 interveniat
497 1253 738 1330 confirmatio
759 1254 943 1330 heredum
966 1254 1033 1353 qui
1056 1263 1213 1352 possent
1236 1254 1452 1330 huiusmodi
1476 1254 1723 1332 donationem
1747 1279 1835 1330 eon·

246 1376 441 1456 firmare.⁴⁸
468 1375 722 1454 Confirmatio
748 1400 840 1450 vero
864 1375 1002 1451 talium
1027 1375 1195 1452 validam
1222 1376 1316 1453 facit
1343 1375 1590 1454 donationem
1616 1402 1701 1475 quae
1728 1377 1836 1476 prius

247 1500 324 1577 fuit
340 1499 520 1586 invalida,
537 1508 575 1576 et
592 1523 745 1574 omnem
762 1496 919 1597 supplet
935 1497 1142 1574 defectum.

345 1625 393 1702 Si
407 1623 487 1718 telo
502 1631 593 1722 poet
608 1622 793 1718 telonium
809 1623 1056 1699 donationem
1071 1621 1201 1716 tacere
1216 1622 1349 1722 possit.

248 1748 360 1825 Iram
380 1747 481 1824 inter
499 1747 575 1822 alia
593 1745 829 1822 videndum⁴⁴
849 1771 899 1821 an
918 1745 982 1821 ille
1000 1747 1065 1845 qui
1085 1746 1269 1823 feloniam
1289 1747 1424 1824 fecerit
1443 1748 1689 1824 donationem
1710 1748 1838 1824 facere

247 1869 369 1967 possit
387 1876 427 1944 et
446 1868 624 1957 feoffare,
644 1867 705 1944 vel
725 1868 775 1945 ad
794 1868 1002 1945 terminum
1023 1868 1226 1955 dimittere,
1248 1868 1296 1944 ad
1317 1869 1388 1943 hoe
1408 1868 1511 1967 quod
1532 1868 1659 1946 valeat
1680 1868 1837 1945 donatio

247 1985 308 2061 vel
320 1985 500 2075 dimissio,
514 1995 552 2063 et
565 1987 596 2062 si
608 2012 654 2063 ea
667 2012 750 2084 quae
762 1995 853 2063 ante
866 1986 1049 2062 feloniam
1063 1987 1197 2063 feeerit
1211 1987 1366 2084 quando
1379 1987 1501 2063 voluit
1514 1997 1553 2064 et
1567 1987 1695 2086 potuit
1709 1987 1837 2064 valere

247 2105 413 2183 debeant
436 2117 475 2184 et
498 2116 641 2196 tenere,
665 2107 744 2183 sive
766 2117 911 2184 terram
936 2106 1121 2184 dimiserit
1146 2107 1195 2183 ad
1218 2108 1427 2184 terminum
1451 2108 1513 2184 vel
1536 2109 1577 2184 in
1602 2107 1772 2197 feodum,
1798 2118 1837 2186 et

246 2230 363 2306 etiem
376 2229 408 2306 si
420 2255 468 2306 ea
480 2255 564 2328 quae
577 2237 666 2328 post
680 2229 864 2306 feloniam
878 2229 1024 2306 factam
1038 2230 1173 2305 feeerit
1188 2229 1315 2327 aliquo
1328 2229 1390 2305 vel
1403 2230 1507 2306 omni
1521 2239 1696 2329 tempore
1709 2230 1837 2307 valere

247 2351 411 2428 debeant
431 2359 470 2428 et
488 2359 631 2428 tenere.
650 2350 719 2426 Ad
739 2352 843 2450 quod
862 2351 1071 2427 videndum
1091 2361 1224 2427 utrum
1245 2352 1400 2427 donatio
1422 2352 1528 2427 faeta
1549 2352 1669 2428 luerit
1690 2353 1741 2430 ad
1760 2361 1836 2429 ter-

246 2473 394 2549 minum
413 2472 474 2548 vel
490 2472 532 2548 in
550 2473 665 2549 feodo
683 2482 722 2550 et
741 2473 918 2571 perfecta
936 2473 1091 2570 quando
1110 2473 1233 2548 voluit
1252 2482 1291 2550 et
1311 2473 1451 2571 potuit,
1472 2472 1539 2550 et⁴⁵
1559 2474 1663 2551 valet
1683 2473 1837 2573 quidem

246 2594 350 2692 quod
371 2592 502 2692 agitur
522 2602 605 2670 tam
627 2594 675 2670 de
696 2595 861 2670 termino
883 2620 1000 2693 quam
1022 2595 1070 2670 de
1092 2595 1357 2671 feoffamento.
1381 2597 1447 2670 De
1470 2595 1724 2673 feoffamento
1746 2621 1837 2672 vero

246 2717 408 2816 planum
425 2725 493 2793 est.
513 2716 592 2793 Sed
608 2716 656 2792 de
671 2716 836 2792 termino
853 2724 983 2815 posset
999 2716 1179 2805 dubitari,
1197 2717 1287 2815 quia
1304 2717 1457 2793 videtur
1474 2717 1600 2816 prima
1617 2717 1716 2794 faeie
1733 2718 1837 2816 quod

246 2848 352 2915 terra
374 2839 426 2914 sie
449 2839 542 2915 data
565 2839 614 2914 ad
636 2837 844 2914 terminum
867 2847 957 2914 ante
980 2838 1176 2926 feloniam,
1200 2838 1332 2914 statim
1353 2863 1442 2914 cum
1465 2838 1585 2916 fuerit
1608 2840 1836 2916 condemna·

246 2959 302 3035 tio
331 2956 544 3047 subsecuta,
572 2958 661 3036 licet
688 2957 875 3036 terminus
903 2955 1010 3035 non⁴⁸
1038 2957 1088 3036 sit
1116 2957 1369 3058 completus,⁴²
1400 2959 1537 3036 debeat
1565 2985 1647 3036 esse
1676 2959 1837 3036 esehaeta

247 3080 391 3156 domini
419 3080 607 3180 capitalis,
637 3080 746 3178 quasi
774 3080 973 3157 deficiente
1002 3090 1193 3158 waranto:
1225 3082 1274 3157 ad
1304 3080 1591 3158 similitudinem
1620 3081 1701 3159 eius
1732 3081 1836 3180 quod

247 3199 398 3290 dieitur,
416 3201 568 3300 quodsi
586 3201 721 3301 aliquis
739 3201 923 3280 dimiserit
941 3212 1086 3280 terram
1104 3201 1273 3301 aliquam
1290 3202 1403 3280 alicui
1420 3203 1610 3302 usquead
1628 3204 1837 3281 terminum

247 3347 447 3410 annorum,
465 3333 505 3400 et
522 3323 586 3400 ille
603 3325 669 3423 qui
687 3324 872 3402 dimiserit
892 3333 982 3402 ante
1000 3325 1208 3401 terminum
1226 3324 1461 3423 completum
1480 3326 1678 3415 moriatur,
1698 3326 1836 3403 herede

246 3442 378 3519 relicto
402 3453 441 3521 et
463 3444 568 3520 infra
590 3454 743 3523 aetatem
767 3445 966 3534 existente,
991 3446 1022 3523 si
1046 3446 1221 3546 capitalis
1247 3445 1424 3524 dominus
1447 3447 1662 3524 firmarium
1686 3447 1837 3525 eiecerit

245 3589 334 3643 eum
352 3566 620 3644 confirmatio⁴⁸
639 3593 710 3644 sua
728 3592 807 3642 non
825 3568 1087 3657 intervenerit,
1106 3569 1319 3645 remanebit
1337 3578 1443 3645 terra
1463 3569 1503 3645 in
1522 3595 1641 3646 manu
1660 3569 1837 3669 capitalis

246 3687 402 3778 domini,
418 3715 506 3765 eum
522 3688 637 3766 blado
653 3697 693 3765 et
710 3690 900 3766 fructibus
918 3689 958 3765 in
974 3699 1080 3768 terra
1097 3689 1164 3766 illa
1181 3690 1357 3779 inventis,
1374 3717 1495 3788 usque
1514 3691 1563 3766 ad
1580 3692 1728 3768 heredis
1747 3701 1836 3768 aeta·

245 3821 337 3902 tem,
358 3813 531 3912 quamvis
552 3812 660 3888 heres
681 3810 889 3888 terminum
910 3810 1020 3887 illum
1041 3812 1293 3890 warantizare
1313 3820 1504 3889 teneatur.
1528 3813 1587 3890 Et
1609 3814 1662 3890 sie
1683 3813 1837 3890 videtur

246 3934 350 4033 quod
366 3933 489 4010 multo
506 3934 646 4010 lortius
663 3933 732 4009 eici
747 3933 869 4032 possit
884 3933 1077 4010 firmarius
1094 3942 1184 4032 post
1202 3932 1386 4009 feloniam
1403 3934 1550 4012 factam
1567 3944 1605 4012 et
1622 3934 1837 4011 convictam

245 4057 354 4154 quasi
368 4054 568 4132 deficiente
580 4063 755 4131 waranto
768 4079 849 4131 suo,
867 4054 1020 4144 <Item
1034 4079 1104 4130 nee
1118 4062 1231 4152 pater
1246 4053 1396 4142 felonis,
1411 4056 1443 4131 si
1458 4055 1561 4132 forte
1576 4055 1678 4131 filius
1693 4056 1835 4155 primo·

245 4177 399 4275 genitus
421 4176 556 4253 feeerit
577 4175 762 4252 feloniam
781 4177 823 4251 in
843 4176 924 4251 vita
945 4175 1081 4274 patris,
1104 4177 1135 4252 si
1157 4183 1270 4274 pater
1292 4174 1425 4253 videns
1447 4176 1550 4274 quod
1572 4175 1762 4253 hereditas
1786 4177 1837 4255 ad

245 4298 402 4374 heredes
429 4323 516 4375 suos
541 4298 764 4374 remotiores
790 4297 1018 4374 descendere
1042 4321 1122 4373 non
1147 4297 1281 4396 possit,
1308 4295 1388 4373 sic⁴⁹
1415 4297 1551 4375 fecerit
1577 4297 1835 4388 donationem,

245 4446 325 4497 non
338 4419 480 4497 valebit
495 4420 568 4496 nisi
582 4419 653 4495 hoe
668 4417 816 4495 fuerit⁶⁰
831 4445 902 4518 per
916 4419 1075 4495 modum
1090 4418 1324 4496 donationis:
1340 4428 1385 4496 ut
1402 4419 1433 4496 si
1448 4428 1562 4518 pater
1577 4419 1633 4497 ita
1649 4419 1837 4498 feoffatus

248 4540 277 4617 f.
292 4543 361 4635 30]
417 4540 537 4619 fuerit
560 4566 630 4638 per
652 4549 799 4616 cartem
822 4540 954 4617 sibiet
976 4539 1177 4617 heredibus
1202 4541 1291 4629 suis,
1313 4541 1375 4616 vel
1397 4542 1458 4616 oui
1481 4540 1574 4617 dare
1595 4541 1762 4619 voluerit
1784 4542 1836 4619 et²

246 4663 455 4761 assignare,
476 4662 579 4760 quod
600 4662 754 4760 quidem
773 4662 902 4738 faeere
921 4686 1000 4738 non
1019 4661 1163 4762 poterit
1184 4661 1215 4739 si
1236 4662 1393 4739 donatio
1413 4670 1569 4740 tantum
1590 4664 1697 4742 lacta
1717 4664 1837 4741 fuerit

247 4783 316 4860 sibi
330 4793 369 4861 et
381 4782 583 4860 heredibus
598 4783 734 4874 suis.)
752 4784 811 4858 Et
825 4783 923 4860 sieut
937 4782 1057 4859 videri
1072 4783 1216 4882 poterit
1232 4783 1279 4860 de
1293 4809 1414 4861 uxore
1429 4785 1567 4860 felonis
1582 4786 1712 4862 dotem
1727 4811 1837 4862 suam

246 4912 415 5002 petente,
432 4903 536 5004 quia²
553 4903 720 4982 obstabit
737 4905 772 4981 ei
788 4903 964 5003 exceptio
982 4903 1085 5004 quod
1103 4913 1321 4981 warantum
1339 4906 1386 4983 de
1404 4905 1494 4982 dote
1512 4931 1582 4982 sua
1599 4931 1679 4983 non
1695 4905 1836 4983 habue-

245 5025 323 5101 rit.⁸
339 5027 397 5102 Et
413 5025 452 5101 in
467 5052 543 5125 quo
558 5050 649 5103 casu
662 5025 980 5124 distinguendum
995 5025 1068 5103 erit
1084 5033 1217 5102 utrum
1232 5035 1338 5103 terra
1352 5027 1414 5103 vel
1428 5036 1691 5104 tenementum
1708 5027 1835 5106 dimis-

246 5224 451 5303 “infirmare,
463 5228 503 5303 V,
516 5227 584 5303 OC,
597 5222 673 5290 M'G.
708 5225 911 5288 “videndum
923 5235 981 5304 est,
994 5227 1034 5303 V,
1047 5229 1122 5289 ΜΒ.
1158 5225 1185 5261 ⁴⁸
1196 5228 1276 5303 Om,
1290 5228 1359 5304 OB,
1374 5230 1450 5302 ΜΒ,
1466 5230 1531 5290 MA
1550 5229 1680 5307 (-{-et).
1716 5227 1837 5292 ⁴⁸·“sit

245 5326 460 5404 incompletue,
476 5328 554 5402 MG,
569 5328 642 5390 CM.
681 5326 707 5362 ⁴⁸
719 5327 863 5403 firmatio,
877 5329 946 5403 OB,
963 5331 1037 5390 ΜΒ.
1075 5327 1150 5403 ⁴⁰si,
1167 5330 1245 5404 MG,
1262 5331 1335 5391 CM.
1374 5328 1564 5407 ⁶⁰bebuerit,
1581 5332 1648 5407 OC,
1666 5332 1743 5407 MG,
1761 5333 1835 5394 Me.

328 5425 413 5503 ¹vel,
428 5426 467 5503 V,
484 5428 560 5490 Mu.
597 5427 663 5503 ¹et,
679 5429 757 5505 MG,
774 5430 847 5492 cM.
882 5427 1027 5504 'habuit
1043 5429 1083 5506 V,
1099 5430 1168 5506 OB,
1185 5433 1261 5509 ΜΒ,
1277 5433 1317 5494 Y.
