4432 6340
639 468 699 529 DE
723 468 1026 542 ADQUIBENDO
1040 469 1207 531 ¹RERUM
1230 469 1433 531 DOMINIO
1759 478 1834 548 228

243 618 322 707 des,
334 628 373 695 et
386 618 556 717 quolibet
567 619 626 696 ius
639 621 783 719 poterit
795 645 876 698 esse
888 619 1084 718 integrum
1096 630 1135 698 et
1148 645 1219 720 per
1231 646 1283 708 se,
1298 620 1388 719 quia
1400 630 1490 697 sunt
1504 621 1555 696 ibi
1568 620 1683 721 plura
1696 621 1782 698 iura
1794 633 1835 700 et

242 736 404 813 diversa.
428 737 558 814 Unica
580 746 710 815 autem
731 738 932 815 advocatio
953 738 1072 816 dividi
1094 764 1174 815 non
1195 740 1351 840 poterit,
1374 739 1548 839 quamvis
1572 738 1728 817 ecclesia
1751 766 1835 840 quae

244 865 302 932 est
321 857 429 955 quasi
448 857 661 935 subiectum
679 857 718 932 in
737 858 868 958 plures
889 867 1019 956 partes
1039 859 1246 947 dividatur,
1266 859 1375 946 duas,
1393 868 1473 935 tres
1494 859 1554 934 vel
1575 869 1752 957 quatuor,
1773 886 1833 936 re·

241 976 347 1052 tione
362 975 599 1052 diversarum
614 975 872 1064 baroniarum,
889 985 928 1052 et
942 975 1012 1053 hoc
1027 985 1072 1053 ut
1087 976 1315 1075 praedictum
1331 985 1389 1053 est
1405 977 1453 1052 ab
1470 977 1639 1076 antiquo.
1658 977 1715 1056 Et
1731 977 1835 1055 unde

242 1118 331 1172 cum
345 1094 460 1171 unica
475 1094 524 1172 sit
540 1095 752 1184 advocatio,
769 1105 808 1171 et
824 1094 973 1171 unum⁸⁰
990 1095 1049 1171 ius
1065 1105 1103 1173 et
1121 1095 1252 1194 plures
1269 1096 1470 1172 coheredes
1488 1097 1596 1194 quasi
1613 1123 1735 1172 unum
1752 1123 1833 1174 cor·

242 1241 317 1314 pus
337 1223 500 1315 propter
517 1214 708 1290 unitatem
726 1213 819 1289 iuris
841 1214 943 1312 quod
961 1214 1115 1303 hebent,
1137 1223 1206 1290 aut
1226 1239 1357 1291 omnes
1378 1214 1491 1291 simul
1510 1225 1744 1314 praesentent
1766 1226 1835 1294 aut

241 1334 384 1423 nullus,
405 1357 475 1410 nec
497 1341 626 1433 potest
648 1331 784 1430 aliquis
807 1358 939 1409 eorum
961 1331 1072 1409 elteri
1095 1332 1272 1432 praeferri
1295 1333 1443 1410 ratione
1465 1333 1660 1424 aesnesciae,
1684 1333 1756 1411 nisi
1779 1335 1835 1412 ite

242 1454 420 1530 intereos
435 1451 655 1529 convenerit
671 1451 719 1528 ab
734 1451 843 1528 initio
858 1452 962 1550 quod
977 1451 1136 1550 quilibet
1152 1461 1241 1551 post
1258 1451 1376 1527 elium
1392 1460 1598 1550 praesentet
1615 1453 1832 1530 successive.

243 1571 348 1648 Item
359 1595 429 1648 nec
440 1571 650 1670 praefertur
661 1595 856 1659 numerus,
869 1579 914 1647 ut
928 1571 959 1646 si
971 1569 1102 1669 plures
1116 1571 1368 1660 consentiant,
1383 1571 1477 1647 dum
1490 1578 1622 1648 tamen
1636 1571 1685 1648 sit
1699 1573 1834 1649 unicus

242 1690 308 1788 qui
328 1688 520 1766 reclamet.
543 1688 602 1766 Et
622 1714 699 1786 quo
720 1713 812 1765 casu
831 1688 904 1764 nisi
923 1689 1029 1764 inlra
1050 1714 1117 1765 sex
1138 1714 1286 1765 menses
1307 1688 1595 1778 convenerint,⁸²
1617 1690 1833 1768 ordinarius

242 1807 316 1884 loci
337 1807 554 1906 providebit
575 1806 738 1884 ecclesiae
760 1807 937 1882 viduatoe.
961 1807 1066 1884 Item
1087 1807 1118 1883 si
1141 1807 1344 1884 servitutes
1368 1833 1391 1882 a
1414 1809 1538 1884 fundo
1561 1807 1626 1906 qui
1649 1808 1835 1886 dividitur

242 1926 367 2002 fundo
389 1924 541 2002 vicino⁸²
563 1926 787 2015 debeantur,
811 1926 970 2024 partitio
993 1926 1101 2002 fecta
1121 1925 1346 2002 servitutem
1368 1925 1537 2003 debitam
1560 1927 1732 2004 minuere
1755 1952 1834 2004 non

243 2044 356 2122 debet
379 2069 448 2120 nec
470 2054 633 2122 mutare.
659 2045 703 2122 Si
725 2054 855 2122 autem
879 2044 1042 2121 servitus
1065 2045 1251 2122 debeatur
1275 2072 1298 2122 a
1321 2043 1445 2121 fundo
1469 2046 1593 2121 vicino
1618 2046 1742 2122 fundo
1767 2047 1833 2145 qui

244 2165 440 2254 dividitur,
466 2190 546 2241 una
572 2163 646 2240 erit
673 2163 836 2240 servitus
865 2172 1055 2261 quantum
1084 2165 1133 2240 ad
1163 2164 1331 2240 fundum
1359 2163 1425 2261 qui
1454 2162 1568 2239 debet
1597 2164 1832 2253 servitutem,

242 2284 373 2383 plures
398 2282 516 2359 vero⁸⁸
542 2292 656 2360 erunt
682 2281 884 2360 servitutes
911 2290 1100 2380 quantum
1126 2283 1176 2358 ed
1202 2282 1369 2358 fundum
1395 2282 1457 2356 cui
1483 2281 1645 2359 debetur
1671 2292 1833 2382 propter

241 2402 373 2502 plures
395 2399 646 2503 particulas,⁸⁴
667 2411 706 2479 et
728 2401 843 2500 plura
865 2410 978 2478 erunt
999 2399 1051 2476 ibi
1071 2401 1158 2476 iura
1178 2401 1343 2499 integra,
1367 2410 1405 2477 et
1427 2400 1586 2500 quilibet
1608 2401 1667 2478 uti
1689 2402 1833 2499 poterit

242 2546 313 2620 per
325 2547 365 2597 se
379 2520 492 2598 simul
503 2521 565 2596 vel
578 2520 797 2608 successive,
811 2521 905 2596 dum
917 2527 1050 2595 tamen
1062 2520 1222 2596 modum
1234 2519 1407 2596 debitum
1421 2544 1500 2595 non
1513 2518 1714 2609 excedat,⁸⁸
1730 2519 1833 2619 quod

242 2638 389 2716 fundus
412 2637 586 2715 vicinus⁸⁶
609 2638 747 2736 inquo
770 2638 981 2716 constituta
1004 2647 1062 2715 est
1086 2637 1248 2715 servitus
1272 2636 1361 2736 plus
1384 2637 1513 2714 debito
1537 2662 1616 2713 non
1640 2646 1831 2715 onerettu.

244 2759 347 2835 Sunt
361 2757 478 2834 etiam
493 2757 575 2834 aliae
589 2781 651 2833 res
665 2755 903 2833 hereditariae
917 2782 1002 2856 quae
1016 2756 1176 2833 veniunt
1192 2757 1233 2831 in
1249 2755 1509 2855 partitionem,
1528 2782 1611 2854 quae
1627 2781 1715 2832 cum
1731 2782 1831 2834 com·

240 2877 354 2953 mode
369 2875 487 2951 dividi
501 2899 580 2954 non
595 2874 770 2976 possint⁸²
787 2875 854 2952 uni
869 2873 1173 2963 conceduntur,⁸⁸
1187 2875 1243 2953 ite
1259 2875 1362 2973 quod
1379 2874 1443 2950 alii
1458 2874 1660 2952 coheredes
1677 2875 1767 2951 abbi
1784 2877 1832 2952 de

242 2993 435 3070 communi
461 2993 673 3071 hereditate
699 2992 894 3070 habeant³⁹
922 2994 973 3069 ad
999 2992 1187 3070 valorem:
1216 2993 1315 3069 sicut
1342 3000 1434 3068 sunt
1461 2993 1618 3082 vivaria,
1648 2994 1831 3093 piscarie,

241 3113 360 3211 parci,
379 3119 418 3188 et
434 3110 668 3190 huiusmodi:
687 3111 775 3189 vel⁴⁰
794 3112 931 3189 saltem
949 3112 1052 3211 quod
1071 3120 1224 3211 partem
1241 3110 1407 3188 habeant
1426 3137 1499 3211 pro
1518 3112 1685 3200 defectu,
1706 3110 1831 3188 sicut⁴²

242 3232 451 3308 secundum
472 3230 627 3330 piscem,
648 3231 818 3318 tertium,
840 3231 901 3307 vel
922 3239 1122 3330 quartumt
1144 3230 1205 3306 vel
1227 3230 1436 3307 secundum
1458 3240 1638 3320 tractum,
1660 3231 1831 3320 tertium,

240 3351 302 3428 vel
316 3360 510 3451 quartum,
526 3350 736 3428 secundum
749 3375 954 3426 numerum
968 3349 1214 3426 coheredum:
1230 3350 1287 3426 ita
1303 3351 1350 3426 de
1365 3347 1503 3449 parcis,
1521 3350 1738 3438 secundam,
1754 3360 1831 3428 ter-

240 3469 347 3560 tiam,
367 3469 428 3545 vel
449 3477 628 3567 quartam
647 3468 820 3546 bestiam.
844 3468 937 3559 <Si
958 3466 1115 3544 autem⁴²
1136 3468 1284 3545 nonsit
1306 3467 1357 3543 ibi
1379 3466 1452 3543 nisi
1473 3468 1628 3544 unicum
1650 3476 1831 3557 castrum,

241 3587 337 3664 illud
360 3588 511 3686 integre
533 3596 731 3664 remaneat
754 3585 1024 3687 primogenito,
1049 3585 1105 3662 ita
1127 3594 1259 3663 tamen
1284 3586 1388 3684 quod
1412 3595 1595 3684 postnato
1621 3612 1693 3685 pro
1719 3595 1832 3685 parte

241 3731 312 3783 sua
333 3704 573 3783 satisfaciat⁴⁸
596 3706 646 3783 ad
669 3704 876 3781 valentiam
899 3703 999 3794 alibi,
1023 3704 1090 3780 uni
1112 3705 1174 3781 vel
1196 3704 1372 3803 pluribus
1395 3705 1606 3780 secundum
1628 3729 1832 3780 numerum

242 3849 507 3924 personarum.
538 3823 582 3900 Si
610 3832 741 3900 autem
769 3821 896 3922 plura,
925 3822 1206 3922 primogenitus
1235 3820 1374 3898 habeat
1402 3821 1626 3898 electionem
1655 3823 1754 3899 sicut
1783 3823 1831 3899 de

240 3941 498 4040 capitalibus⁴⁴
514 3941 807 4039 mesuagiis.⁴⁶>
829 3941 933 4017 Item
951 3940 1052 4017 cadit
1071 3940 1112 4016 in
1129 3948 1282 4039 partem
1298 3950 1404 4017 terra
1422 3939 1530 4039 prius
1549 3942 1642 4017 date
1659 3941 1700 4016 in
1717 3941 1831 4017 mari·

240 4062 392 4159 tagium
406 4060 518 4137 alicui
532 4086 708 4162 sororum
722 4069 761 4137 et
775 4060 1015 4148 coheredum,
1031 4084 1099 4135 nec
1115 4067 1174 4135 est
1189 4067 1294 4135 terra
1310 4059 1362 4135 sic
1376 4060 1470 4135 data
1486 4057 1831 4157 praededucenda,‘⁸

242 4179 332 4277 quia
352 4188 421 4256 aut
438 4179 688 4277 maritagium
707 4180 884 4255 conferat
903 4178 964 4254 vel
983 4177 1137 4254 recedat
1158 4177 1239 4254 sine
1260 4185 1384 4276 perte.
1408 4176 1486 4252 Sed
1507 4177 1601 4275 quid
1624 4177 1654 4251 si
1674 4176 1830 4252 marita·

240 4296 350 4395 glum
370 4297 530 4374 excedat
552 4307 705 4396 partem
726 4296 832 4374 illam
854 4322 970 4395 quam
991 4295 1170 4373 habitura
1191 4305 1290 4372 esset
1313 4295 1361 4371 de
1383 4293 1576 4370 communi
1598 4293 1831 4370 hereditate?

241 4418 271 4494 f.
285 4420 355 4511 77]
413 4416 457 4492 Si
486 4415 735 4514 maritagium
766 4414 1024 4492 contribueret
1056 4412 1244 4512 numquid
1275 4413 1419 4512 poterit
1451 4413 1602 4489 adhoc
1633 4411 1831 4513 compellit

242 4583 269 4620 ⁸⁰
279 4590 412 4662 unicum,
426 4586 493 4660 00,
506 4584 544 4645 V.
581 4583 607 4619 ⁸¹
618 4588 805 4660 convenerit,
819 4584 886 4659 LA,
900 4583 979 4656 CM;
994 4587 1143 4657 evenerit,
1157 4581 1240 4656 MA,
1249 4582 1326 4657 MB,
1341 4581 1409 4654 OE,
1423 4580 1463 4656 Y,
1479 4581 1557 4656 MG,
1571 4580 1628 4642 OB
1649 4579 1745 4658 (corr.
1760 4600 1831 4641 con·

241 4685 419 4764 venerint);
441 4689 592 4760 venerint,
614 4686 680 4747 OC.
725 4684 865 4759 ⁸²vieini,
888 4684 958 4758 OB,
982 4685 1057 4759 MA,
1080 4684 1162 4756 MB;
1185 4686 1296 4759 vicine,
1318 4683 1364 4755 Y;
1387 4702 1457 4758 om,
1481 4682 1557 4744 MG.
1603 4680 1732 4758 ⁸⁸enim,
1756 4682 1832 4759 CM,

242 4787 410 4861 MG;om.,
423 4786 499 4863 MB,
512 4787 588 4862 MA,
601 4787 642 4860 Y,
656 4786 722 4848 CB.
757 4783 784 4820 ⁸⁴
795 4786 952 4861 articulos,
967 4785 1036 4859 OB,
1050 4785 1127 4860 MA,
1140 4784 1216 4846 MB.
1253 4783 1279 4818 ⁸⁶
1291 4783 1452 4860 excedent,
1467 4785 1545 4860 MG,
1560 4784 1635 4858 CM,
1650 4784 1689 4845 Y.
1725 4781 1832 4844 ⁸⁰uni·

241 4909 306 4963 cna,
319 4889 388 4964 OB,
402 4888 479 4964 MB,
493 4888 571 4964 MG,
584 4887 625 4963 Y,
638 4888 702 4948 cM
710 4909 719 4960 ;
732 4891 849 4963 unitus,
863 4887 945 4960 MA;
959 4907 1029 4960 om,
1044 4886 1109 4947 CE.
1147 4885 1173 4920 ³²
1185 4893 1326 4964 possunt,
1341 4887 1417 4960 MA,
1432 4886 1509 4960 MB,
1525 4886 1602 4961 MG,
1618 4885 1658 4960 Y,
1674 4885 1749 4961 CM,
1764 4883 1832 4960 00,

242 4987 280 5048 V.
322 4985 579 5064 “concedentem
600 4987 678 5062 MG,
698 4988 739 5063 Y,
760 4988 833 5048 CM.
877 4985 1081 5063 ³⁹habebunt,
1101 4987 1168 5061 OC,
1190 4988 1263 5048 CM.
1306 4985 1385 5060 40ετ,
1408 4987 1484 5062 MA,
1505 4987 1582 5062 MB,
1604 4987 1681 5062 MG,
1702 4986 1743 5060 Y,
1765 4986 1831 5047 CB.

242 5086 269 5122 ⁴¹
281 5088 361 5163 Om,
378 5088 445 5162 LA,
463 5089 535 5162 OC;
557 5089 654 5168 (sicut
668 5089 718 5151 vel
735 5087 901 5151 secundum
918 5094 1096 5163 tractatum,
1113 5088 1207 5167 MC).
1248 5086 1274 5121 ‘²
1286 5087 1366 5166 Om,
1383 5089 1452 5164 OB,
1471 5089 1547 5163 MA,
1565 5089 1642 5164 ΜΒ,
1660 5088 1739 5166 MG,
1758 5088 1832 5163 CM,

246 5187 301 5266 Η-
314 5188 375 5267 Y).
412 5186 439 5223 ⁴⁸
450 5188 594 5264 satisfiat,
608 5189 677 5264 OA,
693 5191 759 5264 LA,
774 5190 849 5265 MC,
864 5189 931 5264 OC,
945 5189 990 5264 V;
1006 5189 1145 5264 sufficiat,
1161 5190 1235 5250 MA
1274 5186 1339 5222 Μ’
1351 5189 1480 5268 capitali
1495 5193 1663 5269 mesuagio,
1680 5190 1746 5266 CE,
1763 5188 1832 5263 OB,

242 5288 318 5350 MB.
358 5287 612 5368 “producenda
630 5290 700 5364 OA,
719 5291 786 5367 LA,
805 5291 880 5368 MC,
899 5290 979 5364 CM;
998 5289 1207 5370 producenda,
1225 5292 1298 5364 003
1317 5290 1567 5370 prcecduoenda,
1587 5292 1668 5365 MA;
1688 5293 1743 5364 sic,
1763 5291 1833 5366 OB,

243 5388 320 5464 MB,
334 5389 402 5466 CB,
416 5390 457 5465 Y,
473 5391 551 5467 MG,
565 5391 604 5451 V.
