4432 6336
384 415 433 484 84
914 407 1136 470 cancros:
1159 407 1220 470 nn
1243 408 1435 471 iromus

382 558 520 636 ultimo
537 558 723 635 feoffatus
740 559 910 658 primum
927 558 1186 649 feoffatorcm,
1203 559 1281 636 tale
1299 559 1596 636 feoffamentum
1614 567 1717 636 stare
1733 583 1813 634 non
1830 557 1975 656 poterit

383 702 462 754 non
482 677 607 774 magis
627 703 744 775 quam
764 676 795 753 si
816 677 900 776 quis
922 676 1040 754 alium
1060 677 1272 756 feoffaret¹⁸
1293 679 1342 756 de
1365 678 1493 778 aliqua
1513 688 1619 755 terra
1640 703 1713 778 pro
1734 677 1913 776 homagio
1935 687 1974 755 et

384 796 538 873 servitio
553 796 649 872 suo¹⁴
665 807 704 874 et
719 796 781 874 ille
796 797 896 874 idem
912 796 1099 874 feoffatus
1114 797 1279 875 eundem
1295 797 1543 874 feoffatorem
1559 823 1682 886 suum,
1701 797 1791 897 quia
1807 797 1860 874 sic
1876 806 1974 874 esset

384 915 549 994 simulet
563 915 887 993 semeldecodem
899 924 1121 994 tenemento
1133 916 1311 994 dominus
1325 927 1364 995 et
1376 926 1523 1006 tenens,
1539 917 1643 1016 quod
1657 941 1737 994 esse
1752 941 1831 993 non
1845 925 1975 1016 potest

383 1061 464 1112 non
486 1035 610 1132 magis
634 1036 952 1133 quemdominus
976 1045 1015 1113 et
1038 1036 1158 1112 heres.
1186 1035 1353 1114 Omnem
1378 1045 1508 1113 autem
1532 1035 1788 1113 reversionem
1812 1036 1975 1135 impedit

384 1154 625 1232 confirmatio
651 1156 757 1231 faeta
781 1155 830 1230 ab
856 1180 900 1231 eo
925 1154 991 1254 qui
1016 1156 1162 1232 donum
1187 1154 1345 1232 alicuius
1371 1155 1515 1255 poterit
1541 1155 1748 1244 infirmare,
1774 1164 1816 1232 et
1841 1155 1975 1232 eodem

383 1276 499 1351 modo
522 1273 744 1371 homagium
767 1283 805 1352 et
829 1274 1028 1351 servitium
1051 1283 1250 1372 receptum
1274 1273 1322 1349 ab
1346 1274 1481 1351 eodem
1504 1283 1543 1351 et
1568 1275 1649 1352 sine
1673 1274 1973 1351 confirmatione.

386 1392 516 1470 Item¹³
536 1393 568 1470 si
585 1391 748 1492 aliquis²⁸
768 1394 954 1470 feoffatus
973 1393 1093 1470 fuerit
1110 1393 1160 1468 ab
1177 1419 1223 1470 eo
1240 1393 1305 1492 qui
1324 1394 1490 1471 feoffare
1508 1418 1585 1469 non
1604 1403 1734 1492 potest
1751 1394 1908 1472 tenendi
1928 1396 1975 1472 de

385 1537 431 1588 eo
456 1513 521 1611 qui
548 1512 794 1589 donationem
820 1537 998 1589 revocare
1024 1511 1180 1612 poterit,
1207 1522 1246 1590 et
1272 1513 1355 1610 ipse
1381 1512 1604 1610 homagium
1630 1512 1735 1589 tale²'
1762 1513 1908 1612 ceperit
1936 1522 1975 1589 et

385 1631 593 1708 servitium.
615 1631 733 1708 Secus
753 1631 785 1708 si
802 1632 967 1708 donator
985 1630 1207 1729 homagium
1225 1623 1427 1708 retinuerit
1445 1640 1485 1708 et
1504 1632 1702 1710 servitium
1721 1633 1976 1710 attomaverit

384 1749 503 1827 vero²⁸
515 1751 670 1827 domino
683 1776 755 1850 pro
768 1777 807 1827 se
820 1776 891 1850 per
903 1775 1062 1826 manum
1073 1750 1276 1827 donatarii.
1293 1750 1446 1841 <Quia
1459 1750 1556 1828 sicut
1568 1759 1832 1828 tenementum
1846 1760 1976 1850 posset

384 1869 554 1945 accidere
583 1869 730 1946 tenenti
759 1870 800 1945 in
830 1868 1031 1957 dominico,
1060 1870 1116 1947 ita
1145 1869 1291 1968 poterit
1320 1870 1529 1959 servitium,
1559 1894 1629 1947 nec
1659 1871 1755 1947 illud
1785 1871 1976 1972 wayviare

384 1989 528 2088 poterit
547 1990 671 2087 magis
692 1987 836 2088 quam¹⁹
856 1989 985 2087 ipsum
1004 1997 1278 2066 tenementum.
1302 1989 1381 2066 Sed
1401 1998 1483 2066 esto
1503 1990 1608 2089 quod
1630 1990 1713 2088 quis
1735 1990 1853 2068 alium
1876 1992 1975 2068 feof·

385 2109 526 2187 faverit
542 2136 614 2208 per
630 2119 779 2186 certum
794 2108 1003 2198 servitium,
1020 2107 1162 2186 scilicet
1178 2109 1320 2199 decem,
1337 2119 1377 2186 et
1393 2109 1457 2185 ille
1474 2110 1661 2186 feoffatus
1680 2110 1798 2188 alium
1814 2110 1975 2188 ulterius

385 2229 608 2306 feoffaverit
629 2255 700 2327 per
721 2228 847 2305 minus
869 2227 1078 2318 servitium,
1101 2227 1241 2305 scilicet
1265 2227 1449 2328 quinque:
1472 2229 1659 2328 quaeritur
1680 2254 1731 2305 an
1753 2229 1976 2329 principalis

386 2348 573 2425 fcoffator
597 2346 764 2425 habere²⁰
789 2346 953 2424 debeat²¹
980 2347 1178 2425 servitium
1203 2346 1415 2436 debitum,²²
1441 2347 1582 2426 scilicet
1608 2349 1750 2438 decem,
1778 2359 1816 2426 et
1842 2349 1975 2424 nihilo·

385 2470 512 2546 minus
528 2467 696 2567 quinque
712 2467 809 2545 sicut
826 2467 1037 2557 eschactam,
1054 2476 1092 2544 et
1110 2466 1162 2543 sic
1178 2474 1386 2566 utrumque
1402 2468 1463 2544 vel
1478 2477 1633 2544 tantum
1650 2467 1828 2557 aiterum,
1846 2469 1977 2545 dacem

384 2590 446 2666 vel
467 2589 645 2689 quinque.
668 2588 771 2664 Item
792 2596 873 2664 esto
894 2615 914 2664 e
935 2587 1139 2676 contrario,
1160 2586 1265 2685 quod
1285 2586 1509 2687 principalis
1532 2587 1753 2664 ieoffaverit
1775 2614 1845 2687 per
1866 2587 1975 2663 mini·

384 2735 492 2786 mum
508 2708 705 2786 servitium
722 2717 761 2785 et
777 2707 841 2784 ille
859 2707 1045 2783 feoffatus
1063 2706 1184 2783 alium
1199 2731 1271 2805 per
1287 2705 1409 2782 maius
1429 2706 1638 2795 servitium,
1657 2706 1763 2804 rigor
1780 2707 1873 2783 iuris
1891 2706 1976 2784 vult

386 2830 489 2927 quod
504 2828 643 2905 habeat
658 2837 866 2925 utrumque
881 2827 972 2925 quia
985 2851 1108 2902 unum
1124 2835 1182 2903 est
1198 2824 1358 2902 eschaeta
1374 2834 1413 2901 ct
1429 2824 1535 2900 aliud
1552 2835 1609 2902 est
1627 2824 1798 2902 debitum
1814 2834 1977 2925 propter

386 2974 499 3025 suum
518 2947 827 3036 feoffamentum,
846 2956 885 3022 et
904 2946 1100 3043 obligatur
1118 2952 1391 3023 tenementum.
1415 2944 1493 3020 Sed
1513 2943 1568 3020 ita
1588 2945 1727 3020 iniuste
1746 2952 1977 3043 gravaretur

385 3077 520 3145 tenens
544 3067 576 3144 si
599 3074 797 3144 teneretur
820 3065 870 3142 ad
893 3074 1113 3163 utrumque,
1137 3089 1225 3140 cum
1249 3090 1342 3140 suus
1366 3064 1556 3140 feoffatur
1580 3063 1708 3162 ipsum
1731 3072 1887 3140 tenetur
1912 3065 1976 3140 de-

387 3188 546 3263 fendere
572 3185 679 3261 cuius
705 3184 788 3260 loco
816 3184 982 3260 succedit
1010 3183 1187 3259 dominus
1213 3183 1390 3282 capitalis
1418 3183 1604 3280 superior.
1633 3182 1818 3281 AEquitas
1846 3192 1977 3260 tamen

387 3306 456 3383 sibi
476 3305 644 3382 vindicat
663 3304 790 3380 locum
809 3304 849 3378 in
868 3302 939 3378 hac
958 3311 1082 3402 parte,
1103 3302 1207 3401 quod
1224 3302 1403 3378 dominus
1423 3326 1501 3378 non
1521 3302 1571 3378 sit
1591 3301 1631 3378 in
1651 3303 1792 3377 damno
1813 3302 1907 3400 quin
1927 3303 1977 3379 ad

385 3425 513 3501 minus
529 3423 668 3500 habeat
685 3448 798 3500 suum
815 3421 974 3522 plenum
991 3421 1189 3498 servitium
1206 3428 1474 3520 computatum
1492 3420 1632 3495 minori
1650 3421 1816 3509 servitio,
1837 3421 1978 3497 scilicet

387 3543 555 3642 quinque
579 3543 620 3618 in
643 3543 860 3640 quantitate
884 3541 1026 3617 decem.
1054 3541 1097 3617 si
1122 3549 1252 3616 autem
1276 3566 1297 3616 e
1321 3539 1527 3628 contrario,
1552 3539 1730 3616 dominus
1754 3565 1826 3639 per
1850 3538 1976 3616 minus

387 3660 596 3751 servitium,
615 3661 755 3738 scilicet
772 3659 870 3758 per²⁸
887 3658 1067 3758 quinque,
1085 3668 1123 3736 et
1142 3685 1233 3735 suus
1250 3667 1386 3735 tenens
1403 3683 1474 3757 per
1491 3658 1614 3735 maius
1632 3657 1857 3735 servitium²⁴
1876 3659 1976 3735 feoi·

388 3781 541 3870 faverit,
569 3780 745 3857 dominus
773 3780 923 3856 ratione
951 3778 1117 3856 eschaetae
1144 3777 1298 3854 habebit
1326 3776 1449 3853 maius
1478 3777 1675 3854 servitium
1703 3786 1748 3854 ut
1776 3776 1977 3854 eschaetam

387 3908 611 3999 computato
641 3898 791 3988 minori,
823 3897 962 3989 scilicet
994 3896 1173 3996 quinque,
1204 3897 1243 3972 in
1274 3897 1410 3973 maiori
1441 3895 1594 3973 servitio
1626 3896 1803 3985 tenentis,
1836 3896 1977 3973 scilicet

387 4021 577 4111 decem>

486 4139 534 4216 Si
551 4138 670 4215 serrae
688 4137 758 4236 fiat
777 4136 946 4214 donatio.

387 4254 650 4333 anrsnnm²⁶
670 4254 787 4332 etiam
806 4281 857 4330 an
878 4253 996 4330 servis
1016 4251 1128 4329 fieri¹⁶
1149 4251 1320 4352 poterit²⁷
1342 4253 1498 4329 donatio
1520 4252 1619 4331 sicut
1639 4253 1778 4343 liberis,
1801 4255 1851 4331 ad
1872 4255 1977 4354 quod

387 4375 574 4474 imprimis
604 4373 812 4450 videndum
841 4382 899 4450 est
929 4381 1062 4449 utrum
1092 4371 1191 4448 servi
1221 4371 1291 4448 sub
1322 4380 1514 4471 potestate
1546 4373 1789 4450 dominorum
1821 4399 1978 4451 suorum

389 4495 535 4570 fuerint
550 4493 749 4569 constituti
762 4492 824 4569 vel
840 4499 952 4567 extra
966 4499 1210 4589 potestatem,
1226 4500 1265 4568 et
1282 4499 1386 4568 statu
1402 4489 1550 4566 libero²⁸
1565 4491 1644 4568 sive
1659 4492 1883 4570 manumissi
1900 4494 1978 4570 sive

388 4611 556 4710 fugitivi.
582 4613 685 4688 Item
706 4609 865 4688 utrum²⁹
889 4610 1009 4687 fuerit
1030 4611 1187 4686 donatio
1210 4611 1317 4686 iacta
1339 4636 1362 4686 a
1384 4609 1539 4686 domino
1562 4608 1633 4687 sub
1655 4611 1762 4688 cuius
1784 4621 1977 4711 potestate

389 4730 536 4810 fuerint
551 4731 613 4808 vel
628 4729 678 4806 ab
693 4729 778 4807 alio.
798 4729 840 4806 Si
857 4739 988 4806 autem
1003 4755 1027 4806 a
1042 4729 1209 4818 domino,
1225 4737 1319 4806 tunc
1336 4737 1469 4806 utrum
1484 4753 1573 4805 cum
1589 4738 1698 4805 carta
1715 4740 1755 4808 et
1770 4732 1977 4808 manumis-

388 4932 617 5010 ¹⁸ieoffaverit,
633 4932 711 5006 MG,
727 4932 800 4991 CM.
837 4929 956 5005 1⁴0m.,
972 4931 1040 5004 OB,
1056 4930 1133 5005 MB,
1148 4928 1225 4991 MG.
1262 4927 1289 4963 ²¹⁵
1300 4928 1382 4990 idem
1398 4938 1445 4992 est
1460 4929 1579 4992 scilicet
1594 4932 1676 5008 quod
1691 4931 1860 5009 impeditur
1877 4953 1978 4994 rever-

390 5039 446 5110 sio,
460 5034 499 5108 V,
513 5034 585 5094 ΟΜ.
622 5031 648 5066 ¹⁰
660 5037 739 5110 quis,
754 5031 832 5108 MG,
845 5033 884 5093 Y.
921 5029 947 5066 ¹⁷
959 5031 1212 5107 talis‚LA;tal.,
1226 5031 1319 5093 MSS.
1335 5051 1400 5091 var.
1437 5030 1738 5108 ¹⁸0m,MG,CM.
1777 5033 1977 5110 1¹³0m.,OC.

390 5132 455 5168 ²⁰⁴²
467 5132 603 5208 habebit,
628 5133 706 5206 MG,
732 5133 804 5193 CM.
851 5131 917 5192 ”ei
942 5131 1089 5208 debitum,
1114 5133 1181 5208 OC,
1206 5133 1245 5193 V.
1293 5131 1412 5208 ²⁸Om.,
1438 5133 1516 5209 MG,
1541 5135 1615 5195 ΟΜ.
1662 5133 1781 5211 ²⁴Om.,
1806 5139 1873 5213 OC,
1901 5138 1976 5200 MG.

390 5233 415 5268 ²⁵
428 5234 592 5295 videndum
609 5242 668 5308 est,
686 5234 726 5309 V,
743 5234 813 5307 OB,
830 5235 871 5308 Y,
890 5234 966 5309 MA,
985 5233 1060 5309 CM,
1078 5234 1151 5294 ΜΟ.
1191 5231 1256 5266 Μ’
1269 5233 1334 5311 fiat,
1354 5236 1421 5311 OC,
1439 5234 1517 5310 MG,
1537 5237 1617 5312 CM;
1636 5237 1704 5299 fleri
1723 5244 1832 5318 possit,
1851 5242 1891 5317 V,
1912 5241 1978 5315 LA,

390 5333 463 5396 ΜΟ.
501 5333 527 5367 ²⁸
538 5333 639 5409 liberi,
653 5335 722 5408 ΟΛ,
737 5334 809 5408 ΟΟ;
824 5333 966 5409 stabiliti,
981 5334 1047 5394 LA.
1083 5333 1110 5368 ²⁹
1121 5337 1159 5410 si,
1174 5336 1243 5412 OB,
1259 5336 1334 5395 MB.
