4392 6352
371 478 446 549 804
904 470 1127 534 BRACTON:
1150 471 1210 531 DE
1235 469 1428 533 LEGIBUS

372 619 653 710 abstinendum,
674 621 766 719 quia
781 621 870 698 licet
890 620 939 697 ab
957 621 1133 698 omnibus
1153 631 1192 699 et
1212 619 1356 722 passim
1376 616 1641 696 avarissimum
1662 619 1712 697 sit
1733 620 1903 720 accipere
1923 629 1963 698 et

372 737 608 826 vilissimum,
625 764 650 815 a
664 739 814 815 nemine
830 748 962 816 tamen
976 739 1148 838 accipere
1162 741 1236 816 erit
1252 739 1515 826 inhumanum,
1532 747 1577 815 ut
1594 738 1625 815 si
1643 739 1786 816 amicus
1803 739 1964 838 recipiat

372 856 422 932 ab
443 856 565 932 amico
585 855 666 933 solo
687 857 831 933 intuitu
852 857 1025 933 amicitia
1046 867 1085 934 et
1108 857 1259 934 amoris.
1281 857 1408 934 Actor
1428 882 1531 944 vero,
1555 857 1633 934 sive
1655 857 1706 933 ait
1726 867 1862 956 petens
1886 858 1963 934 sive

372 1000 547 1074 querens,
568 975 625 1051 uti
646 975 760 1051 debet
780 974 1002 1051 intentione.
1024 974 1177 1052 Docere
1197 975 1299 1052 enim
1321 974 1433 1051 debet
1455 984 1495 1051 et
1514 975 1704 1052 rationem
1726 977 1963 1074 protendere

372 1094 476 1192 quod
489 1094 539 1169 ad
551 1093 680 1192 ipsum
692 1093 884 1192 pertineat
898 1093 998 1170 actio
1010 1103 1050 1170 et
1064 1094 1167 1192 quod
1181 1119 1273 1192 pars
1287 1118 1367 1170 esse
1381 1093 1503 1192 possit
1517 1093 1557 1170 iu
1571 1092 1721 1170 iudicio.
1737 1095 1963 1193 Proponere

372 1211 474 1286 enim
490 1209 630 1287 debet¹⁹
646 1211 687 1287 in
702 1210 841 1287 iudicio
857 1209 1014 1288 coram⁸⁰
1031 1237 1075 1288 eo
1092 1211 1158 1310 qui
1174 1211 1233 1288 ius
1249 1211 1423 1289 dicturus
1441 1219 1499 1289 est
1515 1211 1767 1289 intentionem
1785 1239 1905 1302 suam,
1923 1222 1963 1291 et

372 1328 478 1406 illam
502 1329 669 1406 fundare
691 1338 730 1406 et
752 1330 929 1428 probare.
953 1331 1061 1406 Reus
1083 1354 1174 1405 vero
1197 1331 1255 1406 uti
1279 1329 1392 1406 debet
1416 1329 1642 1429 exceptione
1665 1339 1705 1406 et
1729 1331 1961 1420 defensione,

372 1447 582 1523 secundum
597 1447 701 1546 quod
716 1447 878 1524 inferius
895 1447 1043 1524 dicetur
1059 1447 1222 1546 plenius.

471 1566 538 1643 De
549 1573 743 1664 potestate
754 1565 901 1642 indicia.

372 1683 561 1760 Oronrsr
578 1683 695 1760 etiam
713 1684 816 1782 quod
834 1683 897 1760 ille
915 1684 981 1782 qui
997 1682 1169 1760 iudicat⁸¹
1188 1684 1326 1760 adhoc
1345 1684 1447 1782 quod
1466 1693 1553 1762 rata
1571 1683 1648 1762 sint
1666 1685 1805 1762 iudicia
1823 1685 1962 1762 habeat

370 1801 669 1879 iurisdictionem
689 1802 922 1879 ordinariam
942 1802 1003 1878 vel
1023 1802 1252 1900 delegatam.
1275 1802 1333 1877 Et
1353 1829 1432 1879 non
1452 1801 1590 1880 sufficit
1612 1804 1715 1902 quod
1735 1803 1961 1882 iurisdictio-

371 1918 400 1993 1.
418 1920 510 2012 107]
565 1945 654 1996 nem
670 1920 809 1997 habeat
825 1920 897 1995 nisi
913 1920 1052 1997 habeat
1068 1921 1310 2008 coertionem,
1329 1920 1433 2018 quod
1450 1920 1481 1997 si
1497 1921 1680 1998 iudicium
1697 1948 1809 1998 suum
1827 1947 1961 1999 execu-

369 2038 467 2114 tioni
486 2037 718 2115 demandare
738 2064 816 2115 non
835 2038 989 2138 posset,²
1011 2038 1063 2114 sic
1082 2049 1209 2116 essent
1228 2038 1367 2114 iudicia
1386 2038 1588 2116 delusoria.
1610 2041 1705 2115 Non
1725 2039 1827 2116 enim
1847 2039 1962 2117 habet

371 2154 587 2233 ordinarius
614 2156 913 2233 iurisdictionem
941 2165 980 2233 et
1007 2157 1270 2234 executionem
1297 2156 1470 2233 inomni
1498 2180 1625 2246 causa,
1654 2182 1742 2234 cum
1769 2158 1855 2235 iura
1884 2158 1961 2236 sint

371 2282 552 2372 separata
568 2283 607 2350 et
623 2275 800 2350 limitata.

469 2393 537 2470 De
553 2391 736 2470 divoimae
753 2391 1057 2470 iurisdictionem
1073 2393 1276 2498 sacedotii
1293 2401 1333 2470 et
1351 2393 1471 2491 rapui.

373 2509 507 2586 Sun'r'
528 2509 630 2587 enim
651 2535 773 2586 cousae
794 2509 1012 2610 spirituales
1034 2509 1232 2609 inquibus
1255 2510 1371 2587 iudex
1393 2510 1573 2589 secularis
1594 2536 1673 2588 non
1694 2511 1809 2590 habet
1831 2513 1959 2611 cogni-

369 2627 514 2705 tionem
531 2653 654 2727 neque
672 2629 935 2706 executionem
951 2653 1039 2705 cum
1057 2653 1136 2705 non
1153 2628 1291 2706 habeat
1309 2629 1551 2706 coertionem.
1572 2631 1623 2706 In
1640 2629 1698 2707 his
1718 2631 1819 2706 enim
1838 2631 1961 2708 causis

370 2749 539 2846 pertinet
555 2747 724 2846 cognitio
741 2748 792 2823 ad
808 2747 949 2824 iudices
966 2747 1236 2824 ecclesiasticos
1254 2747 1318 2846 qui
1336 2756 1478 2845 regimt
1497 2756 1536 2824 et
1553 2747 1770 2825 defendunt
1788 2749 1960 2826 sacerdo·

369 2867 479 2943 tium.
507 2866 609 2942 Sunt
633 2865 749 2942 etiam
772 2891 895 2942 causae
920 2865 1107 2942 seculares
1133 2890 1297 2963 quarum
1322 2865 1490 2964 cognitio
1515 2867 1684 2964 pertinet
1710 2866 1761 2943 ad
1785 2892 1895 2965 reges
1921 2876 1960 2944 et

369 2984 563 3083 principes
580 2982 646 3082 qui
663 2983 879 3060 defendunt
896 3008 1072 3082 regnum,
1090 2993 1129 3061 et
1146 2982 1194 3059 de
1211 2983 1348 3081 quibus
1366 2984 1507 3060 iudices
1526 2983 1765 3061 ecclesiastici
1782 3011 1823 3062 se
1841 2986 1959 3062 intro-

370 3101 523 3178 mittere
546 3126 624 3178 non
648 3100 801 3191 debent,
824 3126 912 3177 cum
936 3127 1069 3178 eorum
1093 3101 1178 3178 iura
1203 3101 1281 3177 sive
1304 3101 1582 3178 iurisdictiones
1606 3103 1780 3179 limitatae
1805 3101 1895 3180 sint³
1921 3112 1960 3180 et

370 3227 569 3318 separatae,
586 3219 658 3296 nisi
674 3219 729 3296 ita
746 3220 795 3296 sit
810 3220 914 3318 quod
930 3219 1082 3316 gladius
1099 3220 1229 3295 iuvare
1247 3219 1384 3296 debeat
1400 3219 1585 3317 gladium.
1604 3220 1681 3298 Est
1698 3220 1801 3298 enim
1811 3246 1960 3320 ‚magna

371 3337 593 3413 differentia
608 3338 710 3414 inter
727 3337 983 3413 sacerdotium
1000 3346 1039 3414 et
1056 3362 1231 3436 regnum.

469 3456 536 3532 De
551 3454 735 3553 repimine
749 3455 1055 3532 iurisdictionem
1071 3455 1194 3553 repeti,
1209 3455 1300 3554 qaia
1316 3456 1364 3533 de
1379 3456 1587 3533 sacerdotia
1603 3455 1697 3533 atet
1712 3457 1764 3533 od
1779 3480 1958 3556 precene.
2003 3540 2006 3545 ,

372 3574 477 3650 CUM
493 3581 623 3650 autem
638 3573 686 3649 de
700 3573 886 3671 regimine
901 3573 1103 3649 sacerdotii
1117 3567 1211 3649 nihil
1226 3573 1420 3672 pertineat
1435 3575 1485 3650 ad
1501 3583 1712 3651 tractatum
1728 3576 1857 3664 istum,
1875 3575 1960 3652 ideo

370 3691 578 3767 videndum
595 3691 667 3768 est⁴
684 3690 732 3766 de
747 3691 804 3768 his
821 3715 904 3788 quae
921 3691 1117 3789 pertinent
1134 3691 1185 3766 ad
1201 3716 1377 3789 regnum,
1395 3692 1479 3790 quis
1496 3691 1622 3792 primo
1640 3702 1680 3770 et
1696 3693 1961 3792 principaliter

371 3809 508 3885 debeat
526 3818 564 3886 et
582 3810 703 3908 possit
720 3810 899 3886 iudicare.
918 3809 977 3884 Et
996 3809 1191 3886 sciendum
1210 3809 1314 3907 quod
1331 3811 1414 3909 ipse
1433 3835 1502 3885 rex
1521 3819 1560 3887 et
1579 3834 1658 3886 non
1677 3811 1786 3900 alius,
1807 3812 1838 3889 si
1857 3811 1960 3889 solus

371 3929 506 4005 adhoc
520 3927 690 4006 sufficere
705 3927 839 4028 possit,
854 3952 942 4004 cum
957 3927 1007 4004 ad
1022 3927 1092 4003 hoc
1107 3952 1177 4026 per
1192 3927 1375 4004 virtutem
1391 3929 1619 4005 sacramenti
1635 3938 1815 4006 teneatur
1830 3930 1959 4008 astric-

369 4056 445 4124 tus.
460 4047 591 4125 Debet
607 4047 709 4123 enim
722 4046 763 4122 in
778 4045 1023 4121 coronatione
1039 4071 1109 4121 sua
1124 4045 1164 4121 in
1179 4045 1334 4121 nomine
1350 4045 1468 4122 Ihesu
1485 4046 1629 4123 Christi
1646 4047 1819 4147 praestito
1836 4073 1959 4125 sacra·

369 4173 500 4242 mento
514 4165 592 4240 haec
604 4164 682 4242 tria
695 4163 921 4264 promittere
936 4161 1083 4262 populo
1098 4161 1168 4239 sibi
1182 4163 1347 4239 subdito.

469 4285 535 4362 De
550 4290 789 4361 sacramento
806 4282 911 4382 quod
925 4305 995 4357 ree
1009 4280 1139 4375 facere
1155 4279 1267 4358 debet
1283 4282 1325 4358 in
1341 4282 1585 4359 coronatione
1602 4307 1683 4360 suo.

371 4403 575 4478 Imrnmls
593 4427 633 4478 se
651 4427 731 4478 esse
749 4408 1035 4499 praceptorum
1052 4408 1091 4476 et
1109 4424 1182 4497 pro
1201 4399 1344 4475 viribus
1364 4425 1478 4498 opem
1497 4399 1761 4499 impensurum
1780 4411 1825 4479 ut
1845 4403 1959 4479 eccle-

370 4519 432 4598 siae
453 4520 514 4596 dei
532 4528 572 4596 et
590 4520 693 4594 omni
713 4518 860 4618 populo
879 4515 1085 4593 christiano
1104 4543 1196 4594 vera
1215 4543 1295 4616 pax
1315 4518 1419 4594 omni
1439 4544 1509 4595 suo
1527 4529 1703 4618 tempore
1724 4520 1958 4598 observetur.

372 4638 562 4727 Secundo,
581 4647 627 4715 ut
644 4636 878 4735 rapacitates
896 4644 935 4711 et
953 4659 1084 4711 omnes
1103 4635 1323 4733 iniquitates
1343 4636 1519 4713 omnibus
1538 4638 1722 4735 gradibus
1743 4639 1958 4716 interdicat.

370 4756 518 4846 Tertio,
539 4764 585 4832 ut
607 4753 660 4830 in⁸
683 4752 859 4830 omnibus
882 4751 1028 4829 iudiciis
1051 4751 1271 4850 oequitatem
1295 4754 1494 4853 praecipiat
1518 4765 1557 4832 et
1580 4756 1889 4846 misericordiam,
1914 4766 1959 4834 ut

369 4876 570 4973 indulgeat
595 4873 643 4950 ei⁰
668 4897 779 4949 suam
802 4870 1101 4948 misericordiam
1126 4871 1290 4947 clemens
1317 4879 1356 4947 et
1381 4871 1592 4951 misericors
1619 4873 1725 4964 deus,
1752 4885 1792 4952 et
1817 4885 1863 4953 ut
1888 4902 1959 4975 per

369 4993 555 5071 iustitiam
572 5016 681 5069 suam
697 4991 810 5066 firma
825 5014 920 5089 pace
936 4989 1134 5088 gaudeant
1151 4989 1328 5065 universi.

368 5180 435 5217 ¹¹¹¹¹
446 5178 538 5242 debet
553 5200 666 5254 coram,
682 5179 721 5252 V,
737 5177 814 5238 MG.
852 5174 878 5209 ⁸¹
890 5173 1014 5249 iudicet,
1030 5175 1100 5252 OB,
1117 5175 1192 5250 MA,
1209 5176 1284 5236 ΜΒ.
1578 5261 1583 5272 Ι

451 5280 586 5359 ²possit,
601 5280 668 5354 OC,
684 5278 760 5353 MA,
776 5278 851 5353 CM,
866 5274 944 5351 MG,
961 5275 1034 5337 MC.
1072 5273 1174 5349 ’cum,
1191 5277 1267 5352 MA,
1284 5277 1363 5350 CM;
1380 5298 1472 5354 nunc,
1489 5279 1566 5340 MG.
1605 5277 1712 5356 ⁸aunt,
1729 5282 1769 5355 V,
1786 5282 1864 5356 MG,
1882 5283 1957 5345 MA.

368 5383 464 5459 ‘erit,
479 5383 519 5458 V,
535 5381 605 5456 OA,
620 5380 687 5454 OC,
704 5379 778 5453 MC,
794 5377 872 5439 MG.
911 5375 1015 5450 'Om.,
1032 5376 1102 5453 OB,
1119 5377 1195 5451 MA,
1212 5377 1287 5438 ΜΒ.
1326 5376 1392 5455 ⁸et,
1409 5379 1478 5454 OB,
1495 5380 1571 5454 MA,
1589 5382 1664 5443 ΜΒ.
