4374 6366
768 527 830 588 DE
853 527 1057 590 PLACITIS
1080 527 1269 591 CORONAE
1742 539 1815 608 431

228 677 346 753 talem
361 677 499 765 locum,
517 677 566 752 ad
583 678 894 775 respondendum
912 677 1033 754 eidem
1051 679 1100 753 Β.
1118 677 1166 755 de
1184 680 1363 756 societate
1380 679 1446 757 et⁸⁰
1465 680 1539 757 de⁸¹
1557 691 1681 760 morte
1698 683 1817 760 homi·

228 796 298 884 nis,
315 795 463 877 roberia
478 805 517 872 et
530 796 742 884 latrocinio,
758 796 819 871 vel
835 796 909 871 alia
923 796 993 872 tali
1011 797 1154 872 felonia
1170 799 1274 874 unde
1289 824 1377 875 eum
1393 799 1578 898 appellat.
1596 800 1671 877 Vel
1681 801 1816 878 'alitert

228 912 479 1012 Praecipimus
500 911 570 990 tibi
591 914 694 1012 quod
716 912 824 990 sine³²
846 913 1057 990 dilatione³⁸
1079 915 1208 1013 capias
1230 917 1282 990 A.
1306 927 1345 993 et
1368 917 1496 1014 ipsum
1518 928 1677 1017 captum
1700 921 1817 997 ducas

227 1056 357 1108 coram
372 1031 582 1108 iustitiariis
598 1040 776 1121 etcetera,
794 1032 844 1108 ad
860 1033 1170 1131 respondendum
1187 1034 1237 1109 B.
1255 1034 1527 1132 cognoscenti⁸⁴
1544 1063 1585 1113 se
1602 1063 1684 1114 esse
1699 1038 1816 1114 latro·

226 1176 314 1226 nem
335 1152 382 1227 de
404 1151 583 1227 societate
604 1149 794 1226 latrocinii
814 1151 916 1226 unde
938 1177 1025 1227 eum
1048 1152 1232 1249 appellat.
1256 1153 1314 1227 Et
1336 1163 1430 1229 tunc
1451 1153 1591 1230 habeas
1612 1155 1664 1230 ibi
1686 1181 1816 1232 coram

226 1268 368 1344 eisdem
383 1267 596 1344 iustitiariis
611 1267 860 1344 sufficientem
876 1279 1018 1345 sectam
1034 1269 1082 1345 de
1098 1269 1246 1346 visneto
1261 1271 1342 1361 tali,
1360 1273 1409 1347 ad
1427 1272 1645 1349 faciendam
1661 1275 1816 1373 inquisi-

226 1386 370 1462 tionem
389 1387 436 1462 de
455 1385 638 1485 praedicto
657 1386 726 1463 tali
747 1387 956 1462 secundum
976 1387 1291 1464 consuetudinem
1311 1390 1421 1487 regni
1442 1390 1575 1467 nostri.
1598 1391 1657 1466 Et
1676 1391 1816 1469 habeas

226 1504 277 1580 ibi
293 1504 363 1580 hoc
379 1504 504 1580 breve.
522 1505 639 1581 Teste
655 1513 832 1581 etcetera.
851 1506 910 1579 Et
926 1516 1055 1604 posset
1072 1506 1159 1581 huic
1177 1506 1281 1582 brevi
1300 1508 1459 1605 adiungi
1476 1509 1573 1584 bene
1589 1520 1633 1586 ut
1651 1510 1815 1600 videtur,

226 1633 265 1700 et
287 1625 317 1700 si
339 1623 440 1699 idem
461 1624 549 1699 talis
571 1633 733 1722 propter
755 1624 953 1722 appellum
976 1624 1071 1700 illud
1094 1649 1133 1700 se
1156 1624 1260 1701 forte
1282 1625 1528 1714 subtraxerit,
1551 1636 1645 1703 tunc
1668 1627 1815 1704 facias⁸⁶

198 1828 200 1832 ¹
225 1739 334 1816 illum
355 1741 586 1838 interrogari
607 1741 654 1817 de
675 1741 860 1818 comitatu
880 1743 921 1817 in
941 1743 1166 1819 comitatum
1187 1743 1307 1819 donec
1328 1744 1538 1820 secundum
1557 1745 1683 1842 legem
1703 1754 1816 1822 terrae

226 1859 435 1957 utlagetur.
453 1861 511 1936 Et
525 1860 596 1935 hoc
611 1859 695 1934 fieri
711 1860 823 1937 debet
838 1867 994 1936 tantum
1009 1860 1059 1936 ad
1075 1871 1218 1937 sectam
1233 1861 1378 1937 domini
1393 1863 1495 1960 regis
1511 1862 1592 1939 sine
1609 1864 1684 1938 alia
1700 1873 1814 1952 secta,

224 1986 388 2077 propter
403 1978 742 2076 presumptionem
759 1977 904 2076 appelli
921 1986 960 2054 et
977 1988 1139 2077 propter
1158 1979 1306 2077 fugam.
1326 1981 1427 2056 Cum
1446 1990 1577 2057 autem
1595 1982 1815 2080 appellatus

225 2121 392 2196 praesens
411 2095 541 2185 fuerit,
559 2106 754 2194 proponat
772 2096 958 2196 probator
974 2096 1174 2195 appellum
1190 2123 1303 2173 suum
1320 2098 1361 2174 in
1378 2097 1456 2172 hoec
1474 2098 1601 2174 verba.

325 2215 427 2292 Cam
451 2224 581 2292 autem
604 2238 773 2314 prorem
795 2214 917 2309 fuerit
942 2214 1173 2314 appellatur,
1198 2215 1364 2315 qualiter
1387 2215 1574 2315 probator
1597 2241 1815 2316 proponere

324 2333 437 2411 debet
453 2333 705 2410 intentionem
721 2358 831 2409 soom
847 2343 886 2411 et
903 2333 1101 2432 appellum
1118 2357 1241 2410 mom.

223 2453 277 2527 A.
290 2474 340 2526 nn
354 2451 408 2528 N.
423 2476 654 2550 cognoscens
670 2478 710 2528 se
723 2477 804 2528 esse
817 2452 1007 2528 latronem
1022 2452 1196 2550 appellat
1209 2453 1258 2528 B.
1274 2451 1351 2528 de⁸⁸
1366 2451 1545 2528 societate
1561 2462 1599 2529 et
1613 2452 1814 2529 latrocinio

223 2569 284 2645 vel
298 2568 449 2645 roberia
461 2569 549 2646 vel⁸'
564 2578 690 2647 morte
704 2567 906 2657 hominis‚⁸⁸
922 2569 1063 2646 scilicet
1077 2568 1160 2645 ita⁸⁹
1177 2570 1281 2668 quod
1297 2569 1370 2668 ipsi
1386 2569 1499 2646 simul
1516 2571 1636 2647 furati
1653 2571 1814 2646 fuerunt

223 2688 341 2765 talem
360 2714 441 2766 rem
461 2689 567 2787 apud
587 2687 705 2765 talem
723 2689 862 2777 locum,
882 2699 921 2765 et
941 2689 997 2764 ita
1016 2689 1119 2787 quod
1139 2689 1345 2787 praedictus
1365 2689 1414 2763 B.
1435 2687 1569 2764 habuit
1590 2688 1640 2764 ad
1661 2698 1813 2787 partem

221 2832 331 2882 suam
348 2816 513 2883 tantum.
532 2807 607 2882 Vel
624 2806 693 2883 sic:
713 2807 816 2905 quod
834 2807 907 2904 ipsi
926 2806 1038 2882 simul
1055 2815 1246 2882 venerunt
1264 2807 1314 2882 ad
1331 2806 1489 2882 domum
1507 2806 1607 2894 talia,
1627 2807 1697 2883 tali
1714 2807 1810 2894 loco,

221 2924 282 3000 vel
293 2925 335 3000 in
346 2925 409 2999 via
420 2925 481 3000 vel
494 2924 595 3013 alibi,
608 2935 647 3001 et
659 2922 920 3001 robbavenmt
933 2924 967 3000 ei
979 2924 1098 3001 talem
1110 2949 1203 3013 rem,
1217 2949 1289 3023 per
1303 2925 1406 3022 quod
1420 2924 1680 3001 robbaverrmt
1694 2924 1810 3001 eum*⁰

222 3041 289 3117 et‘²
304 3041 593 3130 interfecerunt,
608 3041 716 3118 etita
731 3042 835 3140 quod
850 3041 1055 3140 praedictus
1071 3043 1120 3118 B.
1136 3041 1270 3119 habuit
1285 3050 1440 3118 tantum
1457 3043 1506 3118 ad
1522 3052 1673 3140 partem
1689 3069 1810 3119 suam.

221 3160 251 3236 f.
268 3160 360 3254 153]
416 3161 475 3236 Et
495 3159 596 3237 idem
616 3159 663 3235 de
684 3167 970 3258 receptamento
992 3161 1165 3249 scienter,
1188 3171 1226 3237 et
1247 3161 1324 3236 alia
1343 3161 1499 3236 felonia.
1521 3161 1579 3238 Et
1601 3161 1671 3236 hoc
1693 3161 1812 3237 offert

220 3279 386 3378 probare
399 3304 531 3355 versus
546 3304 633 3355 eum
647 3303 718 3377 per
732 3303 872 3377 corpus
887 3304 1011 3367 suum,
1027 3279 1125 3356 sicut
1139 3278 1246 3355 curia
1259 3278 1566 3355 consideraverit.
1583 3280 1641 3356 Et
1657 3287 1810 3378 oporte-

219 3398 276 3474 bit
292 3397 539 3495 probatorem
555 3406 699 3474 certam
716 3423 798 3474 rem
815 3397 1042 3494 exprimere,
1059 3407 1098 3473 et
1116 3421 1247 3475 omnes
1265 3397 1569 3473 circumstantias
1588 3397 1668 3473 sine
1686 3397 1809 3472 varia·

220 3516 324 3592 tione
340 3525 379 3591 et
393 3515 607 3592 mutatione
623 3515 761 3613 aliqua.
779 3515 837 3591 Et
853 3515 957 3613 quod
973 3525 1178 3612 cognoscat
1195 3540 1400 3612 personam
1417 3515 1604 3614 appellati
1620 3539 1707 3591 cum
1726 3515 1810 3591 fue·

219 3634 271 3710 rit
289 3633 329 3709 in
346 3634 527 3709 iudicium
545 3633 769 3730 productus,
787 3633 877 3730 quia
896 3634 927 3708 si
945 3658 1034 3708 eum
1051 3657 1130 3708 non
1148 3632 1382 3730 cognoverit,
1402 3643 1656 3732 praesumetur
1675 3640 1809 3708 contra

220 3751 348 3849 ipsum
363 3751 465 3849 quod
479 3774 690 3848 numquam
704 3749 866 3827 fuerunt
880 3748 980 3825 socii.

320 3869 426 3945 Item
441 3868 572 3967 plores
587 3867 772 3966 appellat,
789 3877 827 3944 et
842 3868 946 3944 uode
960 3867 1024 3945 cic.

222 3987 348 4062 ΙιπὲΜ1
365 3987 418 4062 A.
438 3986 611 4085 appellat
628 3987 677 4061 B.
696 3986 744 4062 de
762 3985 815 4061 N.
834 3986 883 4061 de
900 3984 1080 4062 societate
1097 3994 1136 4062 et
1153 3985 1354 4061 latrocinio
1371 3986 1432 4062 vel
1452 3986 1596 4063 felonia
1614 3987 1809 4086 praedicta,

220 4105 274 4183 et'
289 4107 345 4182 ita
360 4106 463 4204 quod
479 4106 561 4204 ipse
576 4103 723 4180 habuit⁸
739 4105 790 4180 ad
805 4112 957 4203 partem
974 4129 1083 4180 suam
1098 4111 1253 4179 tantum
1269 4103 1330 4180 vel
1347 4105 1394 4180 de
1411 4103 1486 4181 alio
1503 4105 1703 4182 latrocinio
1720 4105 1810 4181 alibi

220 4225 338 4301 facto.
361 4225 421 4301 Et
442 4223 494 4300 sic
516 4223 660 4322 poterit
682 4224 813 4322 plures
836 4222 1033 4322 appellare
1056 4222 1189 4298 eodem
1213 4222 1274 4299 die
1298 4223 1345 4298 de
1369 4223 1548 4299 societate
1572 4233 1611 4299 et
1634 4223 1809 4322 pluribus

219 4341 427 4419 latrociniis
445 4351 485 4419 et
502 4341 671 4418 diversis.

318 4461 385 4538 De
401 4461 515 4537 modo
532 4460 775 4555 defendendi.

218 4581 284 4655 Er
299 4581 348 4655 B.
364 4579 470 4657 venit
484 4589 524 4656 et
539 4577 714 4655 defendit
728 4577 959 4665 societatem,
976 4585 1016 4653 et
1030 4576 1285 4664 latrocinium,
1303 4575 1503 4663 roberiam,
1520 4586 1559 4654 et
1575 4586 1751 4666 mortem,
1768 4587 1807 4653 et

219 4705 559 4796 receptamentum,
578 4706 617 4773 et
633 4722 785 4772 omnem
802 4695 996 4782 feloniam,
1014 4703 1053 4771 et
1071 4695 1257 4793 quidquid
1274 4695 1308 4771 ei
1326 4695 1549 4793 imponitur,
1568 4696 1617 4772 de
1633 4695 1750 4771 verbo
1768 4696 1809 4772 in

218 4816 379 4892 verbum
393 4825 433 4892 et
449 4816 658 4892 secundum
674 4815 778 4912 quod
794 4814 829 4889 ei
844 4814 1067 4912 imponitur.
1085 4813 1144 4890 Et
1158 4821 1252 4888 tunc
1269 4837 1495 4912 percorpus
1513 4838 1625 4889 suum
1643 4813 1722 4890 sine
1741 4813 1807 4888 ali·

219 4999 284 5035 ⁸⁸⁸⁸⁸
296 5007 339 5075 et,
356 5000 433 5075 MG,
451 5001 531 5072 οΜ;
550 4998 599 5074 de,
617 4999 683 5061 00.
723 4996 881 5073 ⁸²¹³⁸Om,
900 4996 977 5070 MG,
995 4997 1061 5059 00.
1101 4994 1128 5029 ⁸⁴
1138 4993 1353 5073 cognoscendi,
1372 4994 1446 5068 OA;
1465 5003 1708 5075 cognoscentem,
1729 4997 1807 5073 MG,

218 5101 285 5164 OC.
327 5100 353 5135 ⁸⁵
366 5101 473 5170 faciat,
493 5099 565 5173 LA;
587 5099 678 5174 facis,
697 5099 763 5161 OC.
804 5095 831 5132 ⁸⁸
843 5097 882 5157 de
901 5104 1000 5158 morte
1019 5103 1062 5172 et,
1081 5097 1121 5172 V,
1141 5097 1213 5169 LA3
1234 5096 1274 5158 de
1293 5103 1391 5156 morte
1411 5097 1553 5172 bominis,
1575 5099 1653 5174 MG,
1673 5098 1746 5171 OC;
1767 5099 1807 5160 de

217 5208 317 5264 morte
335 5201 466 5263 hominis
484 5199 558 5262 talis
576 5206 619 5273 et,
638 5200 678 5260 Y.
720 5197 746 5233 ⁸²
757 5198 806 5258 vel
825 5202 868 5274 in,
888 5198 954 5258 LA.
995 5195 1153 5274 ⁸²¹⁸⁸Om,
1174 5196 1252 5272 MG,
1272 5197 1338 5273 00,
1359 5199 1398 5259 Υ.
1441 5196 1559 5275 ⁸⁹0m,
1580 5200 1647 5275 LA,
1667 5201 1708 5275 Y,
1728 5201 1807 5276 MG,

217 5301 283 5364 00.
323 5300 388 5350 *⁰¹⁴¹
401 5321 469 5362 eum
486 5321 565 5377 eum,
582 5301 628 5373 V;
646 5321 724 5376 eum,
742 5300 812 5373 OB,
829 5300 904 5361 MA.

301 5401 409 5479 ²item,
425 5401 519 5464 MSS.
536 5420 600 5462 rar.
639 5399 743 5474 ²0m.,
759 5400 828 5475 OB,
845 5400 922 5476 ΜΒ,
937 5398 1013 5474 MC,
1029 5399 1095 5476 cE,
1112 5398 1193 5472 cM;
1214 5398 1333 5478 (-vel
1350 5400 1404 5462 fel.
1422 5400 1517 5480 praed.
1541 5445 1549 5462 .
1572 5448 1580 5462 .
1603 5447 1611 5463 .
1632 5401 1807 5479 latrocinio,

218 5502 314 5581 MA).
350 5499 722 5579 ⁸Om.,OB,MB(-{-).
