4394 6342
860 491 921 552 DE
945 490 1162 553 PEBSONIS
1763 499 1812 566 35

223 668 355 733 uxore,
377 642 467 742 quia
486 642 632 742 nuptia
653 642 821 741 probant
841 641 975 732 fllium,
997 653 1036 720 et
1057 667 1207 740 semper
1229 641 1393 719 stabitur
1414 642 1502 718 huic
1522 643 1813 740 praesumptioni

223 763 344 839 donec
370 761 557 862 probetur
582 762 830 838 contrarium.
859 763 919 839 Ut
946 787 1030 839 ecce
1056 763 1218 838 maritus
1246 761 1435 860 probatur
1462 787 1541 837 non
1567 761 1813 839 concubuisse

224 881 459 980 aliquamdiu
478 907 566 957 cum
582 907 717 970 uxore,
736 880 988 958 infirmitate²⁰
1008 883 1068 957 vel
1088 881 1164 957 alia
1182 879 1335 969 causa,²⁷
1358 881 1419 956 vel
1438 891 1522 958 erat
1541 881 1584 956 in
1602 907 1648 958 ea
1666 881 1814 957 valetu-

225 1001 312 1078 dine
330 1009 376 1078 ut
392 1027 577 1099 generare
593 1027 672 1076 non
690 1001 823 1098 possit,
841 1001 902 1077 vel
919 1002 1108 1098 probatur
1126 1002 1229 1100 quod
1249 1001 1326 1078 fuit
1345 1002 1480 1078 absens
1500 1026 1570 1100 per
1588 1002 1815 1078 decennium

225 1121 254 1196 f.
270 1119 339 1213 6b]
395 1131 434 1198 et
454 1145 628 1198 reversus
648 1120 795 1196 invenit
816 1121 1047 1197 anniculum.
1070 1120 1153 1195 Hic
1174 1120 1240 1219 qui
1261 1122 1301 1197 in
1322 1123 1435 1197 domo
1457 1121 1586 1197 mariti
1607 1131 1722 1198 natus
1744 1130 1814 1209 est,

224 1239 312 1317 licet
333 1239 464 1316 vicinis
486 1239 701 1328 scientibus,
724 1265 802 1315 non
824 1241 896 1317 erit
917 1240 1018 1316 filius
1038 1240 1179 1317 mariti.
1201 1239 1287 1315 Et²⁸
1310 1242 1357 1317 de
1378 1240 1449 1317 hac
1470 1241 1631 1320 materia
1653 1240 1814 1316 inveniri

225 1358 369 1458 poterit
384 1359 535 1458 plenius
550 1359 667 1449 infra,
683 1361 731 1437 de
745 1368 865 1458 partu
880 1361 1092 1459 supposito.

326 1602 505 1696 Qualiter
517 1602 740 1680 dissolvitor
750 1604 881 1703 patrio
893 1612 1065 1703 potestas
1079 1614 1118 1681 et
1132 1603 1331 1681 dominico.

225 1723 407 1798 DIcruM
419 1732 478 1798 est
491 1748 609 1820 supra
623 1723 947 1821 quemadmodum
960 1722 1149 1800 dominica
1162 1732 1202 1799 et
1216 1723 1344 1821 patria
1358 1732 1531 1822 potestas
1546 1724 1814 1800 constituatur.

226 1841 345 1916 Nunc
364 1850 494 1919 autem
513 1843 716 1918 dicendum
734 1841 899 1940 qualiter
917 1842 1150 1918 dissolvatur
1168 1852 1206 1918 et
1225 1842 1396 1919 tollatur.
1418 1843 1477 1918 Et
1496 1843 1692 1919 sciendum
1713 1844 1816 1941 quod

226 1961 349 2040 tribus
366 1962 490 2041 modis
508 1963 549 2036 in
565 1961 694 2039 liberis
713 1962 897 2059 personis,
917 1961 1092 2038 videlicet
1111 1970 1235 2038 m01te
1254 1962 1422 2038 naturali
1442 1973 1481 2039 et
1501 1970 1626 2038 morte
1645 1962 1756 2051 civili,
1776 1971 1816 2040 et

227 2082 427 2181 dignitate.
451 2083 554 2158 Item
575 2083 615 2157 in
637 2082 753 2158 servis
775 2080 964 2158 dominica
986 2091 1159 2180 potestas
1181 2082 1331 2158 tollitur
1352 2081 1658 2158 manumissione.
1683 2083 1816 2158 Morte

227 2201 407 2289 naturali,
425 2211 470 2278 ut
489 2201 521 2277 si
538 2210 652 2300 pater
670 2202 736 2299 qui
754 2200 870 2276 habet
887 2200 1010 2277 filium
1029 2201 1069 2276 in
1088 2208 1280 2298 potestate
1300 2201 1498 2276 moriatur.
1520 2201 1627 2277 Nam
1647 2202 1727 2278 eius
1747 2200 1816 2277 filii

227 2319 416 2419 incipiunt
438 2345 519 2397 esse
542 2321 601 2396 sui
623 2320 728 2409 iuris,
751 2319 924 2419 quamvis
949 2318 1183 2418 aliquando²⁹
1206 2329 1430 2396 remaneant
1455 2320 1525 2396 sub
1549 2318 1674 2396 tutela
1696 2318 1815 2396 domi·

227 2463 366 2515 norum
383 2438 450 2516 et'⁰
468 2439 539 2515 sub
555 2463 650 2515 cura
667 2439 877 2514 amicorum
894 2440 955 2515 vel
974 2447 1192 2538 parentum.
1213 2439 1375 2515 Mortuo
1395 2438 1512 2514 vero⁸²
1534 2464 1606 2516 avo
1624 2438 1816 2538 paterno⁸¹

227 2569 387 2659 nepotes
403 2560 484 2636 eius
501 2583 580 2634 non
596 2557 724 2635 fiunt⁸⁸
743 2559 802 2634 sui
817 2559 921 2647 iuris,
940 2559 1007 2634 sed
1024 2555 1228 2635 recidunt³⁴
1245 2559 1286 2634 in
1303 2566 1537 2658 potestatem
1555 2559 1613 2634 sui
1631 2558 1765 2658 patris,
1785 2559 1817 2636 si

227 2689 340 2778 pater
360 2702 493 2755 eorum
513 2679 618 2754 vivat
639 2704 727 2754 cum
749 2703 843 2754 avus
863 2677 1062 2765 moriatur,
1085 2687 1124 2754 et
1146 2678 1254 2753 nullo
1275 2678 1390 2754 modo
1412 2677 1599 2755 exiverit⁸⁶
1622 2679 1671 2754 de
1693 2677 1816 2777 patris

227 2807 420 2897 potestate
447 2824 518 2897 per
544 2798 888 2897 emancipationem
917 2797 978 2873 vel
1006 2797 1123 2873 alium
1151 2797 1320 2885 modum,
1349 2798 1446 2874 sicut
1475 2822 1546 2896 per
1574 2798 1815 2896 dignitatem.

229 2919 333 2994 Item
357 2926 481 2995 morte
507 2917 619 3005 civili,
645 2925 691 2992 ut
717 2917 748 2993 si
775 2925 887 3014 pater
913 2918 1119 2994 damnetur
1146 2925 1308 3015 propter
1336 2917 1504 3015 aliquam
1531 2916 1726 3005 feloniam,
1755 2917 1817 2993 vel

228 3036 352 3112 alius¹⁸
376 3044 603 3124 antecessor,
625 3035 688 3111 vel
709 3044 900 3135 perpetuo
923 3036 1111 3111 exuletur.
1139 3035 1182 3112 Si
1206 3045 1336 3112 autem
1359 3035 1553 3133 relegetur
1576 3038 1626 3112 ad
1649 3044 1816 3134 tempus,

227 3153 472 3232 nihilominus
489 3155 630 3233 retinet
646 3154 785 3232 liberos
803 3154 844 3230 in
861 3163 1053 3254 potestate
1072 3180 1153 3243 sua,
1173 3154 1263 3253 quia
1282 3180 1362 3243 sua,
1381 3180 1469 3231 cum
1489 3154 1684 3243 remeabit,
1703 3155 1816 3232 habe·

226 3277 293 3354 bit.
318 3279 422 3358 Item
442 3275 631 3374 dignitate
652 3275 870 3373 aliquando,
893 3299 964 3374 per
984 3275 1241 3374 episcopalem
1262 3275 1502 3373 dignitatem.
1527 3274 1631 3350 Item
1653 3276 1816 3352 emanci-

226 3396 383 3495 patione
398 3395 560 3472 solvitur
573 3393 701 3493 patria
715 3403 898 3493 potestas
914 3403 958 3470 ut
973 3393 1004 3470 si
1018 3393 1103 3492 quis
1118 3393 1241 3470 fflium
1256 3420 1369 3471 suum
1384 3394 1713 3471 forisfamilaverit
1729 3419 1817 3471 cum

227 3515 357 3613 aliqua
379 3522 491 3613 parte
514 3512 736 3590 hereditatis
760 3539 848 3602 suae,
872 3514 1081 3591 seeundum
1106 3513 1209 3610 quod
1234 3513 1446 3611 antiquitus
1470 3513 1554 3590 fieri
1578 3513 1685 3590 solet.
1713 3515 1817 3590 Item

227 3634 389 3711 solvitur
403 3632 592 3710 dominica
607 3641 779 3731 potestas
794 3631 1024 3731 quandoque
1038 3632 1345 3721 manumissione,
1363 3643 1407 3709 ut
1423 3633 1455 3708 si
1470 3633 1647 3709 dominus
1664 3659 1818 3711 servum
1910 3643 1911 3648 ’

227 3778 340 3829 suum
370 3751 634 3829 manumiserit
667 3776 905 3850 quacumque
937 3752 1086 3828 ratione
1118 3751 1436 3839 manumissionis,
1470 3752 1680 3828 secundum
1714 3751 1817 3850 quod

228 3871 389 3948 inferius
404 3872 552 3948 dicetur
565 3870 613 3949 de
627 3870 998 3947 manumissionibus.

328 4114 498 4207 Quidam
515 4123 606 4190 eant
621 4112 692 4206 cub
709 4113 832 4190 tutelo
848 4113 909 4190 vel
924 4137 1017 4190 cora
1032 4113 1093 4190 vel
1110 4113 1293 4190 custodia.

228 4233 374 4308 Pluma
393 4232 526 4309 dirisio
547 4257 800 4332 personarum
820 4231 897 4309 fuit
918 4232 1017 4320 talis,
1038 4232 1142 4330 quod
1163 4258 1293 4309 omnes
1314 4232 1484 4309 homines
1506 4241 1574 4308 aut
1595 4233 1703 4309 liberi
1726 4242 1817 4311 sunt

229 4361 297 4428 aut
321 4350 436 4428 servi:
462 4349 668 4437 secunda,⁸¹
694 4352 797 4450 quod
822 4352 997 4450 quadam
1021 4376 1194 4450 persona
1219 4361 1309 4428 sunt
1335 4352 1394 4428 sui
1418 4351 1523 4441 iuris,
1549 4351 1616 4428 et³⁸
1642 4351 1817 4450 quaedam

230 4468 353 4547 alieno
376 4471 451 4546 iuri
475 4471 662 4548 subiectae.
688 4472 806 4547 Nunc
831 4470 1003 4569 sequitur
1028 4471 1103 4546 alia
1128 4470 1273 4561 divisio,
1299 4470 1430 4569 quod⁸'
1456 4496 1709 4570 personarum
1734 4495 1818 4571 quae

228 4598 414 4667 nunaunt
432 4589 472 4666 in
489 4598 681 4689 potestate
699 4591 834 4678 aliena,
853 4589 1028 4688 quadam
1046 4599 1137 4666 sunt
1155 4591 1196 4665 in
1214 4590 1387 4667 custodia
1406 4591 1484 4668 sive
1503 4591 1628 4668 tutela
1646 4592 1817 4669 domino·

227 4733 325 4797 rum,
348 4709 523 4807 quaedam
544 4709 583 4784 in
604 4710 801 4786 curatione
822 4716 1031 4808 parentum
1051 4718 1091 4786 et
1114 4711 1334 4799 amicorum,
1359 4711 1569 4788 secundum
1591 4712 1695 4809 quod
1716 4711 1815 4787 infe·

225 4906 297 4970 ”in
318 4909 508 4986 infirmitate,
531 4910 601 4985 OB,
624 4910 700 4986 MB,
723 4911 803 4983 CM;
826 4930 885 4988 pro
907 4910 1098 4987 infir-mltate,
1121 4911 1187 4972 OC.
1232 4909 1362 4972 ”causa
1385 4911 1561 4991 Impeditus,
1585 4911 1625 4984 V,
1649 4913 1724 4988 CM,
1749 4912 1815 4972 MA

232 5009 366 5089 (corr.);
389 5031 483 5072 causa
506 5011 555 5073 vel
581 5012 746 5090 impeditus
770 5018 849 5087 erat,
873 5012 956 5085 Μῦς
981 5032 1074 5073 causa
1099 5011 1296 5091 impediente,
1322 5013 1388 5074 OC.
1435 5011 1553 5088 ²⁸0m,
1579 5012 1648 5089 OB,
1674 5014 1751 5088 MB,
1775 5013 1815 5074 Y.

228 5109 255 5146 ¹⁰
266 5111 374 5190 aliqui,
393 5113 470 5187 MG,
491 5114 564 5174 CM.
606 5111 704 5188 ⁸⁰vel,
724 5114 800 5188 MA,
820 5114 888 5187 CB,
906 5114 946 5175 Y.
987 5112 1117 5188 ⁸¹enim,
1138 5114 1205 5188 ΟΕ,
1226 5115 1301 5174 ΜΒ.
1343 5112 1370 5147 ⁸²
1381 5121 1524 5193 patrono,
1546 5114 1615 5190 OB,
1636 5114 1712 5190 MA,
1735 5115 1816 5186 MB;

226 5220 350 5293 patruo,
368 5214 407 5274 V.
447 5213 569 5289 ”surm
587 5215 627 5291 V,
646 5215 722 5289 MA,
742 5215 818 5276 MG.
859 5213 1054 5291 “recedunt
1075 5217 1151 5291 MA,
1171 5216 1237 5276 LA.
1278 5213 1305 5249 ³¹⁵
1316 5218 1458 5291 exierint,
1477 5215 1516 5291 V,
1538 5215 1612 5290 HA,
1631 5215 1676 5287 Y;
1699 5219 1816 5289 exiunt,

228 5315 302 5375 MA.
343 5313 523 5392 ⁸⁰alicuiua,
542 5316 610 5391 OC,
631 5316 703 5378 CM.
745 5315 772 5350 ⁸⁷
784 5316 921 5392 secundi,
942 5316 1013 5389 LA;
1035 5316 1180 5392 secundo,
1201 5317 1277 5378 MG.
1321 5315 1439 5390 ³⁸Om.,
1460 5317 1529 5390 OB,
1553 5317 1627 5391 MA,
1650 5318 1726 5392 MB,
1748 5316 1816 5392 CB,

227 5417 267 5491 Y,
286 5417 351 5480 OC.
389 5415 418 5452 ⁸⁰
430 5419 510 5492 Om,
527 5418 596 5494 OB,
616 5420 697 5491 MA;
714 5439 815 5498 quam,
833 5418 906 5491 LA;
923 5419 1025 5497 quoad
1047 5418 1175 5496 (corn),
1195 5419 1267 5479 MC.
