<?xml version="1.0" encoding="UTF-8"?>
<!DOCTYPE html PUBLIC "-//W3C//DTD XHTML 1.0 Transitional//EN"
    "http://www.w3.org/TR/xhtml1/DTD/xhtml1-transitional.dtd">
<html xmlns="http://www.w3.org/1999/xhtml" xml:lang="en" lang="en">
 <head>
  <title>
</title>
<meta http-equiv="Content-Type" content="text/html;charset=utf-8" />
  <meta name='ocr-system' content='tesseract 3.04.00' />
  <meta name='ocr-capabilities' content='ocr_page ocr_carea ocr_par ocr_line ocrx_word'/>
</head>
<body>
  <div class='ocr_page' id='page_1' title='image "./bractondelegibu01histgoog_0341.png"; bbox 0 0 4392 6352; ppageno 0'>
   <div class='ocr_carea' id='block_1_1' title="bbox 848 507 1825 586">
    <p class='ocr_par' dir='ltr' id='par_1_1' title="bbox 848 507 1825 586">
     <span class='ocr_line' id='line_1_1' title="bbox 848 507 1825 586; baseline 0.004 -18"><span class='ocrx_word' id='word_1_1' title='bbox 848 507 909 568; x_wconf 82' lang='lat' dir='ltr'>na</span> <span class='ocrx_word' id='word_1_2' title='bbox 933 507 1205 572; x_wconf 70' lang='lat' dir='ltr'>remorsurus</span> <span class='ocrx_word' id='word_1_3' title='bbox 1751 519 1825 586; x_wconf 79' lang='lat'>323</span> 
     </span>
    </p>
   </div>
   <div class='ocr_carea' id='block_1_2' title="bbox 234 655 1832 3016">
    <p class='ocr_par' dir='ltr' id='par_1_2' title="bbox 234 655 1832 3016">
     <span class='ocr_line' id='line_1_2' title="bbox 237 655 1827 758; baseline 0.006 -29"><span class='ocrx_word' id='word_1_4' title='bbox 237 678 352 731; x_wconf 90' lang='lat' dir='ltr'>causa</span> <span class='ocrx_word' id='word_1_5' title='bbox 373 655 622 754; x_wconf 82' lang='lat' dir='ltr'><strong>proprietatis</strong></span> <span class='ocrx_word' id='word_1_6' title='bbox 643 682 714 755; x_wconf 90' lang='lat' dir='ltr'>per</span> <span class='ocrx_word' id='word_1_7' title='bbox 734 656 848 735; x_wconf 90' lang='lat' dir='ltr'>breve</span> <span class='ocrx_word' id='word_1_8' title='bbox 868 660 915 735; x_wconf 90' lang='lat' dir='ltr'>de</span> <span class='ocrx_word' id='word_1_9' title='bbox 935 668 1051 748; x_wconf 92' lang='lat' dir='ltr'>recto,</span> <span class='ocrx_word' id='word_1_10' title='bbox 1072 670 1111 737; x_wconf 92' lang='lat' dir='ltr'>et</span> <span class='ocrx_word' id='word_1_11' title='bbox 1133 669 1268 758; x_wconf 93' lang='lat' dir='ltr'>postea</span> <span class='ocrx_word' id='word_1_12' title='bbox 1288 660 1402 736; x_wconf 87' lang='lat' dir='ltr'>velim</span> <span class='ocrx_word' id='word_1_13' title='bbox 1423 685 1619 737; x_wconf 89' lang='lat' dir='ltr'>recurrere</span> <span class='ocrx_word' id='word_1_14' title='bbox 1640 663 1690 738; x_wconf 92' lang='lat' dir='ltr'>ad</span> <span class='ocrx_word' id='word_1_15' title='bbox 1712 663 1827 739; x_wconf 88' lang='lat' dir='ltr'>aliam</span> 
     </span>
     <span class='ocr_line' id='line_1_3' title="bbox 237 773 1826 880; baseline 0.006 -33"><span class='ocrx_word' id='word_1_16' title='bbox 237 797 321 870; x_wconf 83' lang='lat' dir='ltr'>quae</span> <span class='ocrx_word' id='word_1_17' title='bbox 335 773 384 850; x_wconf 88' lang='lat' dir='ltr'>sit</span> <span class='ocrx_word' id='word_1_18' title='bbox 398 775 445 850; x_wconf 93' lang='lat' dir='ltr'>de</span> <span class='ocrx_word' id='word_1_19' title='bbox 459 775 708 873; x_wconf 83' lang='lat' dir='ltr'>possessione,</span> <span class='ocrx_word' id='word_1_20' title='bbox 725 801 803 851; x_wconf 97' lang='lat' dir='ltr'>non</span> <span class='ocrx_word' id='word_1_21' title='bbox 818 802 986 875; x_wconf 90' lang='lat' dir='ltr'>possum,</span> <span class='ocrx_word' id='word_1_22' title='bbox 1002 777 1093 876; x_wconf 92' lang='lat' dir='ltr'>quia</span> <span class='ocrx_word' id='word_1_23' title='bbox 1106 805 1177 878; x_wconf 91' lang='lat' dir='ltr'>per</span> <span class='ocrx_word' id='word_1_24' title='bbox 1192 779 1262 855; x_wconf 91' lang='lat' dir='ltr'>hoc</span> <span class='ocrx_word' id='word_1_25' title='bbox 1278 779 1387 856; x_wconf 91' lang='lat' dir='ltr'>fieret</span> <span class='ocrx_word' id='word_1_26' title='bbox 1403 779 1665 878; x_wconf 76' lang='lat' dir='ltr'>praeiudicium</span> <span class='ocrx_word' id='word_1_27' title='bbox 1682 781 1826 880; x_wconf 83' lang='lat' dir='ltr'>primae,</span> 
     </span>
     <span class='ocr_line' id='line_1_4' title="bbox 237 893 1827 997; baseline 0.006 -31"><span class='ocrx_word' id='word_1_28' title='bbox 237 899 387 967; x_wconf 88' lang='lat' dir='ltr'>etcum</span> <span class='ocrx_word' id='word_1_29' title='bbox 409 901 574 991; x_wconf 91' lang='lat' dir='ltr'>utraque</span> <span class='ocrx_word' id='word_1_30' title='bbox 597 893 696 970; x_wconf 90' lang='lat' dir='ltr'>aetio</span> <span class='ocrx_word' id='word_1_31' title='bbox 719 905 801 972; x_wconf 90' lang='lat' dir='ltr'>tam</span> <span class='ocrx_word' id='word_1_32' title='bbox 824 896 1073 994; x_wconf 82' lang='lat' dir='ltr'>proprietatis</span> <span class='ocrx_word' id='word_1_33' title='bbox 1097 924 1214 995; x_wconf 93' lang='lat' dir='ltr'>quam</span> <span class='ocrx_word' id='word_1_34' title='bbox 1239 898 1485 997; x_wconf 89' lang='lat' dir='ltr'>possessionis</span> <span class='ocrx_word' id='word_1_35' title='bbox 1510 898 1581 975; x_wconf 92' lang='lat' dir='ltr'>sub</span> <span class='ocrx_word' id='word_1_36' title='bbox 1605 899 1755 975; x_wconf 90' lang='lat' dir='ltr'>actione</span> <span class='ocrx_word' id='word_1_37' title='bbox 1779 901 1827 976; x_wconf 90' lang='lat' dir='ltr'>de</span> 
     </span>
     <span class='ocr_line' id='line_1_5' title="bbox 237 1011 1827 1116; baseline 0.005 -30"><span class='ocrx_word' id='word_1_38' title='bbox 237 1011 476 1110; x_wconf 82' lang='lat' dir='ltr'>proprietate</span> <span class='ocrx_word' id='word_1_39' title='bbox 501 1013 730 1090; x_wconf 89' lang='lat' dir='ltr'>continetur.</span> <span class='ocrx_word' id='word_1_40' title='bbox 760 1015 866 1106; x_wconf 87' lang='lat' dir='ltr'>&lt;Et</span> <span class='ocrx_word' id='word_1_41' title='bbox 893 1017 1107 1091; x_wconf 92' lang='lat' dir='ltr'>notandum</span> <span class='ocrx_word' id='word_1_42' title='bbox 1134 1015 1174 1092; x_wconf 92' lang='lat' dir='ltr'>in</span> <span class='ocrx_word' id='word_1_43' title='bbox 1201 1017 1277 1092; x_wconf 91' lang='lat' dir='ltr'>fine</span> <span class='ocrx_word' id='word_1_44' title='bbox 1304 1016 1435 1115; x_wconf 85' lang='lat' dir='ltr'>quod¹²</span> <span class='ocrx_word' id='word_1_45' title='bbox 1462 1042 1549 1094; x_wconf 91' lang='lat' dir='ltr'>cum</span> <span class='ocrx_word' id='word_1_46' title='bbox 1577 1019 1661 1116; x_wconf 91' lang='lat' dir='ltr'>quis</span> <span class='ocrx_word' id='word_1_47' title='bbox 1687 1017 1827 1094; x_wconf 89' lang='lat' dir='ltr'>habeat</span> 
     </span>
     <span class='ocr_line' id='line_1_6' title="bbox 237 1131 1828 1237; baseline 0.005 -30"><span class='ocrx_word' id='word_1_48' title='bbox 237 1131 367 1228; x_wconf 93' lang='lat' dir='ltr'>plures</span> <span class='ocrx_word' id='word_1_49' title='bbox 388 1132 555 1210; x_wconf 80' lang='lat' dir='ltr'>actiones</span> <span class='ocrx_word' id='word_1_50' title='bbox 574 1143 844 1210; x_wconf 86' lang='lat' dir='ltr'>concurrentes</span> <span class='ocrx_word' id='word_1_51' title='bbox 865 1136 912 1211; x_wconf 92' lang='lat' dir='ltr'>de</span> <span class='ocrx_word' id='word_1_52' title='bbox 932 1135 1065 1212; x_wconf 90' lang='lat' dir='ltr'>eadem</span> <span class='ocrx_word' id='word_1_53' title='bbox 1085 1162 1138 1224; x_wconf 90' lang='lat' dir='ltr'>re,</span> <span class='ocrx_word' id='word_1_54' title='bbox 1158 1162 1237 1212; x_wconf 94' lang='lat' dir='ltr'>una</span> <span class='ocrx_word' id='word_1_55' title='bbox 1257 1137 1370 1213; x_wconf 91' lang='lat' dir='ltr'>debet</span> <span class='ocrx_word' id='word_1_56' title='bbox 1391 1137 1569 1235; x_wconf 84' lang='lat' dir='ltr'>experiri,</span> <span class='ocrx_word' id='word_1_57' title='bbox 1591 1148 1636 1215; x_wconf 91' lang='lat' dir='ltr'>ut</span> <span class='ocrx_word' id='word_1_58' title='bbox 1657 1137 1701 1213; x_wconf 86' lang='lat' dir='ltr'>ff.</span> <span class='ocrx_word' id='word_1_59' title='bbox 1723 1139 1828 1237; x_wconf 85' lang='lat' dir='ltr'>quod</span> 
     </span>
     <span class='ocr_line' id='line_1_7' title="bbox 236 1250 1828 1354; baseline 0.008 -32"><span class='ocrx_word' id='word_1_60' title='bbox 236 1257 361 1325; x_wconf 82' lang='lat' dir='ltr'>metae</span> <span class='ocrx_word' id='word_1_61' title='bbox 378 1274 505 1338; x_wconf 83' lang='lat' dir='ltr'>cauea,</span> <span class='ocrx_word' id='word_1_62' title='bbox 520 1251 545 1326; x_wconf 98' lang='lat' dir='ltr'>l.</span> <span class='ocrx_word' id='word_1_63' title='bbox 563 1250 622 1326; x_wconf 81' lang='lat' dir='ltr'>ai¹⁸</span> <span class='ocrx_word' id='word_1_64' title='bbox 640 1251 804 1328; x_wconf 83' lang='lat' dir='ltr'>malier²⁴</span> <span class='ocrx_word' id='word_1_65' title='bbox 824 1251 840 1349; x_wconf 98' lang='lat'><strong>5</strong></span> <span class='ocrx_word' id='word_1_66' title='bbox 861 1255 1075 1342; x_wconf 78' lang='lat' dir='ltr'>acoactm,</span> <span class='ocrx_word' id='word_1_67' title='bbox 1094 1264 1132 1331; x_wconf 91' lang='lat' dir='ltr'>et</span> <span class='ocrx_word' id='word_1_68' title='bbox 1150 1255 1193 1330; x_wconf 89' lang='lat' dir='ltr'>ff.</span> <span class='ocrx_word' id='word_1_69' title='bbox 1213 1255 1260 1332; x_wconf 86' lang='lat' dir='ltr'>de</span> <span class='ocrx_word' id='word_1_70' title='bbox 1278 1255 1482 1331; x_wconf 80' lang='lat' dir='ltr'>tributaria</span> <span class='ocrx_word' id='word_1_71' title='bbox 1499 1257 1659 1344; x_wconf 80' lang='lat' dir='ltr'>aetiam,</span> <span class='ocrx_word' id='word_1_72' title='bbox 1678 1256 1702 1332; x_wconf 94' lang='lat' dir='ltr'>l.</span> <span class='ocrx_word' id='word_1_73' title='bbox 1723 1258 1828 1354; x_wconf 83' lang='lat' dir='ltr'>qaod</span> 
     </span>
     <span class='ocr_line' id='line_1_8' title="bbox 236 1367 1828 1474; baseline 0.005 -29"><span class='ocrx_word' id='word_1_74' title='bbox 236 1367 277 1445; x_wconf 82' lang='lat' dir='ltr'>im</span> <span class='ocrx_word' id='word_1_75' title='bbox 297 1369 474 1446; x_wconf 80' lang='lat' dir='ltr'>heredem</span> <span class='ocrx_word' id='word_1_76' title='bbox 498 1368 515 1469; x_wconf 90' lang='lat'><strong>5</strong></span> <span class='ocrx_word' id='word_1_77' title='bbox 540 1371 691 1469; x_wconf 85' lang='lat' dir='ltr'>eliqere.</span> <span class='ocrx_word' id='word_1_78' title='bbox 716 1372 794 1448; x_wconf 89' lang='lat' dir='ltr'>Sed</span> <span class='ocrx_word' id='word_1_79' title='bbox 815 1373 968 1448; x_wconf 88' lang='lat' dir='ltr'>videtur</span> <span class='ocrx_word' id='word_1_80' title='bbox 988 1382 1124 1449; x_wconf 91' lang='lat' dir='ltr'>contra</span> <span class='ocrx_word' id='word_1_81' title='bbox 1145 1373 1189 1449; x_wconf 86' lang='lat' dir='ltr'>ff.</span> <span class='ocrx_word' id='word_1_82' title='bbox 1213 1399 1377 1472; x_wconf 77' lang='lat' dir='ltr'>qnorum</span> <span class='ocrx_word' id='word_1_83' title='bbox 1400 1375 1629 1473; x_wconf 84' lang='lat' dir='ltr'>leqatorum,</span> <span class='ocrx_word' id='word_1_84' title='bbox 1651 1376 1677 1452; x_wconf 96' lang='lat' dir='ltr'>l.</span> <span class='ocrx_word' id='word_1_85' title='bbox 1701 1377 1828 1474; x_wconf 91' lang='lat' dir='ltr'>prima</span> 
     </span>
     <span class='ocr_line' id='line_1_9' title="bbox 240 1486 1826 1593; baseline 0.005 -29"><span class='ocrx_word' id='word_1_86' title='bbox 240 1486 257 1587; x_wconf 90' lang='lat'><strong>5</strong></span> <span class='ocrx_word' id='word_1_87' title='bbox 277 1490 381 1587; x_wconf 82' lang='lat' dir='ltr'>qaod</span> <span class='ocrx_word' id='word_1_88' title='bbox 397 1498 539 1578; x_wconf 84' lang='lat' dir='ltr'>autem,</span> <span class='ocrx_word' id='word_1_89' title='bbox 556 1490 622 1565; x_wconf 95' lang='lat' dir='ltr'>ubi</span> <span class='ocrx_word' id='word_1_90' title='bbox 639 1490 779 1566; x_wconf 88' lang='lat' dir='ltr'>dieitur</span> <span class='ocrx_word' id='word_1_91' title='bbox 795 1493 899 1590; x_wconf 95' lang='lat' dir='ltr'>quod</span> <span class='ocrx_word' id='word_1_92' title='bbox 916 1493 947 1568; x_wconf 93' lang='lat' dir='ltr'>si</span> <span class='ocrx_word' id='word_1_93' title='bbox 964 1493 1049 1568; x_wconf 83' lang='lat' dir='ltr'>duae</span> <span class='ocrx_word' id='word_1_94' title='bbox 1066 1502 1289 1590; x_wconf 90' lang='lat' dir='ltr'>competant</span> <span class='ocrx_word' id='word_1_95' title='bbox 1307 1493 1475 1570; x_wconf 80' lang='lat' dir='ltr'>actiones</span> <span class='ocrx_word' id='word_1_96' title='bbox 1494 1521 1589 1593; x_wconf 88' lang='lat' dir='ltr'>quas</span> <span class='ocrx_word' id='word_1_97' title='bbox 1608 1504 1715 1570; x_wconf 91' lang='lat' dir='ltr'>actor</span> <span class='ocrx_word' id='word_1_98' title='bbox 1732 1495 1826 1572; x_wconf 89' lang='lat' dir='ltr'>sciat</span> 
     </span>
     <span class='ocr_line' id='line_1_10' title="bbox 237 1607 1826 1712; baseline 0.004 -30"><span class='ocrx_word' id='word_1_99' title='bbox 237 1607 307 1683; x_wconf 93' lang='lat' dir='ltr'>sibi</span> <span class='ocrx_word' id='word_1_100' title='bbox 324 1618 552 1706; x_wconf 87' lang='lat' dir='ltr'>competere,</span> <span class='ocrx_word' id='word_1_101' title='bbox 570 1618 609 1685; x_wconf 93' lang='lat' dir='ltr'>et</span> <span class='ocrx_word' id='word_1_102' title='bbox 627 1619 865 1708; x_wconf 82' lang='lat' dir='ltr'>protestatus</span> <span class='ocrx_word' id='word_1_103' title='bbox 885 1611 1004 1687; x_wconf 86' lang='lat' dir='ltr'>fuerit</span> <span class='ocrx_word' id='word_1_104' title='bbox 1021 1637 1070 1687; x_wconf 87' lang='lat' dir='ltr'>ex</span> <span class='ocrx_word' id='word_1_105' title='bbox 1088 1638 1167 1688; x_wconf 91' lang='lat' dir='ltr'>una</span> <span class='ocrx_word' id='word_1_106' title='bbox 1184 1639 1267 1688; x_wconf 93' lang='lat' dir='ltr'>rem</span> <span class='ocrx_word' id='word_1_107' title='bbox 1285 1639 1394 1689; x_wconf 92' lang='lat' dir='ltr'>suam</span> <span class='ocrx_word' id='word_1_108' title='bbox 1413 1615 1591 1712; x_wconf 85' lang='lat' dir='ltr'>consequi</span> <span class='ocrx_word' id='word_1_109' title='bbox 1610 1613 1719 1702; x_wconf 86' lang='lat' dir='ltr'>velle,</span> <span class='ocrx_word' id='word_1_110' title='bbox 1739 1615 1826 1689; x_wconf 90' lang='lat' dir='ltr'>liee-</span> 
     </span>
     <span class='ocr_line' id='line_1_11' title="bbox 238 1727 1828 1828; baseline 0.004 -26"><span class='ocrx_word' id='word_1_111' title='bbox 238 1727 293 1804; x_wconf 91' lang='lat' dir='ltr'>bit</span> <span class='ocrx_word' id='word_1_112' title='bbox 311 1729 356 1816; x_wconf 92' lang='lat' dir='ltr'>ei,</span> <span class='ocrx_word' id='word_1_113' title='bbox 375 1738 413 1805; x_wconf 93' lang='lat' dir='ltr'>et</span> <span class='ocrx_word' id='word_1_114' title='bbox 431 1729 486 1806; x_wconf 90' lang='lat' dir='ltr'>ita</span> <span class='ocrx_word' id='word_1_115' title='bbox 502 1738 633 1828; x_wconf 90' lang='lat' dir='ltr'>potest</span> <span class='ocrx_word' id='word_1_116' title='bbox 651 1729 849 1805; x_wconf 88' lang='lat' dir='ltr'>indefinite</span> <span class='ocrx_word' id='word_1_117' title='bbox 867 1755 1083 1828; x_wconf 91' lang='lat' dir='ltr'>proponere</span> <span class='ocrx_word' id='word_1_118' title='bbox 1103 1732 1281 1807; x_wconf 89' lang='lat' dir='ltr'>actiones.</span> <span class='ocrx_word' id='word_1_119' title='bbox 1304 1731 1471 1808; x_wconf 87' lang='lat' dir='ltr'>Soluti0:</span> <span class='ocrx_word' id='word_1_120' title='bbox 1492 1731 1574 1808; x_wconf 93' lang='lat' dir='ltr'>Ubi</span> <span class='ocrx_word' id='word_1_121' title='bbox 1593 1741 1720 1809; x_wconf 89' lang='lat' dir='ltr'>certus</span> <span class='ocrx_word' id='word_1_122' title='bbox 1742 1759 1828 1809; x_wconf 92' lang='lat' dir='ltr'>sum</span> 
     </span>
     <span class='ocr_line' id='line_1_12' title="bbox 236 1847 1827 1949; baseline 0.003 -27"><span class='ocrx_word' id='word_1_123' title='bbox 236 1848 332 1923; x_wconf 92' lang='lat' dir='ltr'>duas</span> <span class='ocrx_word' id='word_1_124' title='bbox 350 1847 441 1923; x_wconf 89' lang='lat' dir='ltr'>mihi</span> <span class='ocrx_word' id='word_1_125' title='bbox 459 1857 676 1945; x_wconf 90' lang='lat' dir='ltr'>competere</span> <span class='ocrx_word' id='word_1_126' title='bbox 695 1848 862 1925; x_wconf 88' lang='lat' dir='ltr'>actiones</span> <span class='ocrx_word' id='word_1_127' title='bbox 880 1849 1021 1946; x_wconf 84' lang='lat' dir='ltr'>eligere</span> <span class='ocrx_word' id='word_1_128' title='bbox 1038 1874 1167 1946; x_wconf 86' lang='lat' dir='ltr'>cogor,</span> <span class='ocrx_word' id='word_1_129' title='bbox 1187 1859 1232 1926; x_wconf 94' lang='lat' dir='ltr'>ut</span> <span class='ocrx_word' id='word_1_130' title='bbox 1252 1851 1295 1924; x_wconf 89' lang='lat' dir='ltr'>ff.</span> <span class='ocrx_word' id='word_1_131' title='bbox 1315 1851 1364 1927; x_wconf 85' lang='lat' dir='ltr'>de</span> <span class='ocrx_word' id='word_1_132' title='bbox 1383 1850 1598 1938; x_wconf 82' lang='lat' dir='ltr'>tributaria,</span> <span class='ocrx_word' id='word_1_133' title='bbox 1617 1850 1642 1926; x_wconf 91' lang='lat' dir='ltr'>l.</span> <span class='ocrx_word' id='word_1_134' title='bbox 1662 1851 1767 1949; x_wconf 83' lang='lat' dir='ltr'>qaod</span> <span class='ocrx_word' id='word_1_135' title='bbox 1785 1851 1827 1926; x_wconf 81' lang='lat' dir='ltr'>im</span> 
     </span>
     <span class='ocr_line' id='line_1_13' title="bbox 237 1962 1827 2066; baseline 0.004 -28"><span class='ocrx_word' id='word_1_136' title='bbox 237 1962 413 2040; x_wconf 78' lang='lat' dir='ltr'>heredem</span> <span class='ocrx_word' id='word_1_137' title='bbox 432 1962 449 2063; x_wconf 90' lang='lat'><strong>5</strong></span> <span class='ocrx_word' id='word_1_138' title='bbox 467 1964 618 2063; x_wconf 84' lang='lat' dir='ltr'>eliqere.</span> <span class='ocrx_word' id='word_1_139' title='bbox 637 1966 680 2041; x_wconf 91' lang='lat' dir='ltr'>Si</span> <span class='ocrx_word' id='word_1_140' title='bbox 696 1974 825 2042; x_wconf 89' lang='lat' dir='ltr'>autem</span> <span class='ocrx_word' id='word_1_141' title='bbox 841 1967 1014 2064; x_wconf 85' lang='lat' dir='ltr'>ignorem</span> <span class='ocrx_word' id='word_1_142' title='bbox 1030 1993 1114 2065; x_wconf 86' lang='lat' dir='ltr'>quae</span> <span class='ocrx_word' id='word_1_143' title='bbox 1128 1966 1219 2043; x_wconf 90' lang='lat' dir='ltr'>mihi</span> <span class='ocrx_word' id='word_1_144' title='bbox 1236 1976 1443 2064; x_wconf 90' lang='lat' dir='ltr'>competat,</span> <span class='ocrx_word' id='word_1_145' title='bbox 1460 1978 1553 2045; x_wconf 99' lang='grc' dir='ltr'>ωηο</span> <span class='ocrx_word' id='word_1_146' title='bbox 1569 1969 1640 2045; x_wconf 90' lang='lat' dir='ltr'>sub</span> <span class='ocrx_word' id='word_1_147' title='bbox 1655 1969 1827 2066; x_wconf 84' lang='lat' dir='ltr'>generali</span> 
     </span>
     <span class='ocr_line' id='line_1_14' title="bbox 236 2085 1827 2183; baseline 0.002 -23"><span class='ocrx_word' id='word_1_148' title='bbox 236 2085 353 2160; x_wconf 88' lang='lat' dir='ltr'>verbo</span> <span class='ocrx_word' id='word_1_149' title='bbox 371 2085 570 2162; x_wconf 91' lang='lat' dir='ltr'>indefinite</span> <span class='ocrx_word' id='word_1_150' title='bbox 588 2110 745 2183; x_wconf 89' lang='lat' dir='ltr'>possum</span> <span class='ocrx_word' id='word_1_151' title='bbox 765 2110 981 2183; x_wconf 90' lang='lat' dir='ltr'>proponere</span> <span class='ocrx_word' id='word_1_152' title='bbox 1002 2087 1180 2174; x_wconf 78' lang='lat' dir='ltr'>actiones,</span> <span class='ocrx_word' id='word_1_153' title='bbox 1200 2096 1245 2162; x_wconf 89' lang='lat' dir='ltr'>ut</span> <span class='ocrx_word' id='word_1_154' title='bbox 1265 2087 1304 2161; x_wconf 91' lang='lat' dir='ltr'>in</span> <span class='ocrx_word' id='word_1_155' title='bbox 1323 2086 1349 2162; x_wconf 94' lang='lat' dir='ltr'>l.</span> <span class='ocrx_word' id='word_1_156' title='bbox 1369 2087 1574 2162; x_wconf 89' lang='lat' dir='ltr'>contraria.</span> <span class='ocrx_word' id='word_1_157' title='bbox 1596 2087 1670 2163; x_wconf 89' lang='lat' dir='ltr'>Vel</span> <span class='ocrx_word' id='word_1_158' title='bbox 1690 2088 1756 2163; x_wconf 94' lang='lat' dir='ltr'>ubi</span> <span class='ocrx_word' id='word_1_159' title='bbox 1778 2114 1827 2163; x_wconf 90' lang='lat' dir='ltr'>ex</span> 
     </span>
     <span class='ocr_line' id='line_1_15' title="bbox 236 2202 1826 2304; baseline 0.004 -28"><span class='ocrx_word' id='word_1_160' title='bbox 236 2202 475 2278; x_wconf 87' lang='lat' dir='ltr'>confessione</span> <span class='ocrx_word' id='word_1_161' title='bbox 495 2203 703 2282; x_wconf 87' lang='lat' dir='ltr'>adversarii</span> <span class='ocrx_word' id='word_1_162' title='bbox 724 2205 915 2302; x_wconf 91' lang='lat' dir='ltr'>dependet</span> <span class='ocrx_word' id='word_1_163' title='bbox 936 2230 1022 2280; x_wconf 92' lang='lat' dir='ltr'>mea</span> <span class='ocrx_word' id='word_1_164' title='bbox 1043 2205 1153 2293; x_wconf 93' lang='lat' dir='ltr'>actio,</span> <span class='ocrx_word' id='word_1_165' title='bbox 1176 2205 1328 2303; x_wconf 82' lang='lat' dir='ltr'>cogitur</span> <span class='ocrx_word' id='word_1_166' title='bbox 1349 2205 1589 2282; x_wconf 90' lang='lat' dir='ltr'>adversarius</span> <span class='ocrx_word' id='word_1_167' title='bbox 1612 2206 1826 2304; x_wconf 89' lang='lat' dir='ltr'>exprimere</span> 
     </span>
     <span class='ocr_line' id='line_1_16' title="bbox 236 2321 1827 2423; baseline 0.004 -28"><span class='ocrx_word' id='word_1_168' title='bbox 236 2345 324 2396; x_wconf 92' lang='lat' dir='ltr'>cum</span> <span class='ocrx_word' id='word_1_169' title='bbox 340 2321 459 2398; x_wconf 86' lang='lat' dir='ltr'>fuerit</span> <span class='ocrx_word' id='word_1_170' title='bbox 475 2322 748 2419; x_wconf 84' lang='lat' dir='ltr'>interrogatus,</span> <span class='ocrx_word' id='word_1_171' title='bbox 764 2332 897 2398; x_wconf 89' lang='lat' dir='ltr'>utrum</span> <span class='ocrx_word' id='word_1_172' title='bbox 913 2348 986 2421; x_wconf 94' lang='lat' dir='ltr'>pro</span> <span class='ocrx_word' id='word_1_173' title='bbox 1003 2323 1142 2399; x_wconf 92' lang='lat' dir='ltr'>herede</span> <span class='ocrx_word' id='word_1_174' title='bbox 1157 2325 1218 2399; x_wconf 92' lang='lat' dir='ltr'>vel</span> <span class='ocrx_word' id='word_1_175' title='bbox 1235 2349 1307 2422; x_wconf 95' lang='lat' dir='ltr'>pro</span> <span class='ocrx_word' id='word_1_176' title='bbox 1325 2349 1540 2422; x_wconf 91' lang='lat' dir='ltr'>possessore</span> <span class='ocrx_word' id='word_1_177' title='bbox 1557 2324 1763 2423; x_wconf 89' lang='lat' dir='ltr'>possideat,</span> <span class='ocrx_word' id='word_1_178' title='bbox 1782 2334 1827 2402; x_wconf 86' lang='lat' dir='ltr'>ut</span> 
     </span>
     <span class='ocr_line' id='line_1_17' title="bbox 236 2441 1832 2542; baseline 0.001 -25"><span class='ocrx_word' id='word_1_179' title='bbox 236 2441 378 2517; x_wconf 92' lang='lat' dir='ltr'>sciatur</span> <span class='ocrx_word' id='word_1_180' title='bbox 388 2467 461 2541; x_wconf 91' lang='lat' dir='ltr'>per</span> <span class='ocrx_word' id='word_1_181' title='bbox 471 2441 640 2517; x_wconf 90' lang='lat' dir='ltr'>medium</span> <span class='ocrx_word' id='word_1_182' title='bbox 652 2467 736 2539; x_wconf 88' lang='lat' dir='ltr'>quae</span> <span class='ocrx_word' id='word_1_183' title='bbox 748 2441 847 2516; x_wconf 89' lang='lat' dir='ltr'>actio</span> <span class='ocrx_word' id='word_1_184' title='bbox 859 2442 951 2517; x_wconf 91' lang='lat' dir='ltr'>mihi</span> <span class='ocrx_word' id='word_1_185' title='bbox 964 2452 1158 2540; x_wconf 87' lang='lat' dir='ltr'>competat</span> <span class='ocrx_word' id='word_1_186' title='bbox 1171 2443 1303 2531; x_wconf 89' lang='lat' dir='ltr'>actori,</span> <span class='ocrx_word' id='word_1_187' title='bbox 1316 2443 1405 2517; x_wconf 91' lang='lat' dir='ltr'>licet</span> <span class='ocrx_word' id='word_1_188' title='bbox 1417 2443 1575 2520; x_wconf 93' lang='lat' dir='ltr'>titulum</span> <span class='ocrx_word' id='word_1_189' title='bbox 1589 2468 1666 2521; x_wconf 80' lang='lat' dir='ltr'>suae</span> <span class='ocrx_word' id='word_1_190' title='bbox 1679 2468 1832 2542; x_wconf 77' lang='lat' dir='ltr'>posses·</span> 
     </span>
     <span class='ocr_line' id='line_1_18' title="bbox 238 2557 1826 2660; baseline 0.002 -26"><span class='ocrx_word' id='word_1_191' title='bbox 238 2557 352 2635; x_wconf 89' lang='lat' dir='ltr'>sionis</span> <span class='ocrx_word' id='word_1_192' title='bbox 367 2559 491 2635; x_wconf 88' lang='lat' dir='ltr'>dicere</span> <span class='ocrx_word' id='word_1_193' title='bbox 505 2558 644 2635; x_wconf 79' lang='lat' dir='ltr'>nemo¹⁶</span> <span class='ocrx_word' id='word_1_194' title='bbox 659 2570 833 2656; x_wconf 83' lang='lat' dir='ltr'>cogatur,</span> <span class='ocrx_word' id='word_1_195' title='bbox 848 2569 892 2636; x_wconf 94' lang='lat' dir='ltr'>ut</span> <span class='ocrx_word' id='word_1_196' title='bbox 906 2561 952 2644; x_wconf 88' lang='lat' dir='ltr'>C.</span> <span class='ocrx_word' id='word_1_197' title='bbox 969 2560 1017 2637; x_wconf 85' lang='lat' dir='ltr'>de</span> <span class='ocrx_word' id='word_1_198' title='bbox 1032 2559 1232 2637; x_wconf 80' lang='lat' dir='ltr'>heredibus</span> <span class='ocrx_word' id='word_1_199' title='bbox 1247 2561 1271 2635; x_wconf 95' lang='lat' dir='ltr'>l.</span> <span class='ocrx_word' id='word_1_200' title='bbox 1289 2563 1375 2659; x_wconf 83' lang='lat' dir='ltr'>coqa‘</span> <span class='ocrx_word' id='word_1_201' title='bbox 1388 2585 1656 2660; x_wconf 79' lang='lat' dir='ltr'>possessorem.</span> <span class='ocrx_word' id='word_1_202' title='bbox 1675 2563 1778 2639; x_wconf 92' lang='lat' dir='ltr'>Item</span> <span class='ocrx_word' id='word_1_203' title='bbox 1795 2562 1826 2638; x_wconf 93' lang='lat' dir='ltr'>si</span> 
     </span>
     <span class='ocr_line' id='line_1_19' title="bbox 236 2677 1826 2778; baseline 0.002 -26"><span class='ocrx_word' id='word_1_204' title='bbox 236 2677 321 2776; x_wconf 90' lang='lat' dir='ltr'>quis</span> <span class='ocrx_word' id='word_1_205' title='bbox 334 2679 410 2753; x_wconf 92' lang='lat' dir='ltr'>duo</span> <span class='ocrx_word' id='word_1_206' title='bbox 423 2678 553 2762; x_wconf 84' lang='lat' dir='ltr'>brevia</span> <span class='ocrx_word' id='word_1_207' title='bbox 565 2678 678 2754; x_wconf 90' lang='lat' dir='ltr'>simul</span> <span class='ocrx_word' id='word_1_208' title='bbox 690 2679 751 2755; x_wconf 85' lang='lat' dir='ltr'>vel</span> <span class='ocrx_word' id='word_1_209' title='bbox 763 2679 921 2755; x_wconf 89' lang='lat' dir='ltr'>diversis</span> <span class='ocrx_word' id='word_1_210' title='bbox 933 2678 1170 2778; x_wconf 90' lang='lat' dir='ltr'>temporibus</span> <span class='ocrx_word' id='word_1_211' title='bbox 1184 2679 1460 2777; x_wconf 84' lang='lat' dir='ltr'>impetraverit,</span> <span class='ocrx_word' id='word_1_212' title='bbox 1474 2681 1567 2757; x_wconf 92' lang='lat' dir='ltr'>dum</span> <span class='ocrx_word' id='word_1_213' title='bbox 1580 2690 1710 2757; x_wconf 92' lang='lat' dir='ltr'>tamen</span> <span class='ocrx_word' id='word_1_214' title='bbox 1725 2679 1826 2756; x_wconf 82' lang='lat' dir='ltr'>illis¹⁸</span> 
     </span>
     <span class='ocr_line' id='line_1_20' title="bbox 234 2797 1826 2898; baseline 0.001 -25"><span class='ocrx_word' id='word_1_215' title='bbox 234 2822 327 2875; x_wconf 91' lang='lat' dir='ltr'>usus</span> <span class='ocrx_word' id='word_1_216' title='bbox 340 2798 470 2887; x_wconf 87' lang='lat' dir='ltr'>fuerit,</span> <span class='ocrx_word' id='word_1_217' title='bbox 484 2798 603 2875; x_wconf 88' lang='lat' dir='ltr'>electo</span> <span class='ocrx_word' id='word_1_218' title='bbox 615 2824 693 2874; x_wconf 91' lang='lat' dir='ltr'>uno</span> <span class='ocrx_word' id='word_1_219' title='bbox 707 2797 812 2874; x_wconf 88' lang='lat' dir='ltr'>brevi</span> <span class='ocrx_word' id='word_1_220' title='bbox 825 2823 895 2896; x_wconf 90' lang='lat' dir='ltr'>per</span> <span class='ocrx_word' id='word_1_221' title='bbox 907 2798 1011 2895; x_wconf 94' lang='lat' dir='ltr'>quod</span> <span class='ocrx_word' id='word_1_222' title='bbox 1024 2824 1138 2895; x_wconf 84' lang='lat' dir='ltr'>agere</span> <span class='ocrx_word' id='word_1_223' title='bbox 1150 2799 1314 2875; x_wconf 87' lang='lat' dir='ltr'>voluerit</span> <span class='ocrx_word' id='word_1_224' title='bbox 1327 2808 1366 2875; x_wconf 92' lang='lat' dir='ltr'>et</span> <span class='ocrx_word' id='word_1_225' title='bbox 1380 2798 1455 2874; x_wconf 91' lang='lat' dir='ltr'>alio</span> <span class='ocrx_word' id='word_1_226' title='bbox 1467 2799 1575 2898; x_wconf 88' lang='lat' dir='ltr'>prius</span> <span class='ocrx_word' id='word_1_227' title='bbox 1589 2824 1681 2875; x_wconf 87' lang='lat' dir='ltr'>usus</span> <span class='ocrx_word' id='word_1_228' title='bbox 1695 2799 1826 2888; x_wconf 87' lang='lat' dir='ltr'>fuerit,</span> 
     </span>
     <span class='ocr_line' id='line_1_21' title="bbox 236 2916 1826 3016; baseline 0 -24"><span class='ocrx_word' id='word_1_229' title='bbox 236 2942 285 2992; x_wconf 87' lang='lat' dir='ltr'>ex</span> <span class='ocrx_word' id='word_1_230' title='bbox 299 2917 465 2993; x_wconf 91' lang='lat' dir='ltr'>secundo</span> <span class='ocrx_word' id='word_1_231' title='bbox 479 2942 594 3014; x_wconf 85' lang='lat' dir='ltr'>agere</span> <span class='ocrx_word' id='word_1_232' title='bbox 607 2941 686 2992; x_wconf 93' lang='lat' dir='ltr'>non</span> <span class='ocrx_word' id='word_1_233' title='bbox 699 2917 844 3016; x_wconf 88' lang='lat' dir='ltr'>poterit</span> <span class='ocrx_word' id='word_1_234' title='bbox 858 2924 1065 3014; x_wconf 89' lang='lat' dir='ltr'>antequam</span> <span class='ocrx_word' id='word_1_235' title='bbox 1081 2941 1120 2993; x_wconf 88' lang='lat' dir='ltr'>se</span> <span class='ocrx_word' id='word_1_236' title='bbox 1135 2917 1340 2993; x_wconf 76' lang='lat' dir='ltr'>retraxerit</span> <span class='ocrx_word' id='word_1_237' title='bbox 1356 2944 1380 2992; x_wconf 93' lang='lat' dir='ltr'>a</span> <span class='ocrx_word' id='word_1_238' title='bbox 1393 2917 1531 3015; x_wconf 90' lang='lat' dir='ltr'>primo,</span> <span class='ocrx_word' id='word_1_239' title='bbox 1546 2925 1591 2993; x_wconf 94' lang='lat' dir='ltr'>ut</span> <span class='ocrx_word' id='word_1_240' title='bbox 1606 2916 1654 2994; x_wconf 90' lang='lat' dir='ltr'>de</span> <span class='ocrx_word' id='word_1_241' title='bbox 1669 2917 1826 2994; x_wconf 90' lang='lat' dir='ltr'>Abbate</span> 
     </span>
    </p>
   </div>
   <div class='ocr_carea' id='block_1_3' title="bbox 97 3034 1826 3134">
    <p class='ocr_par' dir='ltr' id='par_1_3' title="bbox 97 3034 1826 3134">
     <span class='ocr_line' id='line_1_22' title="bbox 97 3034 1826 3134; baseline 0 -24"><span class='ocrx_word' id='word_1_242' title='bbox 97 3081 99 3086; x_wconf 94' lang='lat'>·</span> <span class='ocrx_word' id='word_1_243' title='bbox 236 3035 284 3110; x_wconf 91' lang='lat' dir='ltr'>de</span> <span class='ocrx_word' id='word_1_244' title='bbox 306 3034 522 3112; x_wconf 88' lang='lat' dir='ltr'>Rivallibus</span> <span class='ocrx_word' id='word_1_245' title='bbox 543 3044 583 3110; x_wconf 91' lang='lat' dir='ltr'>et</span> <span class='ocrx_word' id='word_1_246' title='bbox 604 3036 725 3112; x_wconf 89' lang='lat' dir='ltr'>Petro</span> <span class='ocrx_word' id='word_1_247' title='bbox 748 3037 797 3111; x_wconf 91' lang='lat' dir='ltr'>de</span> <span class='ocrx_word' id='word_1_248' title='bbox 821 3035 1017 3111; x_wconf 91' lang='lat' dir='ltr'>Sabaudia</span> <span class='ocrx_word' id='word_1_249' title='bbox 1038 3060 1168 3111; x_wconf 90' lang='lat' dir='ltr'>coram</span> <span class='ocrx_word' id='word_1_250' title='bbox 1189 3060 1291 3132; x_wconf 84' lang='lat' dir='ltr'>rege.</span> <span class='ocrx_word' id='word_1_251' title='bbox 1315 3036 1373 3112; x_wconf 87' lang='lat' dir='ltr'>Et</span> <span class='ocrx_word' id='word_1_252' title='bbox 1397 3037 1612 3112; x_wconf 92' lang='lat' dir='ltr'>notandum</span> <span class='ocrx_word' id='word_1_253' title='bbox 1634 3037 1737 3134; x_wconf 94' lang='lat' dir='ltr'>quod</span> <span class='ocrx_word' id='word_1_254' title='bbox 1760 3036 1826 3111; x_wconf 91' lang='lat' dir='ltr'>ubi</span> 
     </span>
    </p>
   </div>
   <div class='ocr_carea' id='block_1_4' title="bbox 158 3154 1827 4913">
    <p class='ocr_par' dir='ltr' id='par_1_4' title="bbox 158 3154 1827 4913">
     <span class='ocr_line' id='line_1_23' title="bbox 236 3154 1824 3253; baseline -0.001 -23"><span class='ocrx_word' id='word_1_255' title='bbox 236 3155 321 3230; x_wconf 79' lang='lat' dir='ltr'>duae</span> <span class='ocrx_word' id='word_1_256' title='bbox 337 3155 503 3231; x_wconf 90' lang='lat' dir='ltr'>actiones</span> <span class='ocrx_word' id='word_1_257' title='bbox 520 3155 717 3230; x_wconf 83' lang='lat' dir='ltr'>decadem</span> <span class='ocrx_word' id='word_1_258' title='bbox 733 3180 775 3230; x_wconf 88' lang='lat' dir='ltr'>re</span> <span class='ocrx_word' id='word_1_259' title='bbox 791 3163 1036 3242; x_wconf 84' lang='lat' dir='ltr'>concurrunt,</span> <span class='ocrx_word' id='word_1_260' title='bbox 1055 3163 1124 3229; x_wconf 96' lang='lat' dir='ltr'>aut</span> <span class='ocrx_word' id='word_1_261' title='bbox 1140 3164 1231 3231; x_wconf 93' lang='lat' dir='ltr'>sunt</span> <span class='ocrx_word' id='word_1_262' title='bbox 1248 3155 1302 3230; x_wconf 90' lang='lat' dir='ltr'>rei</span> <span class='ocrx_word' id='word_1_263' title='bbox 1320 3154 1586 3253; x_wconf 77' lang='lat' dir='ltr'>persecutoria</span> <span class='ocrx_word' id='word_1_264' title='bbox 1604 3165 1673 3231; x_wconf 90' lang='lat' dir='ltr'>aut</span> <span class='ocrx_word' id='word_1_265' title='bbox 1691 3179 1824 3253; x_wconf 86' lang='lat' dir='ltr'>poenae.</span> 
     </span>
     <span class='ocr_line' id='line_1_24' title="bbox 240 3272 1826 3372; baseline 0 -24"><span class='ocrx_word' id='word_1_266' title='bbox 240 3273 282 3348; x_wconf 90' lang='lat' dir='ltr'>Si</span> <span class='ocrx_word' id='word_1_267' title='bbox 298 3281 428 3349; x_wconf 90' lang='lat' dir='ltr'>autem</span> <span class='ocrx_word' id='word_1_268' title='bbox 445 3272 499 3349; x_wconf 91' lang='lat' dir='ltr'>rei</span> <span class='ocrx_word' id='word_1_269' title='bbox 515 3281 681 3360; x_wconf 93' lang='lat' dir='ltr'>tantum,</span> <span class='ocrx_word' id='word_1_270' title='bbox 698 3282 791 3349; x_wconf 90' lang='lat' dir='ltr'>tunc</span> <span class='ocrx_word' id='word_1_271' title='bbox 807 3273 847 3347; x_wconf 93' lang='lat' dir='ltr'>in</span> <span class='ocrx_word' id='word_1_272' title='bbox 864 3272 1046 3348; x_wconf 89' lang='lat' dir='ltr'>electione</span> <span class='ocrx_word' id='word_1_273' title='bbox 1064 3273 1202 3348; x_wconf 87' lang='lat' dir='ltr'>actoris</span> <span class='ocrx_word' id='word_1_274' title='bbox 1219 3273 1292 3349; x_wconf 92' lang='lat' dir='ltr'>erit</span> <span class='ocrx_word' id='word_1_275' title='bbox 1310 3298 1386 3371; x_wconf 93' lang='lat' dir='ltr'>qua</span> <span class='ocrx_word' id='word_1_276' title='bbox 1403 3273 1567 3350; x_wconf 87' lang='lat' dir='ltr'>voluerit</span> <span class='ocrx_word' id='word_1_277' title='bbox 1585 3273 1762 3372; x_wconf 87' lang='lat' dir='ltr'>experiri,</span> <span class='ocrx_word' id='word_1_278' title='bbox 1781 3281 1826 3349; x_wconf 88' lang='lat' dir='ltr'>ut</span> 
     </span>
     <span class='ocr_line' id='line_1_25' title="bbox 237 3389 1823 3490; baseline 0.001 -23"><span class='ocrx_word' id='word_1_279' title='bbox 237 3391 463 3488; x_wconf 77' lang='lat' dir='ltr'>predictum</span> <span class='ocrx_word' id='word_1_280' title='bbox 481 3400 550 3466; x_wconf 89' lang='lat' dir='ltr'>est.</span> <span class='ocrx_word' id='word_1_281' title='bbox 569 3392 627 3468; x_wconf 88' lang='lat' dir='ltr'>Et</span> <span class='ocrx_word' id='word_1_282' title='bbox 644 3416 722 3466; x_wconf 93' lang='lat' dir='ltr'>una</span> <span class='ocrx_word' id='word_1_283' title='bbox 741 3391 861 3467; x_wconf 90' lang='lat' dir='ltr'>electa</span> <span class='ocrx_word' id='word_1_284' title='bbox 878 3400 1045 3468; x_wconf 90' lang='lat' dir='ltr'>eteetera</span> <span class='ocrx_word' id='word_1_285' title='bbox 1062 3399 1107 3466; x_wconf 94' lang='lat' dir='ltr'>ut</span> <span class='ocrx_word' id='word_1_286' title='bbox 1125 3417 1255 3490; x_wconf 89' lang='lat' dir='ltr'>supra,</span> <span class='ocrx_word' id='word_1_287' title='bbox 1274 3401 1319 3468; x_wconf 92' lang='lat' dir='ltr'>ut</span> <span class='ocrx_word' id='word_1_288' title='bbox 1338 3391 1382 3467; x_wconf 86' lang='lat' dir='ltr'>ff.</span> <span class='ocrx_word' id='word_1_289' title='bbox 1402 3391 1528 3479; x_wconf 85' lang='lat' dir='ltr'>locati,</span> <span class='ocrx_word' id='word_1_290' title='bbox 1546 3391 1571 3467; x_wconf 96' lang='lat' dir='ltr'>l.</span> <span class='ocrx_word' id='word_1_291' title='bbox 1590 3392 1624 3468; x_wconf 83' lang='lat' dir='ltr'>ai</span> <span class='ocrx_word' id='word_1_292' title='bbox 1641 3416 1783 3469; x_wconf 79' lang='lat' dir='ltr'>mercer</span> <span class='ocrx_word' id='word_1_293' title='bbox 1806 3389 1823 3490; x_wconf 90' lang='lat'><strong>5</strong></span> 
     </span>
     <span class='ocr_line' id='line_1_26' title="bbox 237 3508 1827 3609; baseline -0.001 -22"><span class='ocrx_word' id='word_1_294' title='bbox 237 3511 361 3609; x_wconf 75' lang='lat' dir='ltr'>eulpae</span> <span class='ocrx_word' id='word_1_295' title='bbox 379 3511 543 3586; x_wconf 80' lang='lat' dir='ltr'>nomiae.</span> <span class='ocrx_word' id='word_1_296' title='bbox 567 3510 609 3585; x_wconf 89' lang='lat' dir='ltr'>Si</span> <span class='ocrx_word' id='word_1_297' title='bbox 630 3519 760 3586; x_wconf 90' lang='lat' dir='ltr'>autem</span> <span class='ocrx_word' id='word_1_298' title='bbox 780 3509 941 3608; x_wconf 77' lang='lat' dir='ltr'>poenae,¹⁷</span> <span class='ocrx_word' id='word_1_299' title='bbox 961 3521 1056 3586; x_wconf 91' lang='lat' dir='ltr'>tunc</span> <span class='ocrx_word' id='word_1_300' title='bbox 1076 3520 1143 3587; x_wconf 92' lang='lat' dir='ltr'>aut</span> <span class='ocrx_word' id='word_1_301' title='bbox 1164 3508 1240 3586; x_wconf 82' lang='lat' dir='ltr'>ex¹⁸</span> <span class='ocrx_word' id='word_1_302' title='bbox 1261 3536 1339 3586; x_wconf 90' lang='lat' dir='ltr'>uno</span> <span class='ocrx_word' id='word_1_303' title='bbox 1360 3511 1466 3586; x_wconf 79' lang='lat' dir='ltr'>facto</span> <span class='ocrx_word' id='word_1_304' title='bbox 1486 3510 1547 3586; x_wconf 90' lang='lat' dir='ltr'>vel</span> <span class='ocrx_word' id='word_1_305' title='bbox 1568 3510 1736 3586; x_wconf 90' lang='lat' dir='ltr'>diversis.</span> <span class='ocrx_word' id='word_1_306' title='bbox 1759 3511 1827 3585; x_wconf 84' lang='lat' dir='ltr'>Ex</span> 
     </span>
     <span class='ocr_line' id='line_1_27' title="bbox 236 3628 1827 3727; baseline -0.001 -22"><span class='ocrx_word' id='word_1_307' title='bbox 236 3655 315 3706; x_wconf 93' lang='lat' dir='ltr'>uno</span> <span class='ocrx_word' id='word_1_308' title='bbox 328 3639 367 3706; x_wconf 91' lang='lat' dir='ltr'>et</span> <span class='ocrx_word' id='word_1_309' title='bbox 381 3631 513 3706; x_wconf 90' lang='lat' dir='ltr'>eodem</span> <span class='ocrx_word' id='word_1_310' title='bbox 528 3630 645 3716; x_wconf 86' lang='lat' dir='ltr'>facto,</span> <span class='ocrx_word' id='word_1_311' title='bbox 659 3638 704 3705; x_wconf 93' lang='lat' dir='ltr'>ut</span> <span class='ocrx_word' id='word_1_312' title='bbox 718 3630 749 3706; x_wconf 92' lang='lat' dir='ltr'>si</span> <span class='ocrx_word' id='word_1_313' title='bbox 763 3629 847 3727; x_wconf 92' lang='lat' dir='ltr'>quis</span> <span class='ocrx_word' id='word_1_314' title='bbox 861 3628 1006 3727; x_wconf 91' lang='lat' dir='ltr'>aliquid</span> <span class='ocrx_word' id='word_1_315' title='bbox 1020 3654 1091 3727; x_wconf 91' lang='lat' dir='ltr'>per</span> <span class='ocrx_word' id='word_1_316' title='bbox 1103 3629 1181 3705; x_wconf 90' lang='lat' dir='ltr'>vim</span> <span class='ocrx_word' id='word_1_317' title='bbox 1196 3629 1380 3727; x_wconf 88' lang='lat' dir='ltr'>rapuerit,</span> <span class='ocrx_word' id='word_1_318' title='bbox 1395 3638 1551 3706; x_wconf 88' lang='lat' dir='ltr'>tenetur</span> <span class='ocrx_word' id='word_1_319' title='bbox 1565 3630 1712 3705; x_wconf 92' lang='lat' dir='ltr'>actione</span> <span class='ocrx_word' id='word_1_320' title='bbox 1729 3629 1827 3705; x_wconf 86' lang='lat' dir='ltr'>furti</span> 
     </span>
     <span class='ocr_line' id='line_1_28' title="bbox 237 3748 1826 3846; baseline -0.001 -22"><span class='ocrx_word' id='word_1_321' title='bbox 237 3758 276 3825; x_wconf 92' lang='lat' dir='ltr'>et</span> <span class='ocrx_word' id='word_1_322' title='bbox 289 3748 492 3824; x_wconf 89' lang='lat' dir='ltr'>interdicto</span> <span class='ocrx_word' id='word_1_323' title='bbox 505 3749 607 3824; x_wconf 91' lang='lat' dir='ltr'>unde</span> <span class='ocrx_word' id='word_1_324' title='bbox 619 3749 667 3823; x_wconf 92' lang='lat' dir='ltr'>vi.</span> <span class='ocrx_word' id='word_1_325' title='bbox 684 3749 734 3824; x_wconf 93' lang='lat' dir='ltr'>In</span> <span class='ocrx_word' id='word_1_326' title='bbox 747 3773 824 3846; x_wconf 94' lang='lat' dir='ltr'>quo</span> <span class='ocrx_word' id='word_1_327' title='bbox 836 3772 938 3835; x_wconf 87' lang='lat' dir='ltr'>casu,</span> <span class='ocrx_word' id='word_1_328' title='bbox 953 3772 1031 3822; x_wconf 93' lang='lat' dir='ltr'>uua</span> <span class='ocrx_word' id='word_1_329' title='bbox 1044 3748 1164 3824; x_wconf 90' lang='lat' dir='ltr'>electa</span> <span class='ocrx_word' id='word_1_330' title='bbox 1176 3772 1255 3823; x_wconf 93' lang='lat' dir='ltr'>non</span> <span class='ocrx_word' id='word_1_331' title='bbox 1268 3748 1411 3846; x_wconf 91' lang='lat' dir='ltr'>poterit</span> <span class='ocrx_word' id='word_1_332' title='bbox 1426 3772 1622 3823; x_wconf 87' lang='lat' dir='ltr'>recurrere</span> <span class='ocrx_word' id='word_1_333' title='bbox 1635 3748 1685 3822; x_wconf 93' lang='lat' dir='ltr'>ad</span> <span class='ocrx_word' id='word_1_334' title='bbox 1700 3748 1826 3835; x_wconf 91' lang='lat' dir='ltr'>aliam,</span> 
     </span>
     <span class='ocr_line' id='line_1_29' title="bbox 237 3864 1825 3967; baseline -0.003 -23"><span class='ocrx_word' id='word_1_335' title='bbox 237 3867 310 3944; x_wconf 91' lang='lat' dir='ltr'>nisi</span> <span class='ocrx_word' id='word_1_336' title='bbox 328 3878 517 3967; x_wconf 90' lang='lat' dir='ltr'>quatenus</span> <span class='ocrx_word' id='word_1_337' title='bbox 535 3867 662 3943; x_wconf 91' lang='lat' dir='ltr'>minus</span> <span class='ocrx_word' id='word_1_338' title='bbox 681 3874 906 3942; x_wconf 87' lang='lat' dir='ltr'>consecutus</span> <span class='ocrx_word' id='word_1_339' title='bbox 927 3865 1046 3942; x_wconf 86' lang='lat' dir='ltr'>fuerit</span> <span class='ocrx_word' id='word_1_340' title='bbox 1065 3891 1114 3941; x_wconf 87' lang='lat' dir='ltr'>ex</span> <span class='ocrx_word' id='word_1_341' title='bbox 1133 3891 1223 3953; x_wconf 92' lang='lat' dir='ltr'>una,</span> <span class='ocrx_word' id='word_1_342' title='bbox 1243 3876 1287 3941; x_wconf 91' lang='lat' dir='ltr'>ut</span> <span class='ocrx_word' id='word_1_343' title='bbox 1307 3864 1351 3941; x_wconf 81' lang='lat' dir='ltr'>ff.</span> <span class='ocrx_word' id='word_1_344' title='bbox 1373 3866 1420 3942; x_wconf 85' lang='lat' dir='ltr'>de</span> <span class='ocrx_word' id='word_1_345' title='bbox 1439 3865 1602 3964; x_wconf 80' lang='lat' dir='ltr'>privatis</span> <span class='ocrx_word' id='word_1_346' title='bbox 1621 3865 1780 3953; x_wconf 74' lang='lat' dir='ltr'>delictis,</span> <span class='ocrx_word' id='word_1_347' title='bbox 1800 3866 1825 3940; x_wconf 91' lang='lat' dir='ltr'>l.</span> 
     </span>
     <span class='ocr_line' id='line_1_30' title="bbox 237 3982 1827 4085; baseline -0.003 -23"><span class='ocrx_word' id='word_1_348' title='bbox 237 4009 317 4062; x_wconf 84' lang='lat' dir='ltr'>mom</span> <span class='ocrx_word' id='word_1_349' title='bbox 331 3986 477 4085; x_wconf 84' lang='lat' dir='ltr'>otique,</span> <span class='ocrx_word' id='word_1_350' title='bbox 494 3995 533 4062; x_wconf 89' lang='lat' dir='ltr'>et</span> <span class='ocrx_word' id='word_1_351' title='bbox 551 3985 595 4061; x_wconf 85' lang='lat' dir='ltr'>ff.</span> <span class='ocrx_word' id='word_1_352' title='bbox 612 3986 660 4062; x_wconf 89' lang='lat' dir='ltr'>de</span> <span class='ocrx_word' id='word_1_353' title='bbox 677 3983 890 4061; x_wconf 75' lang='lat' dir='ltr'>actionibus</span> <span class='ocrx_word' id='word_1_354' title='bbox 906 3994 945 4061; x_wconf 86' lang='lat' dir='ltr'>et</span> <span class='ocrx_word' id='word_1_355' title='bbox 962 3982 1271 4081; x_wconf 80' lang='lat' dir='ltr'>obliqotiombm,</span> <span class='ocrx_word' id='word_1_356' title='bbox 1289 3983 1314 4058; x_wconf 93' lang='lat'>1.</span> <span class='ocrx_word' id='word_1_357' title='bbox 1334 3984 1547 4061; x_wconf 84' lang='lat' dir='ltr'>aiaervam.</span> <span class='ocrx_word' id='word_1_358' title='bbox 1568 3984 1610 4059; x_wconf 89' lang='lat' dir='ltr'>Si</span> <span class='ocrx_word' id='word_1_359' title='bbox 1630 3993 1759 4060; x_wconf 90' lang='lat' dir='ltr'>autem</span> <span class='ocrx_word' id='word_1_360' title='bbox 1778 4009 1827 4059; x_wconf 88' lang='lat' dir='ltr'>ex</span> 
     </span>
     <span class='ocr_line' id='line_1_31' title="bbox 238 4101 1826 4200; baseline -0.001 -20"><span class='ocrx_word' id='word_1_361' title='bbox 238 4103 395 4181; x_wconf 88' lang='lat' dir='ltr'>diversis</span> <span class='ocrx_word' id='word_1_362' title='bbox 409 4103 534 4192; x_wconf 84' lang='lat' dir='ltr'>factis,</span> <span class='ocrx_word' id='word_1_363' title='bbox 549 4112 643 4178; x_wconf 89' lang='lat' dir='ltr'>tunc</span> <span class='ocrx_word' id='word_1_364' title='bbox 656 4112 795 4179; x_wconf 92' lang='lat' dir='ltr'>neutra</span> <span class='ocrx_word' id='word_1_365' title='bbox 808 4103 958 4180; x_wconf 92' lang='lat' dir='ltr'>tollitur</span> <span class='ocrx_word' id='word_1_366' title='bbox 974 4127 1044 4200; x_wconf 93' lang='lat' dir='ltr'>per</span> <span class='ocrx_word' id='word_1_367' title='bbox 1060 4101 1185 4190; x_wconf 90' lang='lat' dir='ltr'>aliam,</span> <span class='ocrx_word' id='word_1_368' title='bbox 1200 4111 1239 4178; x_wconf 91' lang='lat' dir='ltr'>et</span> <span class='ocrx_word' id='word_1_369' title='bbox 1253 4101 1333 4176; x_wconf 80' lang='lat' dir='ltr'>ibi¹⁹</span> <span class='ocrx_word' id='word_1_370' title='bbox 1348 4102 1433 4176; x_wconf 82' lang='lat' dir='ltr'>duae</span> <span class='ocrx_word' id='word_1_371' title='bbox 1448 4101 1614 4178; x_wconf 86' lang='lat' dir='ltr'>actiones</span> <span class='ocrx_word' id='word_1_372' title='bbox 1630 4103 1677 4178; x_wconf 95' lang='lat' dir='ltr'>de</span> <span class='ocrx_word' id='word_1_373' title='bbox 1693 4103 1826 4178; x_wconf 89' lang='lat' dir='ltr'>eadem</span> 
     </span>
     <span class='ocr_line' id='line_1_32' title="bbox 236 4218 1827 4311; baseline -0.001 -13"><span class='ocrx_word' id='word_1_374' title='bbox 236 4249 278 4298; x_wconf 89' lang='lat' dir='ltr'>re</span> <span class='ocrx_word' id='word_1_375' title='bbox 290 4231 571 4310; x_wconf 73' lang='lat' dir='ltr'>concurrentes</span> <span class='ocrx_word' id='word_1_376' title='bbox 583 4247 664 4297; x_wconf 92' lang='lat' dir='ltr'>una</span> <span class='ocrx_word' id='word_1_377' title='bbox 676 4219 818 4296; x_wconf 85' lang='lat' dir='ltr'>aliam²⁰</span> <span class='ocrx_word' id='word_1_378' title='bbox 832 4246 909 4297; x_wconf 91' lang='lat' dir='ltr'>non</span> <span class='ocrx_word' id='word_1_379' title='bbox 924 4220 1125 4308; x_wconf 88' lang='lat' dir='ltr'>consumit,</span> <span class='ocrx_word' id='word_1_380' title='bbox 1138 4230 1183 4297; x_wconf 92' lang='lat' dir='ltr'>ut</span> <span class='ocrx_word' id='word_1_381' title='bbox 1197 4221 1236 4296; x_wconf 95' lang='lat' dir='ltr'>in</span> <span class='ocrx_word' id='word_1_382' title='bbox 1252 4218 1653 4310; x_wconf 84' lang='lat' dir='ltr'>Institutionibus.¹²&gt;</span> <span class='ocrx_word' id='word_1_383' title='bbox 1675 4221 1827 4311; x_wconf 91' lang='lat' dir='ltr'>&lt;Item</span> 
     </span>
     <span class='ocr_line' id='line_1_33' title="bbox 237 4339 1826 4438; baseline 0.001 -23"><span class='ocrx_word' id='word_1_384' title='bbox 237 4340 267 4415; x_wconf 85' lang='lat' dir='ltr'>f.</span> <span class='ocrx_word' id='word_1_385' title='bbox 283 4341 402 4433; x_wconf 86' lang='lat' dir='ltr'>114b]</span> <span class='ocrx_word' id='word_1_386' title='bbox 457 4340 672 4416; x_wconf 89' lang='lat' dir='ltr'>notandum</span> <span class='ocrx_word' id='word_1_387' title='bbox 692 4340 795 4438; x_wconf 93' lang='lat' dir='ltr'>quod</span> <span class='ocrx_word' id='word_1_388' title='bbox 815 4339 976 4438; x_wconf 90' lang='lat' dir='ltr'>poenalis</span> <span class='ocrx_word' id='word_1_389' title='bbox 996 4339 1096 4416; x_wconf 92' lang='lat' dir='ltr'>actio</span> <span class='ocrx_word' id='word_1_390' title='bbox 1115 4364 1193 4415; x_wconf 95' lang='lat' dir='ltr'>non</span> <span class='ocrx_word' id='word_1_391' title='bbox 1214 4341 1330 4415; x_wconf 92' lang='lat' dir='ltr'>datur</span> <span class='ocrx_word' id='word_1_392' title='bbox 1349 4339 1389 4415; x_wconf 92' lang='lat' dir='ltr'>in</span> <span class='ocrx_word' id='word_1_393' title='bbox 1408 4339 1576 4428; x_wconf 88' lang='lat' dir='ltr'>heredes,</span> <span class='ocrx_word' id='word_1_394' title='bbox 1597 4364 1667 4415; x_wconf 92' lang='lat' dir='ltr'>nec</span> <span class='ocrx_word' id='word_1_395' title='bbox 1686 4339 1826 4416; x_wconf 91' lang='lat' dir='ltr'>transit</span> 
     </span>
     <span class='ocr_line' id='line_1_34' title="bbox 237 4457 1827 4556; baseline 0 -22"><span class='ocrx_word' id='word_1_396' title='bbox 237 4457 304 4534; x_wconf 82' lang='lat' dir='ltr'>in²²</span> <span class='ocrx_word' id='word_1_397' title='bbox 318 4483 382 4534; x_wconf 92' lang='lat' dir='ltr'>eos</span> <span class='ocrx_word' id='word_1_398' title='bbox 395 4457 466 4534; x_wconf 90' lang='lat' dir='ltr'>nisi</span> <span class='ocrx_word' id='word_1_399' title='bbox 479 4458 525 4535; x_wconf 93' lang='lat' dir='ltr'>lis</span> <span class='ocrx_word' id='word_1_400' title='bbox 539 4458 658 4535; x_wconf 85' lang='lat' dir='ltr'>fuerit</span> <span class='ocrx_word' id='word_1_401' title='bbox 671 4467 888 4534; x_wconf 89' lang='lat' dir='ltr'>contestata</span> <span class='ocrx_word' id='word_1_402' title='bbox 898 4483 986 4534; x_wconf 92' lang='lat' dir='ltr'>cum</span> <span class='ocrx_word' id='word_1_403' title='bbox 1002 4459 1197 4535; x_wconf 88' lang='lat' dir='ltr'>defuncto.</span> <span class='ocrx_word' id='word_1_404' title='bbox 1213 4458 1283 4534; x_wconf 93' lang='lat' dir='ltr'>Ad</span> <span class='ocrx_word' id='word_1_405' title='bbox 1295 4458 1366 4533; x_wconf 92' lang='lat' dir='ltr'>hoc</span> <span class='ocrx_word' id='word_1_406' title='bbox 1381 4458 1475 4535; x_wconf 87' lang='lat' dir='ltr'>facit</span> <span class='ocrx_word' id='word_1_407' title='bbox 1491 4458 1535 4534; x_wconf 86' lang='lat' dir='ltr'>ff.</span> <span class='ocrx_word' id='word_1_408' title='bbox 1551 4458 1598 4535; x_wconf 85' lang='lat' dir='ltr'>de</span> <span class='ocrx_word' id='word_1_409' title='bbox 1612 4457 1827 4556; x_wconf 75' lang='lat' dir='ltr'>publicam</span> 
     </span>
     <span class='ocr_line' id='line_1_35' title="bbox 237 4574 1826 4675; baseline 0 -23"><span class='ocrx_word' id='word_1_410' title='bbox 237 4586 276 4653; x_wconf 84' lang='lat' dir='ltr'>et</span> <span class='ocrx_word' id='word_1_411' title='bbox 293 4575 555 4674; x_wconf 80' lang='lat' dir='ltr'>vectiqoh‘bua,</span> <span class='ocrx_word' id='word_1_412' title='bbox 573 4577 597 4651; x_wconf 95' lang='lat' dir='ltr'>l.</span> <span class='ocrx_word' id='word_1_413' title='bbox 615 4575 838 4653; x_wconf 81' lang='lat' dir='ltr'>interdum²⁸</span> <span class='ocrx_word' id='word_1_414' title='bbox 861 4574 877 4674; x_wconf 92' lang='lat'><strong>5</strong></span> <span class='ocrx_word' id='word_1_415' title='bbox 899 4601 1036 4674; x_wconf 83' lang='lat' dir='ltr'>poeaoe,</span> <span class='ocrx_word' id='word_1_416' title='bbox 1054 4576 1119 4651; x_wconf 93' lang='lat' dir='ltr'>ubi</span> <span class='ocrx_word' id='word_1_417' title='bbox 1138 4576 1277 4653; x_wconf 92' lang='lat' dir='ltr'>dicitur</span> <span class='ocrx_word' id='word_1_418' title='bbox 1296 4577 1399 4675; x_wconf 91' lang='lat' dir='ltr'>quod</span> <span class='ocrx_word' id='word_1_419' title='bbox 1417 4601 1540 4675; x_wconf 89' lang='lat' dir='ltr'>poenae</span> <span class='ocrx_word' id='word_1_420' title='bbox 1560 4577 1607 4652; x_wconf 92' lang='lat' dir='ltr'>ab</span> <span class='ocrx_word' id='word_1_421' title='bbox 1625 4577 1826 4653; x_wconf 90' lang='lat' dir='ltr'>heredibus</span> 
     </span>
     <span class='ocr_line' id='line_1_36' title="bbox 158 4694 1827 4794; baseline -0.001 -23"><span class='ocrx_word' id='word_1_422' title='bbox 158 4715 159 4718; x_wconf 74' lang='grc'>’</span> <span class='ocrx_word' id='word_1_423' title='bbox 237 4696 318 4793; x_wconf 91' lang='lat' dir='ltr'>peti</span> <span class='ocrx_word' id='word_1_424' title='bbox 331 4721 409 4772; x_wconf 93' lang='lat' dir='ltr'>non</span> <span class='ocrx_word' id='word_1_425' title='bbox 423 4705 597 4794; x_wconf 90' lang='lat' dir='ltr'>possunt,</span> <span class='ocrx_word' id='word_1_426' title='bbox 612 4697 734 4772; x_wconf 92' lang='lat' dir='ltr'>sinon</span> <span class='ocrx_word' id='word_1_427' title='bbox 749 4706 806 4773; x_wconf 92' lang='lat' dir='ltr'>est</span> <span class='ocrx_word' id='word_1_428' title='bbox 821 4695 980 4794; x_wconf 87' lang='lat' dir='ltr'>quaestio</span> <span class='ocrx_word' id='word_1_429' title='bbox 992 4705 1101 4772; x_wconf 89' lang='lat' dir='ltr'>mota</span> <span class='ocrx_word' id='word_1_430' title='bbox 1112 4695 1199 4770; x_wconf 90' lang='lat' dir='ltr'>vivo</span> <span class='ocrx_word' id='word_1_431' title='bbox 1215 4722 1259 4772; x_wconf 93' lang='lat' dir='ltr'>eo</span> <span class='ocrx_word' id='word_1_432' title='bbox 1274 4696 1339 4794; x_wconf 91' lang='lat' dir='ltr'>qui</span> <span class='ocrx_word' id='word_1_433' title='bbox 1354 4695 1552 4793; x_wconf 89' lang='lat' dir='ltr'>delinquit.</span> <span class='ocrx_word' id='word_1_434' title='bbox 1570 4696 1627 4772; x_wconf 89' lang='lat' dir='ltr'>Et</span> <span class='ocrx_word' id='word_1_435' title='bbox 1642 4694 1713 4770; x_wconf 91' lang='lat' dir='ltr'>hoc</span> <span class='ocrx_word' id='word_1_436' title='bbox 1729 4696 1827 4771; x_wconf 87' lang='lat' dir='ltr'>sicut</span> 
     </span>
     <span class='ocr_line' id='line_1_37' title="bbox 236 4811 1826 4913; baseline 0.001 -25"><span class='ocrx_word' id='word_1_437' title='bbox 236 4811 278 4888; x_wconf 89' lang='lat' dir='ltr'>in</span> <span class='ocrx_word' id='word_1_438' title='bbox 297 4815 431 4890; x_wconf 86' lang='lat' dir='ltr'>ceteris</span> <span class='ocrx_word' id='word_1_439' title='bbox 453 4840 604 4913; x_wconf 90' lang='lat' dir='ltr'>quoque</span> <span class='ocrx_word' id='word_1_440' title='bbox 624 4815 747 4912; x_wconf 86' lang='lat' dir='ltr'>poenis</span> <span class='ocrx_word' id='word_1_441' title='bbox 769 4814 823 4890; x_wconf 96' lang='lat' dir='ltr'>ita</span> <span class='ocrx_word' id='word_1_442' title='bbox 843 4813 911 4891; x_wconf 82' lang='lat' dir='ltr'>et²‘</span> <span class='ocrx_word' id='word_1_443' title='bbox 930 4815 971 4890; x_wconf 91' lang='lat' dir='ltr'>in</span> <span class='ocrx_word' id='word_1_444' title='bbox 990 4815 1251 4912; x_wconf 84' lang='lat' dir='ltr'>vectigalibus.</span> <span class='ocrx_word' id='word_1_445' title='bbox 1277 4816 1380 4892; x_wconf 93' lang='lat' dir='ltr'>Item</span> <span class='ocrx_word' id='word_1_446' title='bbox 1400 4815 1441 4891; x_wconf 93' lang='lat' dir='ltr'>in</span> <span class='ocrx_word' id='word_1_447' title='bbox 1462 4840 1578 4891; x_wconf 88' lang='lat' dir='ltr'>causa</span> <span class='ocrx_word' id='word_1_448' title='bbox 1599 4814 1765 4890; x_wconf 87' lang='lat' dir='ltr'>criminis</span> <span class='ocrx_word' id='word_1_449' title='bbox 1786 4823 1826 4890; x_wconf 91' lang='lat' dir='ltr'>et</span> 
     </span>
    </p>
   </div>
   <div class='ocr_carea' id='block_1_5' title="bbox 237 5028 1827 5509">
    <p class='ocr_par' dir='ltr' id='par_1_5' title="bbox 237 5028 1827 5509">
     <span class='ocr_line' id='line_1_38' title="bbox 237 5028 1827 5108; baseline 0 -17"><span class='ocrx_word' id='word_1_450' title='bbox 237 5028 263 5063; x_wconf 83' lang='lat'>²²</span> <span class='ocrx_word' id='word_1_451' title='bbox 275 5030 356 5104; x_wconf 91' lang='lat' dir='ltr'>Om.,</span> <span class='ocrx_word' id='word_1_452' title='bbox 372 5032 441 5105; x_wconf 91' lang='lat' dir='ltr'>OB,</span> <span class='ocrx_word' id='word_1_453' title='bbox 457 5032 534 5104; x_wconf 91' lang='lat' dir='ltr'>MA,</span> <span class='ocrx_word' id='word_1_454' title='bbox 550 5033 625 5093; x_wconf 90' lang='grc' dir='ltr'>ΜΒ.</span> <span class='ocrx_word' id='word_1_455' title='bbox 663 5031 894 5108; x_wconf 80' lang='lat' dir='ltr'>²³·¹⁴similiter,</span> <span class='ocrx_word' id='word_1_456' title='bbox 910 5035 949 5108; x_wconf 93' lang='lat' dir='ltr'>V,</span> <span class='ocrx_word' id='word_1_457' title='bbox 966 5035 1035 5108; x_wconf 92' lang='lat' dir='ltr'>OB,</span> <span class='ocrx_word' id='word_1_458' title='bbox 1053 5034 1128 5108; x_wconf 91' lang='lat' dir='ltr'>MA,</span> <span class='ocrx_word' id='word_1_459' title='bbox 1146 5033 1213 5107; x_wconf 89' lang='lat' dir='ltr'>CE,</span> <span class='ocrx_word' id='word_1_460' title='bbox 1229 5033 1269 5106; x_wconf 90' lang='lat' dir='ltr'>Y,</span> <span class='ocrx_word' id='word_1_461' title='bbox 1287 5033 1360 5093; x_wconf 91' lang='lat' dir='ltr'>MC.</span> <span class='ocrx_word' id='word_1_462' title='bbox 1399 5030 1426 5066; x_wconf 77' lang='lat'>¹⁶</span> <span class='ocrx_word' id='word_1_463' title='bbox 1437 5053 1510 5106; x_wconf 91' lang='lat' dir='ltr'>non,</span> <span class='ocrx_word' id='word_1_464' title='bbox 1528 5033 1594 5108; x_wconf 90' lang='lat' dir='ltr'>LA,</span> <span class='ocrx_word' id='word_1_465' title='bbox 1611 5031 1685 5093; x_wconf 89' lang='lat' dir='ltr'>Mc.</span> <span class='ocrx_word' id='word_1_466' title='bbox 1724 5029 1827 5105; x_wconf 81' lang='lat' dir='ltr'>1⁸i11e,</span> 
     </span>
     <span class='ocr_line' id='line_1_39' title="bbox 237 5131 1827 5212; baseline 0.003 -22"><span class='ocrx_word' id='word_1_467' title='bbox 237 5131 282 5202; x_wconf 91' lang='lat' dir='ltr'>V;</span> <span class='ocrx_word' id='word_1_468' title='bbox 296 5131 370 5207; x_wconf 90' lang='lat' dir='ltr'>illis,</span> <span class='ocrx_word' id='word_1_469' title='bbox 384 5133 454 5206; x_wconf 88' lang='lat' dir='ltr'>OB,</span> <span class='ocrx_word' id='word_1_470' title='bbox 469 5132 535 5206; x_wconf 79' lang='grc' dir='ltr'>ΟΕ,</span> <span class='ocrx_word' id='word_1_471' title='bbox 549 5133 595 5204; x_wconf 86' lang='grc' dir='ltr'>Υ;</span> <span class='ocrx_word' id='word_1_472' title='bbox 608 5133 665 5209; x_wconf 89' lang='lat' dir='ltr'>ill.,</span> <span class='ocrx_word' id='word_1_473' title='bbox 678 5132 747 5206; x_wconf 90' lang='lat' dir='ltr'>OA,</span> <span class='ocrx_word' id='word_1_474' title='bbox 761 5133 829 5207; x_wconf 94' lang='lat' dir='ltr'>LA,</span> <span class='ocrx_word' id='word_1_475' title='bbox 842 5134 909 5209; x_wconf 86' lang='lat' dir='ltr'>OC,</span> <span class='ocrx_word' id='word_1_476' title='bbox 922 5134 999 5208; x_wconf 93' lang='lat' dir='ltr'>MA,</span> <span class='ocrx_word' id='word_1_477' title='bbox 1014 5134 1087 5194; x_wconf 89' lang='lat' dir='ltr'>MC.</span> <span class='ocrx_word' id='word_1_478' title='bbox 1125 5131 1190 5167; x_wconf 78' lang='lat'>²²²²²</span> <span class='ocrx_word' id='word_1_479' title='bbox 1202 5153 1297 5211; x_wconf 79' lang='lat' dir='ltr'>poenae</span> <span class='ocrx_word' id='word_1_480' title='bbox 1310 5142 1343 5194; x_wconf 91' lang='lat' dir='ltr'>et</span> <span class='ocrx_word' id='word_1_481' title='bbox 1356 5141 1431 5194; x_wconf 89' lang='lat' dir='ltr'>tunc</span> <span class='ocrx_word' id='word_1_482' title='bbox 1445 5152 1493 5207; x_wconf 85' lang='lat' dir='ltr'>ex,</span> <span class='ocrx_word' id='word_1_483' title='bbox 1508 5134 1581 5206; x_wconf 91' lang='lat' dir='ltr'>OA;</span> <span class='ocrx_word' id='word_1_484' title='bbox 1597 5152 1692 5212; x_wconf 79' lang='lat' dir='ltr'>poenae</span> <span class='ocrx_word' id='word_1_485' title='bbox 1706 5142 1739 5194; x_wconf 91' lang='lat' dir='ltr'>et</span> <span class='ocrx_word' id='word_1_486' title='bbox 1753 5140 1827 5194; x_wconf 90' lang='lat' dir='ltr'>tunc</span> 
     </span>
     <span class='ocr_line' id='line_1_40' title="bbox 237 5232 1825 5310; baseline 0.003 -20"><span class='ocrx_word' id='word_1_487' title='bbox 237 5236 292 5290; x_wconf 86' lang='lat' dir='ltr'>aut</span> <span class='ocrx_word' id='word_1_488' title='bbox 310 5251 359 5306; x_wconf 85' lang='lat' dir='ltr'>ex,</span> <span class='ocrx_word' id='word_1_489' title='bbox 379 5232 445 5307; x_wconf 78' lang='grc' dir='ltr'>ΟΕ,</span> <span class='ocrx_word' id='word_1_490' title='bbox 465 5233 505 5308; x_wconf 90' lang='lat' dir='ltr'>Y,</span> <span class='ocrx_word' id='word_1_491' title='bbox 524 5233 593 5307; x_wconf 91' lang='lat' dir='ltr'>OB,</span> <span class='ocrx_word' id='word_1_492' title='bbox 614 5234 690 5307; x_wconf 91' lang='lat' dir='ltr'>MA,</span> <span class='ocrx_word' id='word_1_493' title='bbox 709 5234 784 5294; x_wconf 88' lang='grc' dir='ltr'>ΜΒ.</span> <span class='ocrx_word' id='word_1_494' title='bbox 827 5232 927 5308; x_wconf 78' lang='lat' dir='ltr'>²⁰ubi,</span> <span class='ocrx_word' id='word_1_495' title='bbox 947 5234 1016 5308; x_wconf 91' lang='lat' dir='ltr'>OB,</span> <span class='ocrx_word' id='word_1_496' title='bbox 1037 5234 1113 5307; x_wconf 90' lang='lat' dir='ltr'>MA,</span> <span class='ocrx_word' id='word_1_497' title='bbox 1134 5234 1210 5307; x_wconf 88' lang='grc' dir='ltr'>ΜΒ,</span> <span class='ocrx_word' id='word_1_498' title='bbox 1233 5234 1299 5308; x_wconf 86' lang='lat' dir='ltr'>CE,</span> <span class='ocrx_word' id='word_1_499' title='bbox 1320 5235 1359 5308; x_wconf 89' lang='lat' dir='ltr'>Y,</span> <span class='ocrx_word' id='word_1_500' title='bbox 1382 5234 1455 5295; x_wconf 88' lang='lat' dir='ltr'>MC.</span> <span class='ocrx_word' id='word_1_501' title='bbox 1498 5232 1525 5268; x_wconf 86' lang='lat'>²⁰</span> <span class='ocrx_word' id='word_1_502' title='bbox 1536 5233 1643 5310; x_wconf 84' lang='lat' dir='ltr'>electa,</span> <span class='ocrx_word' id='word_1_503' title='bbox 1664 5234 1732 5310; x_wconf 93' lang='lat' dir='ltr'>LA,</span> <span class='ocrx_word' id='word_1_504' title='bbox 1753 5235 1825 5296; x_wconf 90' lang='lat' dir='ltr'>MC.</span> 
     </span>
     <span class='ocr_line' id='line_1_41' title="bbox 238 5327 1826 5412; baseline 0.003 -21"><span class='ocrx_word' id='word_1_505' title='bbox 238 5327 263 5362; x_wconf 84' lang='lat'>²¹</span> <span class='ocrx_word' id='word_1_506' title='bbox 275 5339 310 5391; x_wconf 90' lang='lat' dir='ltr'>ut</span> <span class='ocrx_word' id='word_1_507' title='bbox 325 5331 586 5408; x_wconf 85' lang='lat' dir='ltr'>Institutionibua,</span> <span class='ocrx_word' id='word_1_508' title='bbox 601 5334 667 5408; x_wconf 88' lang='lat' dir='ltr'>LA,</span> <span class='ocrx_word' id='word_1_509' title='bbox 681 5333 751 5407; x_wconf 93' lang='lat' dir='ltr'>OB,</span> <span class='ocrx_word' id='word_1_510' title='bbox 765 5334 841 5408; x_wconf 90' lang='lat' dir='ltr'>MA,</span> <span class='ocrx_word' id='word_1_511' title='bbox 855 5336 932 5410; x_wconf 84' lang='grc' dir='ltr'>ΜΒ,</span> <span class='ocrx_word' id='word_1_512' title='bbox 946 5333 1012 5409; x_wconf 84' lang='lat' dir='ltr'>CB,</span> <span class='ocrx_word' id='word_1_513' title='bbox 1027 5336 1067 5408; x_wconf 88' lang='lat' dir='ltr'>Y,</span> <span class='ocrx_word' id='word_1_514' title='bbox 1082 5336 1154 5396; x_wconf 90' lang='lat' dir='ltr'>MC.</span> <span class='ocrx_word' id='word_1_515' title='bbox 1190 5333 1216 5368; x_wconf 82' lang='lat'>²²</span> <span class='ocrx_word' id='word_1_516' title='bbox 1229 5335 1279 5412; x_wconf 89' lang='lat' dir='ltr'>ad,</span> <span class='ocrx_word' id='word_1_517' title='bbox 1293 5335 1360 5411; x_wconf 90' lang='lat' dir='ltr'>OC,</span> <span class='ocrx_word' id='word_1_518' title='bbox 1376 5335 1454 5410; x_wconf 90' lang='lat' dir='ltr'>MG,</span> <span class='ocrx_word' id='word_1_519' title='bbox 1470 5335 1542 5396; x_wconf 92' lang='lat' dir='ltr'>CM.</span> <span class='ocrx_word' id='word_1_520' title='bbox 1580 5334 1607 5368; x_wconf 79' lang='lat'>¹⁸</span> <span class='ocrx_word' id='word_1_521' title='bbox 1618 5335 1826 5410; x_wconf 87' lang='lat' dir='ltr'>interdictum,</span> 
     </span>
     <span class='ocr_line' id='line_1_42' title="bbox 237 5429 805 5509; baseline 0.014 -20"><span class='ocrx_word' id='word_1_522' title='bbox 237 5429 306 5505; x_wconf 91' lang='grc' dir='ltr'>ΟΒ,</span> <span class='ocrx_word' id='word_1_523' title='bbox 321 5431 386 5491; x_wconf 91' lang='lat' dir='ltr'>LA.</span> <span class='ocrx_word' id='word_1_524' title='bbox 423 5430 805 5509; x_wconf 80' lang='lat' dir='ltr'>¹⁴0m.,00,MG,CM.</span> 
     </span>
    </p>
   </div>
   <div class='ocr_carea' id='block_1_6' title="bbox 0 0 2200 6352">
    <p class='ocr_par' dir='ltr' id='par_1_6' title="bbox 0 0 2200 6352">
     <span class='ocr_line' id='line_1_43' title="bbox 0 0 2200 6352; baseline 0 0"><span class='ocrx_word' id='word_1_525' title='bbox 0 0 2200 6352; x_wconf 95' lang='lat' dir='ltr'> </span> 
     </span>
    </p>
   </div>
  </div>
 </body>
</html>
