4374 6366
761 525 822 584 DE
845 524 1050 586 PLACITIS
1073 525 1262 588 CORONAE
1735 542 1808 609 445

222 664 342 740 donee
370 663 598 740 satisfecerit
625 663 780 741 domino
808 664 855 740 de
883 664 1037 742 servitio
1065 666 1168 764 quod
1195 668 1401 766 cognoscit,
1429 680 1592 769 propter
1621 672 1809 762 seisinam,

221 783 309 858 licet
326 783 383 858 ius
401 807 480 857 non
498 782 684 858 habuerit.
705 783 763 858 Et
782 808 945 880 querens
964 784 1034 860 sibi
1054 785 1253 883 perquirat
1273 785 1356 884 per⁶
1376 787 1489 866 breve
1508 790 1611 887 quod
1632 791 1808 868 dominus

220 923 300 975 non
318 900 451 997 exigat
469 900 518 975 ab
537 925 581 975 eo
600 898 754 977 servitia
773 910 813 977 et
832 901 1124 979 consuetudines
1144 928 1229 1000 quoe
1249 904 1376 983 facere
1396 930 1474 981 non
1496 907 1619 997 debet,
1641 934 1685 984 eo
1705 910 1809 1009 quod

220 1017 288 1093 illa
309 1018 358 1094 de
378 1018 461 1093 iure
480 1042 559 1093 non
581 1018 705 1094 debet.
729 1019 787 1095 Et
809 1018 895 1094 ideo
917 1019 948 1096 si
971 1019 1107 1096 seisina
1129 1020 1270 1119 ipsum⁸
1292 1031 1443 1120 gravat,
1467 1023 1644 1103 liberabit
1667 1026 1809 1126 ipsum²

221 1136 320 1212 actio
339 1161 455 1234 super
474 1136 567 1212 iure.
585 1136 728 1212 Dicere
746 1137 862 1214 etiam
879 1138 1024 1236 poterit
1043 1148 1180 1237 captor
1197 1142 1301 1237 quod
1321 1142 1449 1217 averia
1468 1142 1566 1219 iuste
1585 1145 1698 1242 cepit,
1719 1145 1810 1244 quia

220 1279 308 1330 cum
321 1254 461 1330 habeat
474 1254 640 1330 fundum
655 1281 766 1331 suum
779 1255 954 1344 liberum,
968 1256 1025 1332 ita
1037 1258 1140 1354 quod
1153 1282 1223 1332 nec
1238 1257 1320 1356 ipse
1335 1285 1497 1357 querens
1512 1285 1581 1337 nec
1596 1262 1693 1338 alius
1708 1287 1807 1340 oom-

219 1398 379 1450 murram
395 1373 435 1449 in
450 1373 583 1450 eodem
599 1373 739 1449 habere
755 1373 878 1472 possit
893 1398 964 1449 nec
980 1374 1095 1450 aliam
1112 1376 1347 1466 servitutem,
1365 1386 1404 1454 et
1421 1402 1510 1453 cum
1526 1378 1628 1455 idem
1645 1406 1808 1478 querens

149 1591 152 1602 y
219 1491 436 1569 immisisset
456 1492 585 1568 averia
604 1517 674 1567 sua
694 1516 783 1567 cum
802 1492 861 1568 ius
883 1517 961 1567 non
981 1492 1139 1570 baberet
1160 1494 1403 1585 immittendi,
1426 1505 1464 1572 et
1485 1496 1630 1594 pluries
1652 1507 1751 1574 esset
1774 1498 1808 1575 ei

218 1609 455 1708 prohibitum
474 1635 523 1685 ne
543 1608 778 1699 immitteret,
798 1610 880 1708 ipse
899 1609 1143 1687 nihilominus
1164 1611 1319 1688 immisit
1339 1622 1475 1689 contra
1495 1614 1806 1712 prohibitionem:
1882 1691 1885 1698 ,

219 1737 259 1804 et
270 1727 327 1803 ita
339 1727 442 1826 cepit
456 1728 584 1803 averia
597 1753 666 1804 sua
679 1728 789 1816 iuste,
804 1726 979 1827 paratus⁸
994 1729 1027 1805 ei
1041 1729 1107 1805 illa
1122 1729 1322 1807 restituere
1337 1731 1368 1807 si
1383 1729 1512 1806 vellet⁹
1528 1732 1576 1807 ab
1591 1731 1808 1809 huiusmodi

217 1845 358 1922 iniuria
378 1845 579 1934 abstinere,
600 1846 704 1943 quod
724 1846 877 1944 quidem
899 1848 1026 1922 facere
1047 1848 1202 1946 penitus
1222 1848 1423 1937 recusavit,
1445 1874 1515 1926 nec
1536 1850 1657 1928 voluit
1679 1851 1808 1926 averia

219 1991 290 2040 sua
304 1964 373 2040 tali
388 1965 503 2040 modo
519 1964 699 2062 recipere.
715 1964 785 2040 Ad
801 1964 905 2062 quod
922 1990 1096 2063 querens,
1115 1965 1219 2063 quod
1235 1965 1415 2054 iniuste,²⁰
1432 1966 1522 2065 quia
1538 1967 1621 2066 ipse
1639 1993 1806 2044 commu·

217 2107 309 2159 nam
329 2081 381 2158 ibi
402 2082 540 2158 habere
562 2081 675 2158 debet
697 2091 736 2158 et
757 2107 909 2180 semper
928 2081 1073 2171 babuit,
1096 2092 1134 2159 et
1155 2083 1225 2158 hoc
1246 2092 1408 2181 paratus
1430 2093 1489 2160 est
1511 2085 1656 2174 docere,
1678 2085 1744 2161 ubi
1766 2095 1806 2162 et

218 2200 373 2298 quando
387 2206 564 2276 etcetera.
580 2200 637 2275 Et
653 2225 701 2276 ex
716 2225 792 2298 quo
806 2199 929 2277 noluit
944 2199 1011 2276 illa
1025 2199 1179 2299 quiete¹²
1195 2200 1303 2277 sine¹²
1318 2200 1484 2300 plegiis²⁸
1500 2202 1704 2292 dimittere,
1721 2202 1806 2278 ideo

217 2316 343 2394 noluit
358 2317 428 2393 tali
444 2318 559 2394 modo
576 2317 723 2416 plegios
741 2317 921 2394 invenire.
941 2319 999 2394 Et
1017 2319 1107 2417 quia
1123 2318 1327 2396 comitatus
1345 2344 1423 2395 non
1441 2318 1555 2396 babet
1574 2329 1807 2419 potestatem

217 2436 449 2534 procedendi
468 2435 640 2524 ulterius,
660 2445 884 2512 remaneant
902 2436 1030 2512 averia
1049 2436 1269 2513 deliberata.
1290 2436 1348 2513 Et
1368 2437 1398 2513 si
1418 2463 1580 2535 querens
1600 2438 1658 2514 uti
1677 2439 1804 2514 volue-

218 2554 270 2631 rit
290 2578 378 2629 cum
397 2554 455 2629 ius
475 2579 554 2630 non
573 2553 723 2642 babeat,
744 2555 776 2630 si
796 2553 973 2630 dominus
993 2555 1105 2630 aliter
1124 2580 1164 2631 se
1184 2555 1392 2631 defendere
1412 2580 1492 2630 non
1512 2556 1645 2653 possit,
1667 2554 1805 2632 habeat

216 2671 331 2748 breve
342 2681 478 2748 contra
488 2673 617 2770 ipsum
628 2672 675 2748 de
687 2696 789 2747 nova
800 2670 996 2748 disseisina
1009 2671 1188 2748 delibero
1200 2681 1419 2749 tenemento
1433 2698 1512 2749 suo.
1527 2673 1586 2750 Et
1599 2673 1629 2750 si
1644 2699 1805 2771 querens

217 2790 276 2866 ius
291 2790 430 2867 babeat
445 2791 579 2867 utendi
596 2799 636 2866 et
652 2790 828 2865 dominus
843 2815 921 2865 non
939 2789 1152 2888 permittat,
1171 2789 1309 2868 babeat
1326 2790 1440 2866 breve
1457 2816 1589 2867 versus
1608 2790 1805 2866 dominum

216 2907 265 2983 de
280 2932 485 2984 commune
498 2916 667 3006 pasturae
682 2933 769 2983 suoe.

315 3027 382 3104 De
396 3026 641 3124 responsione
656 3026 837 3124 captoria,
852 3024 956 3123 qood
969 3025 1069 3102 iuste
1084 3024 1173 3123 quio
1188 3025 1228 3101 io
1243 3025 1385 3101 domno
1401 3050 1481 3102 suo.

215 3143 376 3220 Danaa
394 3143 510 3221 etiam
527 3143 671 3241 poterit
685 3151 823 3241 captor
839 3144 942 3241 quod
960 3142 1058 3220 iuste
1075 3142 1178 3240 cepit
1196 3143 1323 3219 aven'a
1341 3169 1421 3231 sua,
1440 3144 1530 3241 quia
1548 3144 1614 3219 illa
1631 3143 1805 3220 invenit*

216 3264 257 3339 in
280 3264 421 3338 damno
445 3288 525 3351 suo,
549 3271 588 3339 et
612 3261 1157 3339 secundumconsuetudinem
1182 3261 1291 3358 regni
1314 3261 1542 3359 imporcavit
1566 3261 1659 3338 illa¹⁶
1684 3264 1805 3338 donec

217 3380 400 3457 damnum
414 3406 526 3457 suum
538 3380 572 3456 ei
584 3390 684 3458 esset
696 3381 955 3468 amendatum,
969 3388 1008 3455 et
1020 3403 1098 3455 non
1111 3379 1186 3455 alio
1198 3379 1324 3454 modo.
1339 3379 1397 3454 Et
1410 3379 1491 3477 ipse
1506 3405 1666 3477 querens
1680 3380 1805 3456 noluit

217 3499 400 3576 damnum
417 3499 620 3575 emendare
635 3523 705 3574 nec
721 3497 964 3575 securitatem
981 3497 1085 3586 dare,
1102 3497 1162 3572 vel
1179 3522 1249 3573 nec
1265 3495 1476 3594 umquam¹⁶
1493 3495 1586 3572 illa¹⁷
1605 3496 1716 3595 petiit
1733 3521 1805 3595 per

215 3618 371 3693 vadium
386 3643 510 3714 neque
525 3640 597 3714 per
613 3615 772 3713 plegios,
788 3615 849 3691 vel
865 3617 895 3691 si
912 3615 1035 3713 petiit,
1052 3614 1183 3690 oblata
1200 3615 1359 3690 fuerunt
1377 3615 1410 3690 ei
1427 3614 1497 3691 tali
1512 3615 1627 3690 modo
1644 3623 1689 3691 ut
1706 3639 1802 3712 prae·

216 3734 447 3821 dictumest,
464 3740 503 3809 et
518 3733 607 3809 inde
622 3732 841 3831 producat²⁸
859 3740 1011 3808 sectam.
1031 3732 1089 3808 Et
1106 3732 1137 3808 si
1155 3757 1316 3829 querens
1334 3732 1405 3807 hoc
1422 3731 1576 3830 praecise
1594 3732 1804 3829 negaverit,

216 3853 402 3928 defendat
420 3877 459 3927 se
477 3876 549 3950 per
565 3850 702 3949 legem,
719 3849 781 3926 vel
799 3851 829 3926 si
848 3849 950 3925 dicat
969 3849 1072 3948 quod
1091 3847 1150 3925 si²⁹
1168 3849 1353 3948 praedicta
1370 3848 1564 3925 occasione
1583 3859 1700 3947 capta
1720 3851 1803 3925 fue·

215 3969 336 4048 runt²⁰
354 3980 393 4047 et
411 3970 521 4058 iuste,
540 3978 670 4045 tamen
688 3967 872 4044 detenta²²
892 3966 1080 4043 fuerunt²¹
1099 3966 1238 4044 iniuste
1256 3976 1392 4043 contra
1409 3966 1566 4042 vadium
1584 3976 1624 4043 et
1643 3966 1802 4065 plegios,

216 4091 306 4188 quia
323 4089 386 4165 ille
403 4113 565 4187 querens
582 4079 686 4163 venit
705 4088 754 4162 ad
771 4087 899 4185 ipsum
916 4093 1113 4183 captorem
1130 4109 1219 4160 cum
1235 4084 1365 4183 probis
1383 4083 1597 4161 bominibus
1617 4094 1655 4161 et
1674 4109 1804 4161 coram

216 4208 270 4284 eis
286 4215 447 4306 paratus
466 4206 543 4282 fuit
561 4205 763 4281 emendare
781 4203 815 4280 ei
833 4204 1017 4281 damnum
1035 4201 1174 4279 suum²⁸
1193 4202 1405 4300 pervisum
1424 4202 1643 4290 eorundem,
1664 4211 1702 4278 et
1721 4202 1804 4300 ipse

214 4326 285 4401 hoc
301 4325 502 4412 recusavit,
520 4334 559 4401 et
575 4323 818 4399 nihilominus
836 4321 964 4398 averia
982 4347 1053 4398 sua
1069 4321 1233 4397 detinuit
1251 4320 1390 4396 iniuste
1408 4319 1475 4396 et²⁴
1494 4330 1629 4397 contra
1647 4322 1803 4398 vadium

215 4453 255 4521 et
270 4444 429 4542 plegios.
447 4443 550 4519 Etsi
567 4440 671 4518 non²⁶
687 4439 862 4516 babuerit
878 4440 1018 4516 bonam
1035 4448 1178 4515 sectam
1194 4447 1233 4514 et
1249 4437 1509 4526 sufficientem,
1527 4436 1589 4515 ille
1606 4448 1754 4536 captor,
1771 4439 1802 4515 si

214 4562 285 4637 hoc
307 4561 460 4661 praecise
480 4557 738 4649 defenderit,²⁸
758 4558 887 4634 vadiet
907 4557 1045 4655 legem,
1066 4566 1105 4634 et
1127 4556 1179 4633 sic
1200 4553 1275 4631 ex²⁷
1297 4564 1462 4654 utraque
1483 4565 1595 4654 parte
1617 4564 1803 4655 potenmt

215 4681 319 4779 leges
334 4678 493 4756 radiari.

214 4847 319 4924 ⁵0m,
333 4848 373 4923 V,
389 4847 463 4907 MA.
501 4843 622 4919 ‘'illum,
636 4843 676 4920 V,
691 4844 730 4904 Y.
768 4841 871 4918 ⁷eum,
887 4843 963 4914 MA,
978 4843 1016 4902 Y.
1055 4839 1207 4917 ⁸paratus
1225 4848 1281 4912 est,
1298 4840 1364 4915 OC,
1382 4839 1459 4913 MG,
1475 4840 1515 4900 Y.
1552 4837 1661 4915 'velit
1678 4841 1718 4912 V,
1735 4840 1800 4901 OC.

213 4947 241 4984 ¹⁰
251 4953 342 5023 iuste,
353 4948 423 5024 OB,
435 4948 512 5021 MA,
524 4947 600 5007 ΜΒ.
633 4943 660 4980 ¹¹
672 4947 774 5023 quiete
785 4949 828 5018 et,
840 4943 908 5017 LA,
920 4944 960 5019 Y,
973 4942 1046 5004 MC.
1081 4939 1146 4976 ²²²²²
1158 4941 1414 5016 Om,MG;sine
1429 4941 1554 5019 placito,
1569 4940 1633 5003 OC.
1670 4940 1801 5020 ²⁴oepit,

214 5051 288 5125 MC,
304 5051 344 5124 Y,
362 5050 427 5110 LA.
466 5047 585 5121 ¹⁵Om,
602 5047 680 5121 MG,
698 5044 764 5106 OC.
804 5043 870 5079 ²²²²²
882 5063 1045 5121 numquam
1063 5042 1129 5118 illa,
1148 5044 1225 5118 MA,
1244 5042 1326 5115 MG;
1345 5062 1508 5120 numquam
1527 5063 1574 5118 ea,
1593 5043 1658 5116 LA,
1679 5043 1752 5116 MC,
1772 5044 1801 5103 Y

218 5149 406 5229 (umquam).
443 5147 471 5184 ²⁸
482 5146 637 5228 producit,
652 5146 731 5221 MG,
747 5145 814 5208 OC.
849 5143 878 5179 ι’
889 5143 969 5221 Om,
985 5145 1063 5221 MG,
1077 5143 1145 5219 OC,
1160 5144 1234 5220 cM,
1250 5143 1319 5218 OB,
1336 5144 1412 5219 MA,
1429 5145 1550 5220 MB,Y
1571 5142 1658 5222 (ψ).
1696 5143 1801 5206 ”lue-

213 5251 462 5330 riut,MG,OC.
499 5248 525 5285 ¹²
537 5255 669 5325 retenta,
685 5249 754 5324 LA,
768 5248 809 5323 Y,
825 5247 898 5308 MC.
936 5244 1054 5320 ²²0m,
1071 5245 1143 5318 LA;
1161 5244 1290 5320 luerint,
1306 5245 1373 5320 OC,
1390 5245 1467 5320 MG,
1484 5245 1558 5306 MC.
1596 5244 1715 5321 '⁸Om.,
1732 5247 1801 5323 OB,

215 5356 291 5430 MA,
308 5355 383 5416 ΜΒ.
421 5352 540 5428 ²⁴Om,
557 5351 597 5428 V,
614 5349 681 5425 LA,
698 5349 777 5426 MG,
794 5347 863 5425 OC,
880 5347 954 5422 CM,
972 5347 1045 5408 MC.
1085 5344 1205 5423 ²⁵inde,
1222 5346 1262 5422 V,
1281 5347 1346 5407 LA.
1387 5343 1414 5379 ²⁶
1425 5345 1617 5422 defenderet,
1637 5348 1715 5423 MG,
1733 5348 1800 5409 OC.
