4394 6342
848 521 1162 584 INTRODUCTIO
1761 524 1811 592 23

222 676 314 777 quid
336 676 384 754 sit
404 678 479 765 lex,
500 674 652 774 etquid
672 674 920 762 consuetudo,
941 674 1022 750 sine
1043 673 1179 771 quibus
1202 697 1281 747 non
1300 671 1445 769 poterit
1467 669 1551 768 quis
1573 695 1653 746 esse
1675 670 1810 758 iustus,

221 806 266 873 ut
290 795 410 874 faciat
433 794 620 872 iustitiam
642 803 681 872 et
704 795 849 870 iustum
872 793 1054 868 iudicium
1078 792 1180 867 inter
1203 791 1329 866 virum
1353 799 1392 867 et
1416 789 1553 865 virum.
1579 789 1657 866 Est
1681 798 1812 864 autem

220 915 368 992 iustitia
394 924 573 991 constans
600 923 639 990 et
664 922 855 1013 perpetua
880 913 1060 989 voluntas
1087 912 1146 987 ius
1173 936 1285 988 suum
1313 908 1449 1008 cuique
1474 908 1659 992 tribuens.
1675 907 1811 992 „Cuius

221 1033 394 1111 delinitio
415 1033 559 1134 poterit
580 1032 752 1131 intellegi
774 1031 922 1108 duobus
944 1031 1079 1118 modis,
1100 1056 1179 1106 uno
1201 1037 1319 1130 prout
1341 1038 1399 1105 est
1422 1029 1462 1103 in
1483 1025 1666 1122 creatore,
1690 1027 1812 1102 altero

221 1163 340 1253 prout
355 1154 468 1230 estin
483 1163 670 1229 creatura.
689 1153 747 1229 Et
763 1152 793 1228 si
808 1151 1057 1248 intellegatur
1072 1159 1192 1249 prout
1208 1159 1266 1226 est
1283 1149 1323 1224 in
1338 1157 1521 1236 creatore,
1538 1146 1579 1222 id
1595 1157 1653 1224 est
1670 1147 1710 1220 in
1727 1148 1811 1233 deo,
1857 1175 1862 1188 ·

221 1276 341 1374 plana
365 1283 455 1350 sunt
479 1271 619 1360 omnia,
644 1295 732 1348 cum
755 1270 903 1347 iustitia
926 1270 975 1345 sit
1000 1271 1061 1345 dei
1086 1268 1296 1368 dispositio,
1323 1292 1406 1365 quae
1431 1268 1473 1342 in
1496 1266 1671 1342 omnibus
1697 1265 1811 1341 rebus

221 1402 324 1469 recte
340 1391 540 1468 constituit
556 1401 596 1466 et
613 1387 739 1466 iuste²⁸
758 1388 939 1487 disponit.
959 1390 1052 1487 Ipse
1072 1387 1173 1464 enim
1190 1389 1284 1464 deus
1302 1386 1438 1462 tribuit
1456 1386 1661 1484 unicuique
1680 1410 1811 1462 secun·

222 1513 315 1588 dum
332 1536 452 1610 opera
467 1535 548 1587 sua.
567 1511 660 1608 Ipse
678 1534 757 1585 non
773 1517 832 1584 est
848 1507 1040 1584 variabilis
1058 1533 1181 1605 neque
1199 1506 1422 1605 temporalis
1440 1505 1481 1580 in
1500 1504 1811 1604 dispositionibus

100 1665 107 1674 ·
222 1640 261 1709 et
285 1628 548 1706 voluntatibus
572 1628 662 1717 suis,
687 1629 804 1704 immo
828 1627 907 1704 eius
931 1627 1111 1702 voluntas
1137 1635 1195 1702 est
1219 1632 1398 1701 constans
1424 1633 1463 1702 et
1487 1634 1689 1723 perpetua.
1718 1625 1812 1722 Ipse

222 1751 324 1827 enim
341 1775 420 1826 non
436 1747 570 1825 habuit
589 1746 833 1847 principium,
852 1745 949 1821 nec¹⁹
968 1744 1110 1821 habet²⁰
1129 1769 1199 1820 nec
1217 1743 1371 1820 habebit
1389 1744 1517 1819 finem.
1538 1743 1679 1819 Altero
1697 1744 1812 1819 modo

222 1867 488 1966 intellegitur²¹
513 1875 632 1966 prout
657 1865 779 1942 estin
804 1872 992 1952 creatura,
1018 1865 1058 1939 id
1083 1873 1141 1940 est
1165 1864 1207 1939 in
1231 1863 1383 1939 homine
1408 1863 1520 1939 iusto.
1548 1862 1685 1938 Homo
1710 1863 1812 1938 enim
1950 1891 1954 1904 ·

222 1988 345 2064 iustus
360 1986 476 2063 habet
491 1986 732 2062 voluntatem
746 1983 941 2060 tribuendi
957 1983 1160 2081 unicuique
1178 1982 1235 2058 ius
1253 2008 1377 2070 suum,
1395 1981 1506 2059 etita
1523 1980 1616 2056 illa²²
1632 1981 1811 2057 voluntas

224 2106 364 2183 dicitur
386 2103 543 2182 iustitia.
568 2105 627 2182 Et
651 2103 791 2180 dicitur
814 2103 993 2179 voluntas
1018 2102 1186 2178 tribuere
1211 2103 1269 2177 ius
1295 2127 1419 2189 suum,
1444 2125 1523 2176 non
1548 2108 1737 2199 quantum
1763 2101 1813 2175 ad

223 2234 353 2301 actum
372 2223 438 2300 sed
458 2233 647 2322 quantum
668 2224 717 2299 ad
737 2220 1021 2298 affectionem.²⁸
1044 2221 1153 2297 Sicut
1174 2219 1341 2296 dicitur²⁴
1361 2220 1573 2318 imperator
1593 2220 1813 2317 Augustus

223 2371 302 2422 non
330 2344 460 2445 quod²⁶
489 2341 668 2442 semper²⁶
696 2351 838 2439 augeat
866 2338 1082 2440 imperium,
1112 2341 1179 2416 sed
1207 2339 1298 2438 quia
1322 2338 1405 2415 eius
1433 2337 1649 2437 propositi²‘
1681 2347 1739 2414 est
1767 2347 1825 2414 ut'

223 2472 376 2563 augeat.
395 2463 503 2540 Sicut
518 2463 658 2539 dicitur
672 2463 720 2538 de
733 2460 989 2548 matrimonio,
1005 2460 1108 2558 quod
1125 2459 1265 2536 dicitur
1279 2458 1477 2535 individua
1491 2457 1708 2535 coniunctio
1724 2458 1814 2556 quia

223 2585 303 2661 eius
326 2593 417 2660 sunt
439 2582 556 2658 animi
577 2591 622 2658 ut
644 2606 856 2679 numquam
878 2579 1111 2667 dividantur,
1133 2579 1339 2678 postmodo
1361 2587 1493 2654 tamen
1516 2577 1742 2654 dividuntur
1765 2601 1814 2653 ex

223 2726 349 2779 causa.
369 2704 474 2778 Item
492 2701 631 2778 dieitur
648 2699 796 2776 iustitia
812 2708 992 2775 conatam
1009 2698 1219 2774 secundum
1237 2696 1510 2784 definitionem,
1531 2706 1648 2794 prout
1668 2694 1814 2772 iustitia

225 2831 282 2900 est
295 2823 337 2897 in
350 2830 538 2908 creatura,
553 2829 599 2896 ut
613 2844 684 2918 per
697 2819 768 2894 hoc
784 2820 887 2917 quod
903 2818 994 2894 dicit
1009 2817 1188 2894 voluntas
1202 2815 1451 2913 intellegatur
1466 2841 1586 2904 menS,
1602 2825 1641 2892 et
1658 2841 1728 2914 per
1743 2814 1814 2889 hoc
1943 2905 1950 2912 ,

224 2941 328 3041 quod
341 2939 462 3015 dicit²⁸
475 2947 655 3016 cautam
666 2938 916 3034 intellegatur
929 2937 1084 3012 bonum.
1100 2935 1330 3012 Constantia
1346 2935 1447 3011 enim
1462 2959 1613 3032 semper
1628 2934 1815 3032 accipitur

225 3061 267 3136 in
285 3061 441 3148 bonum,
460 3059 564 3135 unde
583 3068 622 3135 et
642 3057 764 3134 sancti
784 3056 965 3133 dicuntur
986 3055 1105 3132 fuisse
1125 3063 1356 3143 constantes,
1377 3053 1471 3130 ubi²⁹
1493 3053 1643 3142 dicitur,
1666 3054 1704 3129 Ο
1727 3077 1814 3129 con·

225 3180 369 3256 stantia
387 3187 620 3277 matyrum!
641 3178 744 3253 Item
764 3177 998 3253 Constantes
1017 3184 1150 3252 estote.
1172 3172 1404 3251 Constantia
1423 3173 1525 3250 enim
1545 3199 1624 3249 non
1644 3172 1815 3249 admittit

225 3298 487 3377 variationem.
504 3297 584 3372 Per
596 3296 667 3372 hoc
682 3305 812 3371 autem
826 3297 929 3393 quod
945 3294 1036 3371 dicit
1049 3302 1241 3393 perpetuo
1254 3291 1530 3389 intellegatur⁸⁰
1545 3291 1709 3380 habitus,
1726 3291 1816 3390 quia

157 3403 173 3416 ”
225 3417 372 3495 iustitia
392 3427 451 3494 est
472 3415 624 3492 habitus
645 3415 784 3492 mentis
805 3414 940 3502 bonus,
961 3415 1022 3489 vel
1043 3412 1182 3490 mentis
1203 3412 1301 3488 bene
1321 3411 1549 3488 constituta.
1572 3411 1648 3486 Vel
1669 3411 1816 3487 iustitia

226 3547 284 3615 est
307 3538 569 3613 voluntarium
590 3534 745 3610 bonum.
770 3534 855 3609 Nec
878 3533 980 3609 enim
1003 3540 1133 3631 potest
1157 3532 1230 3608 dici
1253 3531 1397 3607 bonum
1421 3532 1577 3630 proprie
1601 3530 1674 3606 nisi
1698 3531 1815 3606 inter·

227 3658 383 3735 cedente
402 3658 614 3732 voluntate.
636 3653 747 3730 Tolle
769 3653 870 3728 enim
889 3652 1129 3728 voluntatem
1150 3660 1190 3728 et
1210 3650 1283 3728 erit
1303 3651 1426 3726 omnis
1449 3660 1556 3726 actus
1577 3649 1814 3730 indifferens.

226 3775 401 3854 Affectio
420 3772 600 3874 quidem⁸²
619 3781 690 3848 tua
707 3797 848 3883 nomen
867 3770 1031 3868 imponit
1050 3770 1157 3869 operi
1176 3777 1257 3844 tuo.
1280 3771 1383 3845 Item
1402 3768 1546 3845 crimen
1566 3793 1645 3844 non
1665 3777 1815 3844 contra·

226 3897 332 3973 hitur
346 3895 418 3972 nisi
434 3895 612 3970 voluntas
629 3892 790 3968 nocendi
806 3891 1029 3967 intercedat.
1049 3891 1152 3966 Item
1169 3887 1347 3966 voluntas
1366 3896 1404 3964 et
1421 3888 1664 3987 propositum
1683 3886 1815 3963 distin·

227 4027 354 4116 guunt
367 4014 565 4092 maleficia.
579 4013 644 4088 De
657 4010 728 4085 hoc
742 4020 871 4087 autem
885 4010 989 4107 quod
1004 4008 1167 4085 dicitius
1180 4033 1306 4095 mma,
1319 4008 1360 4083 id
1374 4017 1432 4084 est
1446 4006 1608 4082 hominis
1624 4006 1815 4092 meritum,

227 4161 318 4212 nam
335 4142 497 4235 propter
514 4130 696 4208 delictum
713 4130 773 4205 vel
791 4137 950 4227 pactum
967 4152 1046 4202 non
1064 4136 1270 4216 servatum,
1288 4127 1349 4202 vel
1368 4125 1515 4213 similia,
1534 4125 1712 4224 privatur
1732 4124 1816 4222 quis

227 4254 310 4330 iure
324 4279 404 4330 suo.
419 4253 485 4329 De
499 4252 570 4327 hoc
585 4257 716 4326 autem
730 4249 834 4347 quod
847 4246 939 4323 dicit
956 4245 1131 4344 cuique,⁸²
1147 4246 1188 4321 id
1204 4255 1262 4322 est
1277 4244 1347 4320 sibi
1362 4245 1448 4342 ipsi,
1464 4255 1509 4321 ut
1525 4245 1682 4321 honeste
1698 4243 1814 4320 vivat.

229 4375 333 4450 Item
349 4374 432 4460 deo,
447 4379 493 4448 ut
509 4371 624 4446 deum
641 4368 788 4466 diligat.
808 4368 912 4442 Item
927 4366 1117 4464 proximo,
1134 4375 1179 4441 ut
1197 4389 1284 4440 eum
1301 4390 1379 4440 non
1395 4365 1522 4439 laedat.

329 4490 436 4584 Quid
450 4490 500 4566 at
513 4491 584 4566 ius.

227 4612 295 4687 Da
311 4610 382 4685 hoc
399 4618 530 4686 autem
547 4608 650 4705 quod
667 4604 758 4682 dicit
775 4606 834 4683 iao
850 4629 976 4692 mam,
993 4603 1033 4678 id
1050 4613 1108 4680 est
1126 4602 1290 4690 iustitiae,
1309 4611 1348 4680 et
1366 4603 1419 4679 sic
1435 4600 1576 4678 dicitur
1593 4601 1652 4677 ius
1671 4600 1818 4678 iustitia

228 4730 318 4828 quia
335 4729 375 4804 in
393 4753 439 4805 ea
455 4736 561 4804 etant
578 4726 707 4802 omnia
723 4724 820 4800 iura.
840 4726 910 4800 Ius
928 4722 1049 4820 ergo⁸⁸
1068 4722 1265 4798 derivatur
1284 4748 1307 4798 a
1325 4721 1482 4809 iustitia,
1501 4731 1540 4798 et
1558 4720 1673 4797 habet
1692 4720 1816 4796 varias

228 4935 299 4998 ²⁸et
319 4941 402 4995 recte
423 4933 572 5013 disponit,
594 4932 672 5007 MG,
695 4930 767 4991 CM.
812 4927 877 4962 ²²²²²
890 4929 970 5002 Om,
992 4927 1062 5003 OB,
1085 4929 1160 4988 ΜΒ.
1204 4925 1229 4960 ²¹
1241 4925 1435 5004 intellegitur
1457 4929 1587 4999 iustitia,
1611 4927 1636 4986 P
1644 4948 1652 4999 ;
1676 4924 1818 5005 intellegi

228 5035 421 5116 poteat,OC.
456 5031 744 5108 ²²iata,MG,CM.
779 5029 972 5104 ²⁸effectum,
985 5029 1054 5102 OB,
1067 5029 1143 5089 ΜΒ.
1179 5026 1303 5103 ²⁴dicit,
1317 5029 1393 5102 MB,
1408 5029 1482 5104 CM,
1497 5028 1574 5102 MG,
1589 5028 1661 5089 ΗΒ.
1698 5026 1819 5106 ¹⁶quia,

229 5137 305 5210 MB,
319 5135 359 5196 Y.
396 5133 515 5208 ²⁶Om.,
530 5133 596 5195 ΟΒ.
633 5131 874 5210 ''propositum
889 5131 929 5207 V,
945 5131 1021 5206 MA,
1038 5130 1112 5204 CM,
1128 5129 1206 5204 MG,
1223 5128 1296 5202 HA,
1312 5129 1385 5190 ΗΒ.
1423 5126 1585 5205 ²⁸dicitur,
1601 5130 1640 5204 V,
1656 5130 1697 5191 Y.
1735 5129 1818 5205 ²⁹nt,

229 5238 298 5312 OB,
313 5236 389 5312 MA,
403 5236 480 5310 MB,
495 5235 562 5310 ΟΕ,
576 5234 622 5306 Υ;
637 5239 740 5313 prout,
755 5231 821 5292 OC.
858 5230 885 5265 ⁸⁰
897 5229 1100 5308 intellegitur,
1115 5231 1184 5306 OB,
1200 5230 1267 5306 OC,
1283 5230 1357 5304 CM,
1373 5230 1451 5304 MG,
1467 5233 1504 5307 P,
1520 5231 1561 5306 Y,
1578 5233 1651 5294 ΗΒ.
1689 5231 1819 5307 ⁸1enim,

97 5327 117 5360 ⁸
229 5337 306 5412 MA,
323 5337 399 5412 ΜΒ,
416 5337 484 5412 CE,
500 5336 575 5411 CM,
592 5335 670 5408 MG,
687 5335 724 5410 P,
740 5334 812 5394 ΗΒ.
852 5330 937 5392 ³²ius
955 5353 1042 5393 auum
1059 5337 1178 5410 cuique,
1195 5331 1272 5405 MG,
1290 5332 1363 5392 CM.
1404 5330 1543 5394 ”autem
1561 5332 1731 5411 derivatur,
1749 5333 1818 5410 OB,

230 5439 306 5514 MB,
320 5438 397 5513 MA,
411 5437 478 5512 CB,
492 5437 531 5498 Y.
