4432 6336
630 527 691 589 DE
713 528 1018 601 ADQUIRENDO
1040 529 1198 590 RERUM
1221 530 1423 592 DOMINIO
1752 538 1824 613 147

234 706 307 779 pro
322 679 464 756 relevio
478 679 550 756 nisi
566 679 739 757 redditus
756 681 996 780 duplicatus?
1014 681 1150 759 Solvat
1165 683 1236 757 hoc
1252 683 1283 759 si
1300 684 1444 782 poterit
1462 683 1624 782 diligens
1642 693 1681 761 et
1697 685 1824 783 provi·

234 798 306 874 dus
323 798 487 876 curialis.
508 799 612 875 Item
629 823 716 876 cum
734 800 818 898 quis
835 799 990 877 liberius
1009 801 1185 877 dederit¹⁰
1205 827 1321 900 quam
1340 802 1519 891 tenuerit,
1539 811 1694 880 tenetur
1712 829 1824 880 suum
1937 805 1940 812 ’

235 917 444 994 ieoffatum
469 919 720 995 warantizare
747 928 786 995 et
812 919 1020 995 defendere
1047 946 1117 1019 per
1144 919 1341 997 servitium
1368 921 1409 997 in
1436 931 1544 997 carta
1571 921 1823 1012 nominatum,

234 1036 338 1135 quod
357 1037 389 1113 si
407 1036 535 1113 facere
554 1036 719 1114 noluerit
738 1039 800 1113 vel
819 1063 898 1114 non
917 1039 1050 1137 possit,
1069 1038 1247 1116 dominus
1266 1040 1441 1138 capitalis
1462 1066 1502 1116 se
1523 1041 1652 1139 capiat
1672 1040 1722 1116 ad
1744 1041 1824 1118 feo-

234 1156 327 1230 dum
350 1180 463 1232 suum
485 1155 576 1253 quia
598 1182 659 1232 res
682 1157 822 1234 transit
845 1182 933 1234 cum
955 1183 1082 1246 onere,
1106 1168 1146 1235 et
1168 1167 1303 1235 tenens
1326 1159 1447 1235 faciat
1471 1159 1668 1235 servitium
1693 1159 1824 1237 statim

234 1273 354 1349 donec
373 1274 513 1350 habere
533 1275 655 1374 possit
675 1301 891 1372 regressum
911 1302 1043 1353 versus
1064 1303 1177 1352 suum
1198 1287 1425 1353 warantum.
1450 1279 1553 1355 Item
1576 1279 1660 1355 dari
1681 1280 1825 1377 poterit

233 1416 294 1467 res
315 1391 470 1469 liberius
494 1418 610 1491 quam
632 1394 797 1470 donator
818 1395 924 1471 illam
945 1395 1125 1483 tenuerit,
1149 1404 1195 1472 ut
1218 1396 1249 1471 si
1272 1404 1451 1472 teneatur
1473 1396 1656 1473 domino²²
1681 1423 1750 1474 suo
1775 1400 1825 1474 ad

234 1521 381 1589 certum
401 1512 610 1603 servitium,
630 1523 669 1589 et
690 1513 771 1611 ipse
791 1514 940 1590 dederit
960 1514 1000 1589 in
1020 1513 1191 1602 liberam,
1213 1540 1354 1613 puram
1375 1525 1414 1592 et
1435 1525 1666 1616 perpetuam
1686 1516 1824 1594 elemo-

234 1633 357 1710 sinam
374 1635 435 1710 vel
453 1632 493 1707 in
511 1631 674 1708 liberum
692 1631 951 1730 maritagium,
972 1643 1010 1709 et
1029 1657 1117 1708 cum
1136 1659 1195 1709 res
1214 1643 1387 1710 transeat
1406 1657 1494 1711 cum
1514 1660 1640 1724 onere,
1662 1645 1824 1734 propter

232 1753 390 1828 modum
413 1750 629 1827 donationis
653 1774 729 1827 suae
752 1759 907 1826 tenetur
930 1750 1139 1827 feoffatum
1162 1777 1274 1828 suum
1297 1752 1337 1827 in
1360 1752 1497 1828 seisina
1521 1753 1740 1830 defendere.
1766 1755 1825 1829 Et

234 1871 326 1968 quid
345 1870 377 1946 si
395 1870 561 1946 donator
579 1868 793 1946 contrarius
814 1869 864 1945 sit
883 1869 953 1946 sibi
971 1870 1045 1968 ipsi
1064 1869 1104 1945 in
1124 1870 1351 1946 donatione?
1371 1871 1432 1947 Ut
1452 1871 1483 1948 si
1504 1872 1618 1960 dicat,
1638 1873 1706 1949 Do
1727 1872 1823 1950 tait*

234 1987 351 2065 talem
367 2013 448 2066 rem
463 1990 505 2066 ia
519 1988 691 2077 liberam,
707 2012 848 2088 puram
865 1999 904 2065 et
920 1997 1151 2087 perpetuam
1169 1989 1426 2078 elemosinam,
1442 1989 1620 2084 faciendo
1638 1991 1727 2069 iude
1747 1991 1824 2068 tale

232 2107 442 2185 seruitium.
464 2106 522 2184 Et
544 2132 621 2204 quo
643 2132 734 2183 casu
754 2106 875 2183 libera
898 2117 937 2184 et
958 2133 1059 2206 pura
1080 2133 1160 2184 non
1181 2108 1310 2206 potuit
1332 2133 1413 2184 esse
1437 2107 1642 2185 elemosina
1664 2135 1751 2186 cum
1774 2111 1824 2187 sit

234 2225 388 2302 servitio
423 2225 605 2323 obligata.
642 2225 836 2303 Videtur¹⁸
871 2226 1002 2323 igitur,
1040 2226 1121 2302 sine
1156 2226 1376 2325 praeiudicio
1411 2227 1577 2304 melioris
1615 2228 1823 2316 sementim,

233 2344 337 2442 quod
355 2351 491 2420 contra
511 2345 756 2421 donatarium
777 2345 914 2421 debeat
934 2345 1193 2443 interpretari,
1215 2371 1263 2421 ex
1285 2371 1361 2443 quo
1382 2346 1544 2422 scienter
1564 2347 1606 2422 in
1626 2356 1734 2422 carta
1754 2373 1825 2424 sua

233 2461 355 2538 voluit
377 2463 427 2538 ad
449 2462 646 2540 servitium
669 2461 843 2562 obligari.
869 2464 973 2540 Item
996 2464 1028 2540 si
1051 2464 1153 2540 dicat
1175 2464 1352 2553 donator,
1375 2464 1443 2541 Do
1468 2463 1565 2541 tatt‘
1590 2464 1706 2541 lolem
1729 2489 1824 2553 rem,

233 2581 447 2659 habendam
464 2592 503 2659 et
520 2583 725 2659 tenendam
741 2581 783 2658 ia
799 2581 960 2659 liberam
978 2582 1225 2680 marilegium
1243 2607 1330 2658 cum
1348 2582 1428 2671 toli,
1444 2583 1623 2678 faciendo
1640 2583 1729 2661 inde
1747 2586 1823 2661 tale

231 2701 443 2790 seruitium,
462 2701 537 2778 ista
557 2701 634 2777 duo
655 2701 767 2778 simul
788 2710 891 2778 stare
912 2725 991 2777 non
1011 2709 1185 2800 possunt,
1207 2701 1310 2799 quod
1332 2727 1392 2777 res
1413 2703 1507 2778 data
1527 2703 1577 2778 sit
1599 2703 1639 2778 in
1660 2702 1823 2779 liberum

232 2819 492 2916 maritagium,
509 2829 548 2896 et
562 2819 694 2918 quod²⁵
710 2820 799 2896 inde
814 2818 912 2895 fiat¹⁶
928 2819 1151 2916 homagium
1166 2829 1206 2896 et
1222 2819 1420 2896 servitium
1437 2828 1526 2896 ante
1542 2821 1701 2898 tertium
1717 2822 1822 2898 here·

232 2939 321 3017 dem
340 2938 579 3016 inclusivum.
601 2940 659 3015 Et
680 2938 783 3015 unde
804 2938 835 3016 si
857 2937 988 3015 statim
1009 2938 1079 3014 fiat
1099 2938 1321 3036 homagium
1342 2938 1403 3014 vel
1426 2948 1515 3015 ante
1536 2940 1695 3016 tertium
1717 2939 1822 3016 here·

232 3063 320 3138 dem
336 3060 666 3160 quandocumque,
682 3057 904 3155 homagium
920 3065 1101 3156 sequetur
1116 3057 1324 3145 servitium,
1342 3066 1380 3133 et
1397 3057 1450 3133 sic
1466 3083 1538 3156 pro
1555 3058 1734 3156 homagio
1750 3058 1823 3135 erit

231 3177 578 3278 interpretandum.
600 3178 704 3252 Item
723 3177 754 3252 si
773 3177 825 3252 sic
844 3177 1064 3252 convenerit
1083 3176 1184 3252 inter
1204 3177 1430 3253 donatorem
1450 3187 1489 3253 et
1510 3176 1756 3254 donatarium
1775 3201 1824 3252 ne

232 3300 303 3377 fiat
318 3298 475 3376 donatio
491 3301 552 3376 vel
568 3298 749 3387 venditi0,
767 3298 839 3373 nisi
855 3306 1010 3374 tantum
1025 3297 1203 3373 donatori
1220 3297 1282 3373 vel
1299 3298 1378 3373 eius
1396 3297 1537 3387 heredi,
1555 3307 1595 3374 et
1612 3298 1643 3374 si
1660 3296 1822 3374 contra¹⁷

234 3422 383 3498 factum
409 3420 541 3510 fuerit,
570 3445 609 3496 se
637 3417 768 3496 statim
796 3428 885 3518 post
913 3417 1160 3494 traditionem
1188 3416 1360 3516 poterit¹⁸
1388 3418 1581 3495 donator²⁹
1609 3444 1754 3518 ponere
1782 3419 1822 3494 in

232 3542 420 3630 seisinam,
439 3566 528 3617 cum
547 3566 607 3618 res
627 3567 676 3617 ex
695 3539 945 3616 conventione
965 3548 1120 3616 maneat
1140 3539 1327 3638 obligata:
1349 3549 1438 3638 post
1458 3548 1612 3639 tempus
1632 3565 1723 3616 vero
1744 3565 1823 3616 non

231 3672 372 3764 potest,
393 3663 486 3762 quin
506 3662 626 3738 faciat
647 3661 893 3749 disseisinam,
916 3660 1153 3759 negligentia
1173 3660 1274 3737 enim
1295 3659 1489 3736 trahitur²⁰
1512 3662 1562 3736 ad
1583 3686 1821 3738 consensum.

234 3785 277 3860 Si
291 3793 422 3860 autem
437 3782 485 3860 ab
500 3783 608 3859 initio
623 3783 842 3859 convenerit
858 3784 962 3881 quod
978 3807 1018 3857 se
1032 3782 1073 3857 in
1089 3781 1265 3858 seisinam
1281 3807 1424 3880 ponere
1440 3782 1573 3880 possit,
1590 3790 1683 3858 tunc
1699 3782 1822 3858 multo

232 3904 373 3982 fortius
395 3905 489 3981 dum
510 3914 642 3981 tamen
662 3903 925 3980 incontinenti.
951 3903 994 3979 Si
1017 3910 1147 3979 autem
1170 3902 1222 3978 sic
1245 3903 1464 3979 convenerit
1488 3903 1591 4001 quod
1616 3928 1655 3980 se
1678 3928 1822 4002 ponere

232 4024 261 4099 f.
276 4024 371 4118 aab]
426 4024 575 4124 possit²²
598 4025 639 4100 in
663 4023 839 4101 seisinam
861 4049 947 4100 cum
970 4022 1135 4100 voluerit
1157 4032 1197 4100 et
1220 4024 1374 4121 quando
1398 4022 1574 4111 voluerit,
1598 4023 1702 4099 omni
1725 4033 1821 4100 tem·

231 4171 326 4244 pore
349 4171 389 4222 se
412 4171 555 4244 ponere
576 4144 761 4244 poterit,²²
782 4168 870 4221 cum
893 4169 971 4219 non
994 4153 1125 4220 currat
1148 4153 1302 4241 tempus
1326 4152 1461 4219 contra
1485 4144 1623 4242 ipsum,
1647 4169 1693 4220 eo
1717 4143 1821 4242 quod

230 4290 290 4342 res
308 4275 367 4343 est
384 4263 541 4343 taliter¹³
558 4265 741 4362 obligata,
759 4275 798 4342 et
815 4265 878 4340 ille
894 4263 1031 4341 ultimo
1050 4264 1237 4340 feoffatus
1255 4263 1325 4340 sibi
1344 4263 1537 4362 imputare
1555 4264 1698 4362 poterit
1717 4266 1821 4362 quod
1952 4255 1955 4260 ’

230 4413 313 4463 rem
335 4389 388 4463 sic
411 4386 622 4484 obligatam
645 4413 694 4462 ex
717 4387 923 4463 donatione
946 4384 1132 4484 recepit,²‘
1156 4386 1233 4462 sive
1257 4385 1328 4460 hoc
1352 4384 1487 4461 fecerit
1510 4385 1736 4482 ignoranter
1758 4386 1820 4459 vel

231 4507 403 4584 scienter.
429 4508 512 4585 Scit
534 4516 664 4584 autem
685 4507 747 4582 vel
769 4508 863 4584 scire
886 4507 999 4584 debet
1022 4505 1181 4605 quilibet
1204 4507 1270 4604 qui
1292 4505 1483 4583 contrahit
1507 4532 1590 4604 quae
1613 4505 1674 4582 vel
1698 4505 1820 4604 qualis

230 4628 280 4706 sit
296 4654 357 4705 res
375 4654 491 4727 quam
509 4629 658 4727 accipit,
674 4628 795 4704 libera
811 4629 872 4705 vel
889 4653 1010 4716 serva,
1029 4636 1189 4703 onerata
1206 4627 1267 4702 vel
1284 4652 1363 4703 non
1381 4637 1551 4716 onerata,
1570 4627 1742 4725 obligata
1759 4627 1821 4704 vel

231 4845 257 4880 ²⁰
268 4847 400 4924 deflerit,
416 4848 485 4924 OB,
501 4849 577 4923 ΜΒ,
594 4848 660 4908 MA
680 4847 773 4925 (corr.
791 4845 942 4925 dederit).
980 4845 1007 4879 ²¹
1019 4846 1059 4907 de
1074 4845 1208 4918 domino,
1224 4845 1264 4920 V,
1280 4845 1358 4920 MG,
1374 4846 1440 4907 OC.
1479 4844 1506 4878 ²²
1517 4844 1585 4921 tibi,
1602 4846 1643 4920 V,
1659 4846 1735 4919 MA,
1753 4847 1820 4921 OC,

230 4947 302 5008 ΟΜ.
341 4947 471 5023 1'nnnc,
488 4947 737 5027 OB;numqnid,
754 4948 831 5023 MA,
848 4949 924 5022 ΜΒ,
941 4948 1007 5009 ΟΕ.
1046 4945 1152 5021 ¹⁴tibi,
1169 4948 1208 5022 V,
1226 4946 1293 5019 OC,
1311 4947 1387 5021 MA,
1406 4948 1478 5007 ΟΜ.
1518 4945 1637 5023 1¹⁵Om.,
1655 4948 1724 5022 OB,
1744 4949 1820 5023 MA,

230 5049 305 5108 ΜΒ.
347 5047 375 5082 ¹⁶
387 5048 495 5124 iaciat,
514 5048 584 5124 OB,
604 5051 685 5122 MA;
705 5049 794 5126 facit,
815 5051 882 5124 OC,
903 5049 978 5124 ΜΒ.
1020 5046 1254 5123 1'contrarium
1274 5049 1343 5121 OB,
1364 5050 1440 5123 MA,
1461 5050 1538 5125 ΜΒ,
1560 5050 1634 5125 ΜΟ,
1657 5050 1723 5125 ΟΕ,
1746 5051 1819 5111 ΟΜ.

153 5223 154 5226 ¹
230 5145 296 5181 ¹³⁴⁹
307 5153 425 5226 poterit
440 5170 473 5210 se
489 5155 594 5211 statim
610 5149 752 5223 donator,
769 5151 843 5223 OA;
860 5155 977 5228 poterit
992 5169 1026 5211 se
1042 5149 1173 5210 donator
1188 5169 1304 5228 ponere
1326 5149 1362 5226 (i
1374 5149 1438 5226 se),
1455 5152 1538 5223 MG;
1555 5155 1672 5229 poterit
1688 5151 1820 5212 donator

229 5268 263 5308 se
276 5247 402 5327 periere,
417 5250 456 5323 V,
471 5252 546 5326 CM,
560 5251 626 5312 OC.
664 5249 809 5325 ²⁰trahit,
823 5253 893 5326 OB,
909 5253 985 5328 ΜΒ,
1002 5253 1068 5312 MA
1088 5251 1182 5329 (corr.
1199 5250 1326 5328 t-itnr);
1341 5251 1544 5326 contrahitur,
1560 5253 1626 5314 ΟΕ.
1665 5252 1819 5333 ²²poseet,

229 5349 269 5424 V,
282 5351 365 5423 MG;
377 5356 503 5429 poterit,
516 5352 585 5427 OB,
598 5353 674 5427 ΜΒ,
688 5353 754 5426 CE,
767 5353 840 5413 ΟΜ.
875 5351 901 5386 ²²
912 5357 1023 5432 possit,
1035 5354 1080 5426 V;
1093 5357 1241 5433 poterint,
1254 5352 1334 5426 CM,
1348 5360 1505 5433 poterunt,
1519 5355 1595 5416 MG.
1631 5353 1657 5388 ‘⁸
1669 5356 1820 5432 totaliter,

230 5448 309 5523 ΟΜ;
323 5450 520 5525 naturaliter,
536 5453 617 5525 MA;
632 5451 735 5528 aliter,
750 5452 826 5514 MG.
864 5451 891 5486 ²⁴
902 5457 1064 5532 receperit,
1079 5455 1153 5528 0A;
1168 5459 1298 5533 accepit,
1313 5455 1351 5514 V.
