4374 6366
798 508 860 569 DE
883 509 1087 571 PLACITIS
1110 509 1299 571 CORONAE
1773 521 1846 588 408

259 657 457 756 appellum
482 657 616 734 fecerit
641 658 688 734 de
712 667 836 734 morte
861 658 933 734 viri
958 659 1028 746 sui,
1053 685 1132 734 non
1156 669 1311 737 tenetur
1335 661 1507 737 duellum
1532 662 1660 739 facere
1685 674 1849 763 propter

257 802 404 853 sexum.
423 776 630 874 Cogendus
646 785 704 852 est
720 776 841 874 igitur
857 776 1076 875 appellatus
1094 778 1197 876 quod
1214 804 1254 854 se
1270 778 1456 855 defendat
1472 805 1544 878 per
1560 780 1739 879 patriam,
1758 782 1850 880 quia

259 895 361 970 cadit
388 894 559 970 duellum
585 903 747 992 propter
774 919 909 970 sexum
935 894 1156 984 femineum,
1183 906 1222 972 et
1248 896 1304 972 ita
1330 897 1375 973 fit
1402 897 1443 972 in
1471 898 1625 997 appello
1654 899 1702 975 de
1728 909 1847 999 raptu

258 1037 462 1109 vrrgmum.

357 1131 463 1206 Item
477 1129 701 1224 defenditur
716 1129 800 1229 quis
816 1129 863 1206 ab
879 1129 1035 1228 appello
1050 1140 1213 1230 propter
1229 1131 1469 1209 moderniora.

258 1249 370 1324 Iram
388 1247 563 1324 defendit
580 1275 620 1324 se
637 1248 721 1346 quis
739 1249 787 1324 de
803 1250 1028 1326 necessitate
1045 1274 1116 1347 per
1133 1251 1303 1348 patriam
1319 1261 1481 1351 propter
1499 1252 1695 1329 defectum
1713 1278 1846 1354 corpo·

258 1366 309 1443 ris
336 1366 581 1466 appellantis,
607 1365 748 1444 scilicet
773 1375 937 1465 propter
962 1367 1204 1443 mahemium.
1235 1369 1338 1444 Item
1364 1378 1526 1468 propter
1553 1379 1717 1460 atatem,
1744 1381 1789 1448 ut
1817 1372 1848 1448 si

257 1484 476 1583 appellatus
496 1494 648 1562 aetatem
666 1484 874 1573 transierit,
895 1496 939 1561 ut
959 1485 1163 1584 sexaginta
1183 1512 1383 1563 annorum.
1409 1488 1486 1564 Sed
1507 1498 1639 1565 tamen
1660 1489 1711 1564 ibi
1731 1489 1846 1566 habet

258 1603 481 1679 electionem
499 1612 632 1679 utrum
651 1629 691 1679 se
710 1603 916 1679 defendere
936 1603 1028 1680 velit
1047 1630 1117 1703 per
1136 1629 1276 1703 corpus
1296 1607 1357 1681 vel
1376 1632 1448 1704 per
1466 1607 1645 1704 patriam.
1671 1609 1779 1699 <Ut
1800 1609 1847 1685 de

258 1720 394 1797 ultimo
419 1721 554 1796 itinere
578 1721 743 1796 Martini
767 1722 815 1797 de
840 1721 1052 1798 Pateshilla
1076 1723 1117 1797 in
1142 1723 1326 1799 comitatu
1353 1723 1564 1799 Lincolniae
1590 1751 1691 1801 anno
1717 1725 1847 1824 regis⁴⁰

258 1839 423 1915 Henrici
435 1838 593 1927 decimo,
606 1839 707 1915 inter
720 1839 864 1937 placita
875 1865 1035 1928 coronae,
1051 1841 1097 1916 de
1111 1839 1290 1917 Gilberto
1304 1841 1384 1917 filio
1398 1842 1619 1918 Archardi⁶⁰
1635 1852 1673 1919 et
1687 1843 1846 1919 Alano⁶1

258 1956 288 2031 f.
305 1957 397 2050 148]
455 1955 585 2033 Swadi
610 1958 676 2056 qui
700 1957 853 2034 transiit
878 1963 1090 2049 aetatem>
1120 1958 1278 2055 Igitur⁵²
1303 1961 1344 2036 in
1368 1960 1424 2036 bis
1450 1961 1599 2038 casibus
1624 1972 1669 2037 ut
1694 1962 1848 2039 videtur

257 2084 412 2152 tenetur
428 2076 512 2173 quis
529 2101 569 2152 se
587 2076 795 2152 defendere
811 2102 882 2174 per
899 2077 1079 2174 patriam,
1098 2077 1196 2154 tum²
1215 2088 1378 2177 propter
1396 2079 1543 2176 regiam
1561 2079 1790 2178 dignitatem
1809 2090 1847 2158 et

256 2194 535 2292 precedentem
550 2195 901 2293 presumptionem,
918 2204 1003 2271 tum
1019 2204 1182 2294 propter
1199 2222 1334 2272 sexum
1351 2197 1594 2295 appellantis,
1614 2197 1711 2274 tum²
1729 2223 1846 2297 prop-

257 2321 317 2388 ter
334 2312 577 2401 mahemium,
596 2321 681 2388 tum
699 2322 861 2411 propter
879 2322 1042 2390 aetatem.
1064 2315 1142 2390 Sed
1161 2338 1248 2390 cum
1267 2314 1443 2391 dominus
1463 2341 1531 2390 rex
1551 2325 1694 2392 sectam
1714 2315 1847 2392 faciat⁸

256 2456 330 2528 pro
347 2455 442 2529 pace
459 2431 593 2508 suade
611 2430 808 2529 appellato
826 2431 891 2529 qui
908 2456 1075 2530 praesens
1095 2431 1225 2521 fuerit,
1244 2440 1284 2509 et
1301 2431 1398 2531 ipse⁴
1416 2459 1487 2531 per
1504 2433 1788 2532 inquisitionem
1807 2435 1847 2510 in

258 2574 374 2647 quam
401 2575 440 2626 se
466 2549 638 2647 posuerit
665 2549 787 2647 gratis
814 2549 876 2624 vel
903 2549 1046 2625 invitus
1075 2551 1280 2627 damnatus
1309 2549 1361 2626 et⁵
1390 2551 1589 2649 culpabilis
1617 2552 1846 2640 inveniatur,

256 2666 465 2743 videndum
482 2693 559 2765 qua
576 2691 693 2765 poena
709 2667 839 2766 puniri
857 2667 1005 2756 debeat,
1024 2693 1111 2744 cum
1130 2669 1206 2746 sint
1225 2669 1290 2767 qui
1309 2668 1442 2745 dicunt
1461 2670 1564 2768 quod
1583 2668 1712 2768 poena⁸
1732 2693 1846 2769 pecu·

257 2785 390 2874 niaria,
406 2785 562 2883 quidam
577 2787 681 2883 quod
696 2785 832 2862 ultimo
848 2786 1048 2885 supplicio.

356 2903 403 2981 Si
417 2902 553 2980 mulier
567 2927 640 3002 per
654 2905 731 2980 vion
746 2925 943 3003 oppressa.

106 3015 109 3022 λ
258 3020 338 3097 Ur'
358 3023 388 3099 si
406 3021 543 3097 mulier
560 3022 727 3120 pervim
745 3047 931 3122 oppressa
948 3023 1193 3121 pucelagium
1213 3049 1325 3100 suum
1345 3023 1524 3112 amiserit,
1543 3031 1583 3100 et
1602 3048 1691 3099 cum
1710 3026 1758 3101 de
1779 3051 1847 3123 ap·

256 3140 360 3239 pello
372 3166 441 3216 suo
453 3141 641 3229 ceciderit,
655 3141 874 3240 appellatus
887 3167 926 3218 se
938 3142 1110 3253 posuerit
1123 3167 1240 3240 super
1251 3143 1421 3240 patriam
1433 3167 1504 3241 per
1517 3168 1633 3240 quam
1646 3142 1847 3240 culpabilis

257 3285 339 3336 esse
354 3259 582 3348 inveniatur,
600 3260 917 3336 condemnabitur
934 3284 978 3336 ac
996 3259 1026 3337 si
1045 3259 1244 3358 appellum
1261 3260 1516 3358 processisset.
1537 3261 1598 3337 Ut
1617 3261 1665 3336 de
1681 3261 1847 3336 termino

259 3377 392 3452 Sancti
411 3377 597 3454 Michaelis
615 3403 717 3454 anno
735 3377 835 3475 regis
855 3378 1020 3453 Henrici
1038 3386 1147 3455 sexto
1166 3378 1371 3476 incipiente
1389 3378 1564 3477 septimo.

356 3636 422 3712 De
435 3633 631 3712 iadiotatis
644 3659 717 3734 per
730 3634 878 3729 famam
891 3635 1030 3734 patric
1044 3660 1093 3712 ec
1108 3635 1333 3734 suspidoae.

256 3753 437 3828 D1crur1
452 3762 510 3830 est
525 3779 644 3851 supra
656 3754 722 3829 ubi
737 3763 902 3852 apparet
917 3762 1116 3830 accusator
1129 3763 1168 3831 et
1184 3753 1357 3852 sequitur
1371 3764 1410 3831 et
1425 3754 1610 3852 appellat,
1626 3763 1665 3831 et
1680 3754 1727 3830 de
1744 3763 1847 3830 secta

255 3872 357 3970 regis
373 3896 461 3948 cum
475 3870 666 3948 ceciderit⁸
683 3871 891 3970 appellum.
910 3872 1029 3946 Nunc
1045 3881 1175 3948 autem
1191 3872 1394 3949 dicendum
1411 3870 1483 3948 est⁹
1501 3873 1549 3948 de
1565 3871 1758 3948 indictatis
1775 3897 1846 3969 per

256 3990 402 4066 famam
416 3989 553 4088 patriae
566 4015 650 4087 quae
663 3989 1003 4088 praesumptionem
1017 3990 1176 4078 inducit,
1191 4000 1230 4066 et
1244 3990 1306 4064 cui
1321 3991 1503 4067 standum
1518 3999 1576 4066 est
1592 3989 1712 4064 donec
1727 3989 1844 4065 indic·

255 4117 362 4185 tatus
382 4135 421 4185 se
442 4133 466 4182 a
485 4108 554 4185 tali
575 4109 788 4206 suspicione
809 4108 1047 4207 purgaverit.
1070 4109 1138 4183 Ex
1159 4108 1267 4184 fama
1287 4107 1440 4206 quidem
1461 4108 1586 4183 oritur
1607 4106 1783 4205 suspicio,
1806 4114 1846 4182 et

256 4252 304 4302 ex
318 4227 425 4303 fama
439 4236 477 4304 et
492 4227 706 4327 suspicione
719 4226 843 4303 oritur
856 4227 986 4324 gravis
1000 4226 1263 4326 praesumptio,
1279 4236 1410 4303 tamen
1424 4225 1691 4324 probationem
1708 4223 1844 4300 admit-

255 4344 304 4422 tit
317 4345 358 4420 in
370 4345 605 4438 contrarium
621 4345 698 4421 sive
712 4344 995 4443 purgationem.
1013 4344 1190 4442 Suspicio
1205 4344 1359 4442 quidem
1372 4343 1578 4441 multiplex
1593 4369 1673 4420 esse
1688 4342 1843 4441 poterit.

255 4463 453 4562 Imprimis
471 4464 502 4539 si
520 4463 627 4538 fama
644 4464 791 4538 oriatur
808 4463 914 4561 apud
931 4463 1050 4538 bonos
1067 4472 1106 4539 et
1123 4488 1272 4560 graves.
1293 4462 1396 4539 Item
1413 4487 1462 4537 ex
1482 4461 1587 4536 facto
1605 4462 1844 4560 praecedente

255 4580 379 4658 oritur
392 4581 568 4679 suspicio,
582 4580 643 4656 cui
656 4580 773 4658 etiam
787 4582 968 4656 standum
983 4589 1041 4656 est
1055 4581 1176 4656 donec
1190 4581 1376 4679 probetur
1390 4579 1638 4668 contrarium,
1653 4587 1699 4655 ut
1714 4580 1746 4656 si
1761 4578 1844 4677 quis

256 4698 475 4797 appellatus
490 4699 610 4776 fuerit
626 4699 869 4797 aprobatore
883 4709 922 4775 et
938 4697 1084 4795 fugerit
1099 4697 1289 4797 propter¹⁰
1306 4697 1515 4796 appellum,
1532 4708 1571 4774 et
1585 4707 1739 4773 mortuo
1755 4722 1843 4795 pro·

255 4816 388 4893 batore
409 4818 575 4893 redierit.
599 4817 703 4893 Item
724 4817 860 4915 siquis
882 4817 929 4892 de
950 4825 1074 4892 morte
1094 4816 1256 4893 hominis
1278 4816 1339 4892 vel
1361 4815 1437 4892 alia
1458 4815 1603 4891 felonia
1625 4814 1843 4914 appellatus

254 5031 281 5066 ⁴⁰
293 5037 382 5112 regni
401 5036 495 5112 regis,
515 5032 592 5107 MG,
612 5033 677 5094 OC.
720 5030 922 5108 ⁸⁰Archardi,
942 5031 1016 5106 0A;
1037 5031 1141 5109 Arch.‚
1161 5030 1297 5107 Ardiac„
1318 5029 1417 5106 And,
1439 5031 1532 5092 MSS.
1554 5052 1618 5092 var.
1662 5029 1688 5064 ⁵²
1700 5029 1844 5106 Manum,

255 5132 348 5195 MSS.
367 5153 431 5193 var.
470 5132 498 5166 ⁶²
509 5138 593 5207 item,
612 5134 681 5207 OB,
699 5134 775 5208 MA,
794 5135 870 5208 ΜΒ,
889 5133 954 5194 CE.

337 5231 473 5308 ¹tamen,
487 5233 582 5295 MSS.
597 5253 662 5295 var.
697 5231 1023 5308 'tamen,MSS.vor.
1059 5233 1172 5309 ’Μαίη
1188 5234 1266 5309 MG,
1281 5232 1434 5310 CM,OC.
1472 5232 1576 5308 ⁴Om.,
1591 5233 1660 5310 OB,
1677 5235 1752 5310 MA,
1767 5235 1843 5313 ΜΒ,

254 5334 320 5396 CB.
362 5334 635 5410 ⁶ve1,MG,cM.
676 5333 781 5408 ⁶Om.,
800 5336 869 5410 OB,
890 5338 966 5411 MA,
987 5337 1061 5396 ΜΒ.
1103 5333 1169 5411 let,
1188 5335 1228 5409 V,
1248 5334 1315 5396 OB.
1359 5331 1503 5409 'cecidit
1524 5336 1601 5412 MG,
1623 5337 1695 5398 CM.
1739 5335 1843 5411 ⁹Om,

254 5437 323 5513 OA,
339 5437 405 5512 OC,
422 5436 499 5511 MG,
516 5437 589 5498 CM.
627 5435 654 5470 ²⁰
666 5437 746 5511 Om,
763 5435 840 5510 MG,
857 5437 930 5498 CM.
