4432 6340
378 481 451 548 190
909 467 1131 530 BRACTON:
1154 468 1215 529 DE
1238 466 1431 530 LEGIBUS

376 621 517 699 dicitur
536 622 584 697 de
604 621 727 698 fratre
747 627 941 719 postnato,
962 620 1067 719 quod
1086 620 1270 718 procedat
1291 619 1475 695 intereos
1496 617 1611 692 breve
1632 615 1679 693 de
1700 615 1967 714 consanguini-

375 749 470 830 tate,
489 738 550 818 vel
569 739 617 817 de
635 748 753 829 recto,
774 738 984 816 secundum
1004 739 1107 837 quod
1128 737 1339 813 avrrnculus
1359 736 1420 813 vel
1440 735 1560 812 amita
1581 734 1758 812 seisinam
1777 733 1968 811 habuerit¹

376 858 535 957 longam
556 858 617 934 vel
640 857 806 934 brevem.
830 857 889 935 Et
912 856 1016 956 quod
1039 855 1180 932 dicitur
1203 855 1251 932 de
1276 855 1399 932 fratre
1423 861 1606 954 postnato
1627 864 1669 931 et
1693 853 1883 929 avrmculo
1908 851 1969 929 vel

378 978 498 1054 amita
512 976 713 1053 heredibus
732 974 972 1075 propinquis,
990 975 1214 1051 observetur
1231 975 1278 1050 de
1296 972 1471 1050 omnibus
1490 972 1573 1049 aliis
1590 970 1791 1049 heredibus
1809 971 1968 1070 propin-

378 1097 462 1195 quis
479 1097 519 1172 in
534 1119 625 1172 casu
641 1093 838 1171 consimili.

479 1213 587 1308 Quid
598 1213 720 1308 factor
733 1211 910 1290 heredem
924 1211 1252 1311 propinquiorem.

379 1334 491 1409 Irnre
513 1357 626 1408 sexus
647 1331 742 1408 facit
762 1329 941 1407 heredem
962 1329 1289 1429 propinquiorem.
1311 1328 1373 1405 Ut
1394 1328 1426 1405 si
1447 1326 1532 1427 quis
1553 1327 1806 1404 hereditatem
1825 1326 1969 1404 habens

378 1449 569 1550 genuerit²
584 1475 633 1526 ex
650 1475 689 1526 se
706 1449 829 1526 filium
845 1448 898 1525 et⁸
914 1449 1046 1536 liliam,
1062 1446 1195 1524 unam⁴
1211 1447 1272 1523 vel
1289 1445 1432 1546 plures,
1450 1447 1481 1523 si
1499 1471 1630 1522 omnes
1649 1444 1796 1521 fuerint
1812 1445 1969 1521 heredes

379 1568 638 1656 antecessoris,
659 1567 864 1644 masculus⁸
886 1593 1000 1644 sexus
1022 1566 1064 1643 in
1084 1565 1317 1643 successione
1340 1590 1492 1664 semper
1512 1564 1689 1663 praeferri
1711 1563 1825 1641 debet
1848 1561 1969 1640 sexui⁸

378 1687 576 1765 feminino.
592 1688 819 1785 Numquam
833 1686 934 1763 enim
948 1686 998 1762 ad
1013 1684 1286 1762 successionem
1299 1693 1459 1760 vocatur
1474 1682 1619 1759 femina
1634 1681 1818 1781 quamdiu
1834 1681 1970 1780 aliquis

377 1805 486 1882 heres
503 1805 741 1904 superfuerit
756 1830 805 1881 ex
820 1802 1016 1892 mosomo:
1032 1804 1104 1881 nisi
1119 1801 1357 1879 contrarium
1372 1801 1492 1878 faciat
1507 1802 1645 1878 modus
1662 1801 1890 1877 donationis.
1910 1799 1971 1876 Ut

379 1949 481 2002 ecce:
499 1924 636 2023 aliquis
653 1924 721 2001 dat
740 1923 853 1999 alicui
869 1933 1014 2000 terram
1031 1921 1073 1998 in
1088 1921 1337 2020 maritagium
1355 1946 1443 1996 cum
1459 1920 1540 1996 lilia
1558 1946 1627 1996 sua
1646 1929 1685 1997 et
1703 1919 1904 1995 heredibus
1922 1919 1971 1995 de

378 2067 540 2141 corpore
563 2041 710 2118 eorum⁸
734 2041 962 2141 procreatis:
987 2050 1215 2140 procreatur
1237 2039 1329 2127 filia,
1352 2038 1518 2116 moritur
1541 2038 1716 2127 maritus,
1743 2038 1839 2114 alius
1864 2036 1971 2114 ducit

378 2170 542 2238 matrem
560 2162 602 2237 in
620 2186 792 2249 uxorem,
812 2169 974 2259 generat
993 2185 1042 2236 ex
1060 2184 1106 2235 ee
1123 2157 1258 2248 lilium,
1277 2157 1441 2234 moritur
1460 2166 1596 2245 mater,
1617 2157 1697 2233 filia
1717 2156 1971 2255 propinquior

379 2283 452 2360 erit
466 2281 574 2358 heres
589 2288 630 2357 et
644 2279 814 2356 excludit
829 2278 1042 2355 masculum
1057 2304 1080 2354 a
1096 2277 1346 2354 successione:
1364 2285 1404 2353 et
1420 2276 1472 2352 sic
1489 2275 1583 2352 lacit
1600 2275 1737 2350 modus
1754 2274 1971 2350 donationis

380 2400 500 2476 filiam
526 2399 704 2475 heredem
731 2397 1058 2497 propinquiorem,
1086 2403 1125 2471 et
1153 2395 1322 2471 excludit
1350 2420 1373 2469 a
1400 2393 1634 2470 successione
1662 2417 1797 2470 sexum
1823 2417 1971 2468 mascu-

379 2518 514 2595 linum.
535 2518 639 2594 Item
660 2516 795 2593 eodem
815 2516 929 2591 modo
951 2514 1046 2592 facit
1065 2514 1169 2591 linea
1188 2514 1374 2590 feminam
1394 2511 1572 2588 heredem
1593 2511 1909 2611 propinquiorem
1932 2511 1972 2585 in

380 2637 482 2714 linea
503 2645 608 2712 recta
630 2635 933 2722 descendentem,
956 2643 995 2710 et
1017 2632 1187 2709 excludit
1208 2631 1421 2709 masculum
1443 2631 1484 2706 in
1505 2631 1607 2708 linea
1629 2629 1887 2707 transversali.
1911 2628 1973 2705 Ut

383 2757 413 2832 si
436 2755 519 2853 quis
542 2754 662 2830 liliam
683 2753 860 2830 habuerit
882 2754 943 2828 vel
965 2751 1100 2840 filium,
1122 2760 1161 2827 et
1183 2776 1232 2826 ex
1255 2776 1300 2826 eo
1323 2748 1493 2848 neptem⁰
1517 2749 1584 2825 et¹⁰
1608 2750 1784 2837 fratrem,
1808 2747 1890 2822 lilia
1911 2747 1972 2822 vel

382 2873 509 2972 neptis
529 2873 644 2949 fratri
663 2873 872 2972 praefertur
890 2870 930 2946 in
950 2869 1183 2948 successione
1203 2877 1366 2967 propter
1385 2869 1526 2944 lineam
1546 2875 1692 2944 rectam
1711 2893 1795 2965 quae
1815 2866 1972 2964 praefer·

382 3001 449 3068 tur
462 2991 721 3068 transversali.
741 2992 844 3066 Item
860 2989 1018 3086 sanguis
1035 2987 1130 3064 lacit
1146 2987 1324 3063 heredem
1341 2985 1667 3086 propinquiorem,
1685 2994 1724 3060 et
1742 2985 1800 3062 ius
1819 2983 1973 3082 sangui·

383 3111 442 3187 nis
459 3110 629 3186 excludit
646 3109 860 3186 masculum
878 3118 917 3185 et
936 3107 1096 3206 praefert
1115 3106 1310 3182 feminam.
1331 3105 1392 3181 Ut
1411 3129 1512 3181 ecce:
1533 3104 1669 3203 aliquis
1688 3103 1793 3179 ducit
1814 3127 1974 3179 uxorem

383 3240 422 3307 et
440 3255 489 3305 ex
506 3255 553 3305 ea
568 3236 729 3328 generat
746 3226 869 3303 filium
887 3236 926 3303 et
944 3225 1076 3313 filiam,
1096 3234 1134 3301 et
1152 3223 1333 3300 mortua²¹
1352 3249 1399 3299 ea
1416 3232 1552 3321 postea
1571 3222 1675 3298 ducit
1696 3222 1811 3297 aliam
1830 3222 1878 3299 de
1897 3246 1976 3320 qua

383 3357 544 3447 generat
563 3346 704 3423 filium:
724 3353 878 3421 mortuo
897 3353 1030 3443 partre
1051 3342 1244 3420 descendit
1264 3341 1454 3418 hereditas
1475 3341 1555 3416 filio
1576 3349 1760 3416 antenato
1780 3340 1828 3415 de
1849 3339 1975 3438 prima

383 3491 517 3555 uxore,
541 3464 706 3541 moritur
731 3463 881 3540 seisitus
906 3463 986 3538 sine
1011 3461 1150 3538 herede
1175 3461 1223 3538 de
1249 3487 1300 3549 se,
1326 3460 1503 3537 dominus
1529 3459 1704 3557 capitalis
1731 3485 1771 3535 se
1798 3458 1909 3556 ponit
1935 3458 1976 3533 in

385 3583 573 3671 seisinam,
592 3608 700 3660 soror
717 3582 764 3658 de
782 3582 915 3657 eodem
933 3589 1046 3679 patre
1065 3589 1103 3657 et
1123 3579 1256 3655 eadem
1272 3588 1396 3655 matre
1414 3577 1513 3678 petit
1532 3603 1603 3676 per
1622 3576 1779 3653 assisam
1798 3575 1975 3653 seisinam

386 3703 520 3780 fratris
537 3700 607 3790 sui,
626 3711 666 3778 et
685 3701 810 3776 frater
826 3700 874 3776 de
893 3699 968 3775 alia
985 3724 1106 3775 uxore
1126 3697 1259 3774 eodem
1277 3697 1408 3773 modo:
1430 3722 1537 3772 soror
1557 3695 1605 3773 de
1624 3695 1757 3772 eodem
1776 3704 1889 3792 patre
1907 3692 1975 3770 et²²

385 3819 547 3898 esdem²⁸
574 3828 698 3895 matre
725 3816 923 3906 obtinebit,
953 3816 1076 3892 etius
1105 3815 1302 3913 sanguinis
1330 3816 1544 3891 masculum
1571 3814 1752 3890 excludit.
1784 3815 1888 3890 Item
1916 3814 1975 3889 ius

384 3938 582 4038 sanguinis
614 3938 747 4014 eodem
777 3937 893 4012 modo
926 3935 1021 4011 facit
1051 3934 1229 4010 heredem
1261 3932 1588 4033 propinquiorem,
1621 3942 1660 4009 et
1692 3932 1862 4009 excludit
1894 3941 1977 4008 tam

385 4085 520 4137 sexum
540 4054 823 4135 masculinum¹⁴
845 4080 869 4130 a
892 4053 1125 4130 successione
1149 4078 1266 4151 quam
1289 4050 1481 4128 aetatem.²⁸
1504 4050 1625 4127 Verbi
1649 4051 1794 4150 gratia:
1819 4049 1976 4149 quidam

385 4176 526 4254 duxit²⁸
551 4176 592 4252 in
616 4200 777 4251 uxorem
802 4173 998 4272 quandam
1023 4181 1063 4248 et
1086 4196 1136 4245 ex
1162 4196 1207 4246 ea
1232 4178 1394 4268 generat
1420 4169 1543 4246 filium
1568 4167 1656 4245 vel²²
1682 4169 1814 4258 filiam,
1841 4177 1977 4267 postea

384 4305 539 4374 mortua
558 4294 684 4394 prima
702 4317 824 4369 uxore
844 4291 949 4368 ducit
968 4290 1083 4366 aliam
1103 4290 1151 4366 de
1169 4314 1246 4388 qua
1265 4297 1426 4386 generat
1447 4287 1570 4364 filium
1588 4297 1629 4364 et
1649 4287 1785 4364 filiam:
1806 4286 1908 4364 filius
1929 4286 1977 4362 de

387 4414 553 4491 secunda
577 4438 698 4488 uxore
722 4409 818 4488 facit
842 4406 1137 4508 perquisitum,¹⁸
1161 4407 1326 4482 moritur
1350 4406 1430 4482 sine
1454 4405 1592 4482 herede
1618 4407 1665 4483 de
1691 4431 1742 4494 se,
1768 4430 1876 4483 soror
1901 4403 1976 4480 de¹⁰

469 4586 668 4662 ²habuerint,
683 4587 752 4663 OA,
768 4585 837 4660 OB,
853 4583 920 4660 OC,
936 4584 1011 4658 MC,
1026 4581 1103 4657 MA,
1118 4583 1159 4658 Y,
1175 4581 1242 4657 ΟΕ,
1260 4583 1339 4656 CM3
1356 4580 1479 4657 habeat,
1496 4581 1572 4643 MG.
1612 4580 1668 4642 ²et
1683 4601 1808 4642 uxorem
1825 4583 1977 4660 genuerit,

386 4690 431 4765 V3
451 4698 483 4752 et
500 4693 653 4770 genuerit,
670 4688 738 4765 LA,
756 4688 820 4748 MC
844 4683 1005 4763 (habuit)3
1025 4693 1057 4746 et
1075 4681 1190 4746 liberor
1209 4687 1353 4763 genuerit
1371 4683 1489 4744 seilicet
1509 4681 1616 4757 fillum,
1636 4682 1702 4745 OC.
1743 4681 1828 4757 ³vel,
1848 4683 1888 4758 V,
1907 4682 1978 4757 OB,

387 4793 465 4868 MG,
483 4792 557 4853 cM.
597 4789 724 4866 ⁴unum,
742 4788 811 4863 OA,
829 4788 897 4863 LA,
915 4787 990 4861 MC,
1008 4787 1064 4848 OC
1087 4785 1182 4863 (unua
1199 4807 1228 4847 v.
1247 4783 1311 4864 p.)
1351 4783 1572 4861 “masculinum
1591 4784 1684 4846 MSS.
1704 4805 1785 4845 van·
1777 4780 1978 4857 ,masculini,

387 4895 467 4968 MC;
487 4892 699 4966 masculinum,
718 4890 786 4952 OA
828 4887 939 4963 ‘serm
958 4887 1026 4963 OC,
1045 4887 1122 4950 MG.
1165 4885 1368 4963 'maacuhnq
1390 4887 1467 4960 ΜΒ,
1487 4887 1555 4963 CE,
1577 4887 1644 4961 LA,
1665 4886 1738 4947 MC.
1783 4884 1888 4962 ⁸Om.,
1909 4885 1978 4961 OB,

387 4996 464 5073 MA,
484 4996 561 5069 ΜΒ,
580 4993 663 5067 MG3
682 5012 818 5065 suorum,
837 4990 917 5062 CM3
936 5009 1002 5064 suo,
1021 4989 1060 5062 V,
1080 4989 1119 5050 Y.
1161 4987 1339 5067 'nepotem
1359 4989 1399 5064 V,
1419 4989 1496 5062 MA,
1516 4988 1556 5064 Y,
1576 4990 1653 5064 ΜΒ,
1675 4987 1740 5048 CE.
1782 4985 1881 5062 ²⁰vel,
1902 4986 1979 5061 MA,

389 5098 465 5172 ΜΒ,
478 5098 546 5172 OC,
560 5095 638 5169 MG,
651 5095 692 5169 Y,
706 5093 779 5154 CM.
815 5091 841 5126 ²¹
854 5090 948 5151 filiam
962 5096 1094 5167 mortus,
1108 5090 1176 5166 LA,
1190 5089 1265 5163 MC,
1279 5088 1347 5150 OB.
1384 5087 1638 5166 ²'²¹⁸eademqne,
1654 5088 1723 5163 OA,
1738 5087 1806 5163 OC,
1821 5088 1888 5164 ΟΕ,
1904 5088 1977 5149 MC.

387 5197 414 5233 ¹⁴
425 5197 603 5270 masculum,
622 5193 718 5257 MSS.
738 5213 804 5255 var.
846 5189 1077 5268 ²⁵femininum,
1097 5189 1191 5264 V3'
1163 5211 1218 5261 no,
1240 5189 1333 5254 MSS.
1376 5187 1403 5224 ¹⁶
1415 5189 1511 5266 ducit,
1532 5191 1601 5267 OA,
1621 5190 1689 5264 LA,
1710 5191 1786 5267 MC,
1807 5190 1874 5266 OC,
1897 5189 1977 5261 MB3

388 5299 487 5374 duxit,
506 5297 575 5373 OB,
595 5296 672 5372 MA,
692 5295 760 5372 CB,
779 5295 821 5369 Y,
841 5293 920 5370 MG,
939 5293 1013 5355 cM.
1054 5291 1136 5367 uet,
1157 5292 1224 5367 OC,
1246 5291 1322 5353 MG.
1365 5289 1391 5325 ²⁸
1404 5289 1601 5369 adquisitum,
1622 5290 1663 5366 V,
1683 5290 1751 5365 OB,
1773 5291 1849 5352 ΜΒ.
1892 5287 1920 5326 ²⁹
1930 5309 1979 5365 ex,

388 5402 458 5476 OA,
473 5401 540 5475 LA,
555 5399 623 5474 00,
639 5398 712 5459 MC.
