4374 6366
778 481 839 542 DE
862 482 1066 546 PLACITIS
1090 483 1279 547 CORONAE
1751 494 1825 569 875

236 635 282 702 ut
304 626 480 703 omnibus
503 631 735 728 respondeat
758 632 823 731 qui
846 659 979 710 versus
1003 660 1091 711 eum
1114 635 1219 734 loqui
1241 636 1445 725 voluerint,
1470 637 1560 736 quia
1585 637 1716 714 statim
1740 664 1827 715 cum

237 745 432 822 convictus
447 746 567 824 fuerit
579 773 650 846 per
663 749 897 847 utlagariam
910 751 1044 851 incipit
1058 753 1116 830 ius
1130 779 1279 830 merum
1293 755 1434 831 reverti
1447 756 1497 832 ad
1513 755 1711 832 dominum
1724 758 1826 856 capi-

236 862 367 951 talem,
382 865 473 963 quia
486 890 575 942 cum
589 867 716 944 felone
732 869 892 946 ulterius
908 896 1105 948 remanere
1121 898 1199 947 non
1212 873 1368 970 poterit,
1386 882 1424 950 et
1439 873 1528 950 talis
1545 873 1763 951 restituitur
1778 876 1828 951 ad

237 981 406 1080 gratiam
422 983 501 1060 sine
517 985 736 1083 praeiudicio
753 986 952 1063 alicuius.²⁹
970 988 1073 1065 Item
1090 999 1180 1066 sunt
1198 990 1354 1088 quidam
1371 992 1437 1090 qui
1454 992 1605 1068 restitui
1623 992 1763 1068 debent
1780 993 1828 1069 de

236 1100 319 1178 iure
337 1102 387 1177 ad
404 1126 540 1201 pacem
556 1104 597 1180 in
614 1105 717 1179 omni
735 1105 853 1181 casu²⁰
870 1116 910 1182 et
928 1106 1005 1183 ad²²
1024 1107 1163 1197 omnia,
1182 1108 1270 1185 licet
1290 1109 1436 1186 fuerint
1455 1110 1632 1208 utlagati,
1653 1110 1828 1187 videlicet

237 1219 303 1294 ubi
317 1219 512 1317 utlagaria
524 1221 634 1298 nulla
646 1222 730 1321 ipso
745 1224 839 1314 iure,
854 1224 926 1300 ut²²
942 1225 974 1301 si
989 1226 1095 1301 facta
1110 1226 1230 1303 fuerit
1245 1236 1380 1303 contra
1394 1227 1519 1325 legem
1534 1238 1647 1304 terrae
1663 1238 1702 1305 et
1718 1230 1828 1328 regni

237 1340 563 1430 consuetudinem,
578 1349 617 1416 et
631 1339 742 1417 aliter
755 1368 871 1441 quam
886 1344 933 1421 de
946 1342 1056 1420 iure'⁸
1071 1344 1153 1420 fieri
1168 1344 1324 1422 deberet
1338 1345 1426 1421 vel²⁴
1442 1345 1549 1422 alibi:
1565 1345 1693 1436 alibi,²⁸
1708 1355 1754 1422 ut
1769 1345 1827 1423 si²⁶

237 1466 350 1534 extra
361 1458 587 1535 comitatum
600 1460 661 1535 vel
675 1458 888 1537 Londoniae
901 1471 1013 1538 extra
1026 1462 1277 1560 hustengum:
1293 1463 1415 1553 aliter,
1431 1463 1561 1563 quod²²
1578 1463 1732 1563 quidem
1747 1489 1828 1541 esse

238 1576 381 1675 poterit
400 1577 532 1654 multis
551 1578 686 1667 modis,
707 1588 751 1655 ut
772 1580 803 1656 si
824 1589 914 1656 ante
935 1580 1112 1678 quintum
1132 1582 1368 1657 comitatum.
1392 1582 1496 1659 Item
1516 1583 1547 1659 si
1568 1583 1609 1657 in
1630 1583 1826 1672 comitatu,

237 1705 369 1772 tamen
386 1697 435 1773 ad
451 1697 593 1774 nullius
611 1705 755 1774 sectam
771 1699 872 1795 regis
889 1698 950 1775 vel
968 1699 1140 1797 parentis
1158 1700 1218 1776 vel
1237 1699 1358 1776 amici.
1378 1700 1436 1777 Et
1454 1701 1484 1776 si
1504 1710 1608 1778 secta
1625 1700 1676 1775 ibi
1696 1702 1827 1788 fuerit,

236 1822 369 1890 tamen
382 1812 446 1892 ille
459 1815 524 1913 qui
539 1814 739 1913 utlagatus
752 1815 838 1892 est²⁸
854 1817 931 1893 fuit
945 1816 1051 1893 infra
1064 1826 1227 1893 aetatem.
1247 1818 1349 1893 Item
1365 1843 1452 1894 cum
1467 1818 1531 1895 ille
1546 1819 1612 1917 qui
1628 1818 1827 1917 utlagatus

237 1948 296 2014 est
313 1937 443 2014 venire
461 1963 541 2013 non
558 1937 698 2035 potuit,
719 1937 810 2036 quia
829 1947 919 2014 ante
937 1938 1218 2035 utlagationem
1239 1965 1279 2014 se
1298 1939 1428 2037 posuit
1448 1939 1490 2014 in
1509 1938 1733 2038 prisonam²'
1754 1964 1827 2039 pro

239 2059 344 2135 facto
358 2058 424 2134 illo
436 2059 497 2134 vel
513 2058 598 2135 alio.
615 2058 718 2134 Item
732 2083 820 2134 cum
835 2059 882 2135 de
897 2059 1002 2134 facto
1017 2059 1082 2134 illo
1096 2059 1316 2158 appellatus
1332 2060 1408 2136 fuit
1423 2069 1462 2137 et
1477 2061 1739 2159 interrogatus
1754 2086 1827 2159 pro

238 2182 344 2257 facto
355 2206 435 2256 uno
446 2180 487 2256 in
499 2206 576 2256 uno
588 2179 774 2256 comitatu
787 2180 835 2257 ab
848 2207 937 2270 uno,
952 2206 991 2257 se
1004 2181 1207 2257 defendit⁸⁰
1221 2183 1261 2258 in
1275 2183 1350 2257 alio
1363 2183 1549 2258 comitatu
1563 2208 1694 2258 versus
1708 2182 1828 2259 alium

237 2303 500 2403 appellantem
513 2304 561 2379 de
573 2305 706 2379 eodem
719 2304 836 2393 facto,
851 2314 890 2381 et
901 2304 1033 2380 multis
1046 2305 1168 2381 modis
1183 2305 1277 2380 aliis.
1293 2305 1396 2380 Item
1409 2305 1600 2403 inlagari⁸²
1616 2306 1729 2382 debet
1742 2304 1827 2404 quis

238 2424 346 2501 sine⁸²
362 2425 454 2502 iuris
471 2425 622 2515 iniuria,
639 2425 727 2503 licet
743 2451 823 2501 non
840 2426 891 2501 ad
907 2425 1185 2503 hereditatem³⁸
1204 2452 1274 2501 nec
1292 2428 1341 2503 ad
1359 2427 1511 2515 catalla,
1529 2426 1595 2503 ubi
1614 2427 1722 2503 nulla
1740 2427 1826 2504 sub

237 2548 315 2624 fuit
332 2571 449 2624 causa
466 2548 716 2646 utlagationis
734 2547 917 2625 omnino⁸⁴
937 2548 1009 2625 nisi
1027 2550 1131 2647 quod
1150 2549 1228 2625 fuit
1246 2549 1502 2639 meticulosus,
1522 2560 1561 2627 et
1581 2550 1633 2625 sic
1652 2549 1827 2626 nullam⁸⁵

237 2697 319 2747 rem
331 2670 470 2747 timens
483 2671 675 2748 subtraxit
689 2697 740 2760 se,
754 2672 815 2747 vel
829 2671 920 2770 quia
934 2671 1016 2770 ipse
1030 2672 1094 2770 qui
1108 2672 1271 2748 interfici
1287 2672 1418 2748 debuit
1433 2672 1510 2748 iam
1526 2682 1692 2771 apparet
1705 2672 1826 2761 vivus,

237 2803 277 2869 et
298 2793 526 2869 huiusmodi.
550 2794 609 2870 Et
632 2793 673 2869 in
695 2793 766 2869 hoc
788 2818 879 2869 casu
903 2795 1111 2870 denotatur
1135 2794 1193 2871 ius
1217 2804 1256 2871 et
1281 2819 1358 2870 non
1381 2795 1520 2892 gratia.
1549 2795 1652 2870 Item
1677 2794 1827 2871 restitui

238 2926 367 3016 potest
387 2917 435 2992 de
454 2915 593 3014 gratia,
613 2917 680 2992 sed
701 2916 846 2992 nonde
867 2917 949 2993 iure
970 2916 1020 2991 ad
1040 2941 1175 3015 pacem
1196 2924 1362 3006 tantum,
1384 2925 1423 2993 et
1444 2942 1522 2991 non
1544 2915 1621 2992 ad⁸⁶
1643 2916 1718 2992 alia
1739 2941 1828 2992 cum

237 3039 311 3115 rite
330 3037 450 3115 fuerit
469 3040 680 3136 utlagatus,
701 3038 799 3115 sicut
819 3047 877 3114 est
896 3038 959 3115 ille
979 3039 1044 3137 qui
1064 3037 1256 3114 hominem
1276 3039 1457 3115 interficit
1478 3065 1549 3137 per
1569 3038 1827 3114 infortunium

237 3171 277 3238 et
291 3160 397 3236 non⁸'
415 3186 463 3238 ex
480 3162 583 3237 mala
597 3161 809 3250 voluntate,
828 3162 919 3260 quia
933 3161 1112 3237 voluntas
1131 3169 1170 3238 et
1188 3162 1431 3261 propositum
1447 3160 1693 3258 distinguunt
1710 3162 1826 3237 male·

237 3284 335 3360 ficia.
361 3284 403 3361 si
426 3283 510 3383 quis
534 3292 663 3360 autem
685 3310 756 3383 per
778 3284 962 3360 feloniam
984 3293 1024 3361 et
1045 3283 1086 3360 in
1109 3284 1257 3360 assultu
1279 3283 1545 3382 praemeditato
1569 3283 1687 3359 alium
1710 3283 1826 3360 inter-

237 3402 411 3494 fecerit,⁸⁸
423 3405 511 3483 talis
524 3431 735 3506 numquam
747 3408 794 3483 de
807 3408 889 3483 iure
902 3406 1051 3483 restitui
1064 3405 1220 3482 deberet
1232 3404 1386 3482 necde⁸⁹
1396 3403 1827 3504 gratiaquiacumtali·

236 3529 307 3606 bus
320 3529 429 3605 nulla
441 3530 570 3627 gratia
583 3528 799 3616 facienda,‘⁰
813 3556 861 3606 ne
874 3529 962 3606 talis
972 3528 1100 3626 gratia
1110 3529 1192 3604 aliis
1202 3527 1371 3626 praebeat
1382 3528 1581 3604 audaciam
1591 3525 1827 3604 consimilia*1

237 3651 500 3751 perpetrandi,
519 3652 608 3750 quia
627 3651 792 3728 facilitas
810 3651 928 3727 veniae
946 3660 1123 3727 etcetera.
1143 3652 1257 3728 Facit
1275 3661 1406 3728 tamen
1425 3677 1493 3726 rex
1513 3650 1720 3749 aliquando
1739 3675 1827 3748 gra·

236 3773 333 3850 tiam
346 3774 488 3851 talibus
504 3775 570 3850 sed
585 3784 720 3850 contra
734 3774 931 3862 iustitiam,
948 3799 1035 3849 cum
1052 3774 1102 3849 ad
1118 3783 1260 3850 sectam
1277 3799 1385 3849 suam
1402 3772 1549 3848 fuerint
1565 3771 1743 3871 utlagati,
1761 3771 1828 3848 sed

235 3906 367 3972 tamen
381 3906 427 3973 ut
442 3895 645 3973 omnibus⁴²
661 3897 931 3995 respondeant.
950 3898 1053 3972 Item
1068 3905 1150 3972 esto
1166 3897 1269 3994 quod
1286 3895 1387 3972 filius
1404 3903 1609 3970 antenatus
1627 3895 1825 3990 utlagatus

236 4019 266 4093 f.
284 4016 402 4112 raab]
457 4017 498 4095 in
515 4019 595 4094 vita
614 4017 736 4117 patris
755 4018 816 4094 vel
835 4018 992 4094 alterius
1012 4017 1258 4094 antecessoris
1279 4017 1399 4092 fuerit
1418 4016 1624 4114 inlagatus,
1644 4024 1683 4093 et
1703 4016 1755 4091 sic
1776 4015 1826 4090 ad

237 4164 372 4239 pacem
387 4141 529 4217 domini
543 4141 644 4238 regis
659 4140 946 4240 expectaverit⁴⁸
961 4150 1125 4217 mortem
1140 4139 1387 4216 antecessoris
1401 4137 1471 4226 sui,
1486 4163 1556 4213 nec
1569 4139 1641 4215 iste
1657 4139 1706 4214 ad
1722 4137 1826 4214 here-

238 4263 399 4340 ditatem
413 4263 649 4340 admittetur.
666 4265 769 4339 Item
781 4288 868 4339 cum
881 4263 1075 4361 inlegatus
1091 4261 1210 4339 fuerit
1223 4263 1293 4337 tali
1306 4262 1421 4337 modo
1435 4259 1565 4358 quod*⁴
1580 4257 1755 4335 omnibus
1768 4285 1826 4335 re·

238 4387 438 4484 spondeat,
456 4394 494 4461 et
512 4410 550 4460 se
567 4386 669 4461 forte
687 4385 904 4461 defenderit
921 4411 991 4484 per
1008 4411 1147 4484 corpus
1165 4385 1225 4460 vel
1243 4409 1314 4483 per
1332 4383 1511 4482 patriam,
1529 4405 1599 4458 nec
1618 4381 1742 4457 adhuc
1761 4380 1842 4496 ιιᾶ-κ

237 4601 264 4637 ¹⁹
276 4603 415 4679 alterius,
438 4603 509 4676 CB;
532 4603 659 4666 alterius
683 4605 822 4678 alicuius,
845 4603 883 4663 V.
927 4602 1070 4679 ²⁰ceusa,
1093 4604 1171 4679 MG,
1194 4604 1267 4663 CM.
1313 4600 1431 4677 ²¹Om.,
1454 4601 1524 4675 OB,
1547 4600 1622 4660 MA.
1668 4597 1733 4632 ²²²²²
1746 4597 1827 4673 Om,

238 4705 316 4778 MG,
330 4705 402 4766 CM.
428 4703 454 4737 ²⁴
466 4712 510 4779 ut,
524 4704 601 4778 MG,
617 4706 691 4778 CM,
705 4705 771 4766 OC.
798 4703 824 4737 ²⁵
836 4705 917 4780 Om.,
931 4705 1008 4780 MA,
1023 4704 1101 4778 MG,
1116 4703 1190 4778 CM,
1205 4706 1278 4777 OC;
1293 4706 1347 4774 sic,
1362 4703 1431 4778 OA,
1446 4702 1516 4777 OB,
1530 4702 1598 4777 LA,
1612 4702 1679 4777 CE,
1695 4702 1734 4776 Y,
1751 4700 1825 4761 MC.

238 4802 452 4880 ²⁶0m.,MG,
472 4805 628 4878 CM,OC.
668 4803 694 4838 ²⁷
706 4805 787 4881 Om,
805 4805 872 4865 OB.
914 4804 940 4837 ²⁸
952 4805 1033 4881 Om,
1051 4803 1118 4877 CE,
1136 4806 1205 4880 OB,
1224 4805 1300 4878 MB,
1320 4805 1358 4865 Y.
1400 4801 1576 4880 ²⁹prisona,
1596 4803 1635 4878 V,
1656 4802 1732 4876 MG,
1752 4802 1825 4861 CM.

237 4903 264 4938 ⁸⁰
275 4904 462 4980 defenderit,
483 4906 560 4981 MG,
582 4907 657 4980 CM,
676 4906 742 4967 OC.
784 4905 968 4984 ”utlagati,
987 4905 1056 4980 OB,
1077 4906 1153 4980 MA,
1174 4906 1241 4981 CE,
1261 4905 1300 4965 Y.
1343 4903 1453 4980 ⁸²non,
1474 4905 1542 4979 OB,
1564 4904 1640 4977 MA,
1662 4904 1738 4978 ΜΒ,
1760 4902 1826 4978 CB,

237 5007 276 5066 Y.
312 5005 338 5040 ⁸⁸
350 5007 488 5081 heredes,
501 5008 570 5082 OA,
585 5008 652 5081 CE,
667 5008 707 5084 Y,
720 5007 790 5082 OB,
805 5007 881 5082 MA,
897 5009 978 5080 MB;
993 5006 1108 5081 bered.,
1123 5007 1188 5067 LA.
1226 5005 1251 5039 ⁸⁴
1263 5006 1344 5082 Om,
1359 5007 1428 5081 OB,
1444 5007 1520 5082 MA,
1535 5007 1617 5078 MB;
1633 5009 1744 5078 animo,
1759 5003 1825 5064 LA.

237 5106 316 5168 ⁸“ad
330 5108 458 5182 nullam,
473 5108 550 5183 MG,
565 5108 640 5183 CM,
654 5109 719 5170 OC.
755 5105 781 5140 ⁸⁶
794 5107 875 5182 Om.,
888 5106 957 5180 OA,
972 5110 1041 5183 OB,
1057 5109 1132 5181 MA,
1149 5109 1224 5180 ΜΒ,
1240 5107 1307 5182 CE,
1323 5108 1397 5183 CM,
1413 5107 1486 5166 MC.
1523 5104 1548 5140 ³²
1561 5106 1641 5182 Om,
1657 5106 1733 5180 MA,
1750 5104 1827 5181 MB,

239 5207 305 5283 CE,
321 5209 361 5284 Y,
381 5209 437 5286 (-{-
450 5208 538 5287 OB).
577 5207 603 5242 ⁸⁸
614 5207 771 5282 interficit,
788 5209 866 5284 MG,
882 5211 955 5270 CM.
994 5207 1020 5242 ⁸⁹
1031 5209 1113 5285 Om,
1129 5208 1199 5283 OA,
1214 5208 1292 5283 MG,
1309 5208 1381 5270 CM.
1421 5206 1448 5241 ⁴⁰
1461 5207 1605 5269 iacienda
1621 5216 1678 5284 eat,
1696 5208 1735 5284 V,
1752 5208 1825 5268 MC.

237 5307 264 5341 ⁴²
276 5307 474 5384 consimilem,
489 5309 561 5381 OC;
578 5308 748 5384 consilium,
766 5309 843 5384 MG,
860 5311 932 5370 CM.
970 5308 997 5342 ⁴²
1008 5315 1041 5370 in
1056 5309 1207 5384 omnibus,
1224 5308 1293 5383 OB,
1309 5311 1384 5370 ΜΒ.
1422 5308 1449 5342 ⁴⁸
1462 5313 1646 5388 expectavit,
1664 5310 1733 5385 OB,
1751 5310 1827 5385 MA,

238 5408 305 5484 ΟΕ,
320 5410 365 5482 Υ;
380 5416 556 5487 expectant,
571 5410 646 5470 ΜΒ.
683 5407 710 5441 ⁴⁴
721 5417 756 5470 ut
771 5417 812 5483 et,
828 5411 872 5483 V;
889 5418 932 5485 ut,
948 5412 993 5484 Y;
1009 5429 1079 5488 pro,
1095 5411 1167 5472 CM.
