4392 6352
365 463 440 531 358
897 455 1121 518 BBACTON:
1144 455 1205 516 DE
1229 455 1421 518 LEGIBUS

367 604 448 682 sine
466 605 685 705 praeiudicio
704 605 872 681 alterius.
892 605 949 682 Et
967 630 1056 682 cum
1073 605 1161 682 talis
1180 605 1299 682 fuerit
1317 605 1532 695 restitutus,
1550 605 1642 682 non*
1662 606 1888 684 restituetur
1907 609 1958 684 ad

366 723 506 812 omnia,
523 733 685 823 propter
700 723 934 822 utlagariam
950 725 1022 799 rite
1039 724 1185 801 factam
1201 733 1241 801 et
1257 725 1466 801 secundum
1484 725 1608 822 legem
1625 735 1749 803 terrae.

468 846 569 940 Quo
581 847 656 924 dici
668 847 811 946 poterit
825 847 933 924 nollo
946 857 985 924 ct
999 847 1137 947 quibos
1151 847 1376 936 rationibus,
1391 849 1481 947 quio
1496 850 1622 926 minua
1636 851 1709 926 rite
1723 849 1841 944 foeta

367 969 520 1045 Numa
538 995 629 1046 vero
646 969 790 1069 poterit
807 971 902 1047 esse⁸
918 972 1124 1071 utlagaria,
1141 979 1187 1047 ut
1205 973 1235 1049 si
1253 972 1338 1071 quis
1356 973 1396 1048 in
1414 973 1600 1049 comitatu
1618 974 1818 1072 utlagatus
1838 973 1957 1051 luerit

367 1087 449 1164 sine
469 1097 583 1176 secta,
605 1097 644 1165 et
664 1114 742 1165 non
764 1090 885 1166 refert
906 1099 1038 1166 utrum
1058 1090 1214 1166 omnino
1236 1091 1345 1166 nulla
1365 1090 1414 1168 sit
1435 1100 1540 1168 secta
1560 1092 1621 1167 vel
1643 1092 1798 1191 incepta
1818 1102 1857 1169 et
1879 1117 1957 1168 non

366 1209 554 1309 perfecta,
575 1217 620 1284 ut
640 1207 671 1284 si
691 1208 845 1307 incepta
864 1218 903 1285 et
924 1208 1171 1307 postmodum
1191 1209 1331 1286 omissa
1351 1219 1390 1286 et
1412 1209 1599 1308 neglecta,
1622 1211 1713 1310 quia
1734 1211 1785 1286 ad
1805 1210 1957 1308 utlaga·

366 1325 525 1404 tionem⁰
548 1351 627 1402 non
648 1327 879 1425 procedetur
901 1327 981 1404 sine
1004 1336 1118 1403 secta.
1143 1328 1248 1404 Item
1270 1327 1379 1403 nulle
1401 1329 1432 1404 si
1457 1337 1545 1426 post
1569 1329 1643 1404 iter
1666 1327 1957 1406 iustitiariorum

366 1443 594 1543 processerit
611 1445 815 1521 comitatus
832 1443 882 1520 ad
899 1443 1161 1542 utlagariam¹⁰
1178 1444 1260 1522 sine
1277 1453 1470 1544 praeoepto
1488 1455 1527 1522 et
1545 1455 1719 1522 waranto
1738 1446 1956 1524 iustitiario-

367 1587 455 1638 rum
476 1572 565 1661 post
585 1561 879 1661 inquisitionem.
902 1563 1005 1639 Item
1026 1562 1135 1639 nulla
1155 1563 1187 1640 si
1208 1564 1259 1639 ad
1280 1573 1516 1663 praeceptum
1538 1565 1640 1661 regis
1661 1564 1722 1640 vel
1743 1565 1794 1640 ad
1815 1573 1958 1640 sectam

367 1681 470 1780 regis
495 1681 615 1759 fuerit
641 1681 725 1781 quis
750 1681 963 1780 utlagatus,
989 1681 1061 1757 nisi
1088 1681 1195 1780 pn'us
1222 1681 1330 1759 facta
1356 1681 1599 1780 inquisitione
1626 1707 1698 1781 per
1722 1681 1957 1771 iustitiarios,

366 1809 500 1876 utrum
510 1800 575 1877 ille
586 1801 652 1900 qui
664 1799 704 1875 in
718 1800 817 1897 fuga
829 1808 887 1877 est
899 1799 1100 1899 culpabilis
1113 1801 1163 1877 sit
1175 1800 1224 1876 de
1236 1799 1393 1876 crimine
1406 1799 1467 1876 ei¹²
1481 1799 1661 1898 imposito
1674 1801 1736 1876 vel
1747 1825 1837 1875 non.
1853 1801 1958 1876 Item

367 1919 476 1995 nulla
493 1919 524 1995 si
542 1919 613 1994 fiat
632 1917 722 1993 alibi
741 1943 857 2017 quam
876 1918 916 1993 in
934 1919 1120 1994 comitatu
1138 1927 1396 2017 praeterquam
1417 1918 1524 2017 apud
1543 1917 1790 1994 Londoniam
1810 1919 1849 1992 in
1868 1918 1956 1995 hus·

366 2045 503 2134 tango:
521 2045 567 2113 ut
585 2037 617 2112 si
634 2061 704 2112 rex
722 2060 794 2134 pro
814 2061 883 2111 sua
901 2035 1101 2111 voluntate
1120 2034 1218 2134 per¹¹
1235 2035 1385 2113 litteras
1403 2033 1521 2112 suas²⁸
1540 2035 1676 2112 fecerit
1696 2036 1862 2134 aliquem
1880 2036 1957 2112 cla·

366 2153 501 2231 mare¹⁴
518 2154 740 2251 utlagatum
757 2179 828 2252 per
844 2152 1017 2230 civitates
1034 2163 1074 2230 et
1091 2154 1236 2251 burgos
1254 2163 1294 2231 et
1311 2153 1422 2230 villas
1439 2163 1478 2231 et
1497 2153 1573 2230 elia
1589 2154 1673 2230 loca
1691 2153 1856 2253 publica,
1877 2154 1958 2230 sine

367 2281 472 2348 secte
485 2280 531 2348 ut
547 2271 774 2372 predictum
791 2281 849 2348 est
866 2272 926 2347 vel
943 2271 1187 2370 inquisitione
1204 2271 1454 2369 precedente.

466 2394 572 2471 Item
585 2393 694 2472 nullo
706 2395 781 2472 dici
793 2396 938 2493 poterit
952 2396 993 2472 io
1007 2395 1155 2472 casibus
1169 2394 1405 2495 subscriptis.

368 2519 481 2594 Irnm
498 2517 606 2594 nulla
623 2519 696 2595 erit
713 2519 744 2595 si
761 2518 824 2594 ille
843 2519 908 2618 qui
925 2520 1025 2597 male
1043 2519 1120 2596 luit
1137 2519 1304 2596 creditus
1321 2529 1497 2596 mortuus
1516 2519 1621 2595 fuit¹⁸
1642 2527 1731 2596 ante
1749 2519 1956 2617 utlagatio·

366 2661 467 2713 nem.
488 2637 591 2714 Item
608 2637 716 2714 nulla
735 2639 766 2714 si
786 2638 849 2714 ille
868 2637 933 2737 qui
951 2638 1115 2715 interfici
1134 2635 1265 2714 debuit
1285 2638 1524 2737 producatur
1542 2639 1652 2715 vivus
1672 2646 1711 2714 et
1730 2663 1846 2714 sanus
1867 2646 1958 2714 ante

365 2754 657 2853 utlagationem,
672 2781 760 2833 cum
774 2756 883 2832 nulla
898 2755 1018 2834 subsit
1033 2781 1149 2832 causa
1162 2782 1254 2833 vera
1266 2753 1356 2832 vel²⁶
1372 2754 1658 2855 praesumptiva,
1675 2753 1810 2833 semrs²²
1826 2764 1958 2831 tamen

366 2876 397 2952 si
413 2874 530 2974 post¹⁸
545 2875 836 2973 utlagationem.
854 2876 959 2951 Item
973 2873 1081 2950 nulla
1098 2875 1128 2950 si
1145 2875 1349 2950 comitatus
1367 2873 1417 2950 ad
1433 2874 1713 2972 utlagationem
1730 2873 1957 2974 processerit

366 3019 453 3070 cum
473 2993 536 3071 ille
556 2994 621 3092 qui
642 2992 848 3092 aliquando
868 3002 1020 3070 secutus
1041 2993 1160 3070 luerit
1180 2992 1379 3080 moriatur,
1400 2993 1461 3068 vel
1482 2993 1588 3090 sequi
1609 2992 1775 3068 noluerit
1795 2992 1857 3068 vel
1878 3016 1956 3066 non

366 3112 499 3212 possit.
517 3113 621 3188 Item
636 3111 743 3188 nulla
759 3136 847 3187 cum
865 3111 1085 3210 appellatus
1101 3111 1142 3187 in
1156 3136 1235 3186 uno
1251 3110 1437 3186 comitatu
1453 3137 1493 3187 se
1512 3109 1729 3186 defenderit
1747 3110 1957 3186 secundum

365 3230 492 3329 legem
505 3240 628 3318 terrae,
643 3239 682 3307 et
696 3229 736 3305 in
752 3229 826 3305 alio
841 3230 1026 3306 comitatu
1042 3229 1091 3305 ab
1106 3229 1180 3305 alio
1196 3227 1416 3328 appellatus
1431 3229 1497 3327 qui
1513 3237 1656 3304 sectam
1672 3227 1818 3315 fecerit,
1836 3227 1956 3303 fuerit

365 3349 583 3446 utlagatusz
599 3347 689 3447 quia
702 3347 795 3446 qui¹⁰
810 3349 850 3423 in
864 3373 942 3423 uno
957 3346 1040 3422 loco
1055 3374 1095 3424 se
1111 3346 1327 3423 defenderit
1342 3346 1391 3423 de
1407 3371 1485 3421 uno
1501 3347 1607 3422 facto
1623 3371 1755 3422 versus
1771 3370 1892 3421 unum
1907 3344 1955 3420 de

365 3466 542 3567 pluribus
559 3465 845 3565 appellantibus
863 3475 902 3542 et
921 3465 1165 3564 sequentibus
1184 3466 1226 3540 in
1244 3463 1401 3541 diversis
1420 3464 1674 3552 comitatibus,
1695 3489 1734 3540 se
1754 3461 1956 3539 delendit²⁰

366 3610 498 3662 versus
514 3609 644 3660 omnes
662 3585 709 3660 de
725 3584 858 3660 eodem
874 3585 991 3659 facto.
1012 3583 1054 3659 Si
1072 3592 1202 3659 autem
1219 3583 1369 3659 diversa
1386 3582 1533 3659 fuerint
1551 3583 1657 3659 facta
1675 3592 1713 3659 et
1731 3581 1869 3658 diversi
1888 3607 1955 3680 ap-

365 3703 566 3804 pellantes,
584 3712 623 3780 et
641 3702 680 3777 in
698 3728 775 3777 uno
793 3702 876 3778 loco
894 3702 971 3778 sive
989 3701 1147 3778 diversis
1166 3728 1206 3777 se
1224 3701 1441 3777 defenderit
1461 3726 1532 3799 per
1549 3700 1676 3799 legem
1692 3709 1805 3777 terrae
1822 3723 1955 3775 versus

365 3845 487 3898 unum
503 3819 608 3898 sive²¹
624 3820 767 3920 plureS,
782 3830 820 3897 et
836 3821 876 3895 in
893 3820 976 3896 aliis
992 3819 1235 3896 comitatibus
1252 3820 1371 3895 fuerit
1387 3819 1598 3915 utlagatus,
1615 3816 1750 3893 nulla²²
1767 3817 1840 3894 erit
1856 3817 1955 3893 utla

364 3938 513 4036 garia,²⁸
527 3939 620 4015 dum
632 3948 764 4015 tamen
778 3964 865 4015 cum
879 3939 1080 4015 restitutus
1095 3938 1215 4014 fuerit
1228 3938 1461 4036 respondeat
1476 3936 1558 4013 aliis
1574 3947 1613 4013 et
1629 3963 1668 4012 se
1684 3935 1870 4012 defendat
1885 3960 1956 4034 per

366 4057 395 4133 f.
412 4056 530 4150 127b]
586 4058 711 4155 legem
737 4067 860 4146 terrae,
888 4066 926 4133 et
953 4057 1082 4134 omnia
1108 4083 1177 4134 sua
1203 4055 1393 4134 retinebit.
1423 4057 1480 4133 Et
1506 4055 1587 4132 vice
1615 4081 1725 4132 versa
1751 4055 1782 4130 si
1810 4055 1850 4130 in
1877 4079 1955 4128 uno

365 4177 551 4254 comitatu
577 4177 696 4254 fuerit
722 4178 1009 4266 condemnatus,
1036 4179 1165 4254 omnia
1192 4204 1262 4254 sua
1288 4177 1451 4254 amittet.
1480 4177 1538 4254 Et
1566 4177 1700 4253 eodem
1725 4176 1840 4252 modo
1868 4201 1955 4251 cum

365 4296 516 4374 sciverit
536 4323 576 4373 se
595 4296 703 4373 esse²⁴
723 4297 963 4396 appellatum
982 4307 1021 4374 et
1040 4298 1334 4395 interrogatum,
1357 4307 1447 4374 ante
1467 4298 1748 4395 utlagationem
1769 4323 1808 4373 se
1830 4295 1954 4372 reddi·

365 4417 465 4494 derit
482 4417 646 4516 prisonae
662 4418 806 4493 domini
825 4419 937 4515 regis,
956 4418 1046 4517 quia
1065 4427 1271 4517 postquam
1289 4445 1328 4494 se
1347 4417 1557 4494 reddiderit
1575 4415 1766 4517 prisonae²³
1785 4442 1864 4492 non
1881 4415 1955 4492 erit

365 4537 525 4614 ulterius
547 4537 855 4635 interrogandus
879 4539 983 4615 Item
1002 4538 1111 4614 nulla
1131 4541 1204 4614 erit
1225 4547 1270 4614 ut
1291 4539 1446 4615 videtur
1464 4563 1552 4614 cum
1574 4539 1658 4637 quis
1680 4537 1795 4615 semel
1816 4545 1954 4635 captus

365 4658 484 4734 fuerit
501 4657 561 4733 vel
579 4685 618 4733 se
634 4659 756 4756 gratis
773 4658 956 4736 obtulerit
974 4684 1062 4735 cum
1079 4659 1298 4759 appellatus
1318 4659 1448 4746 luerit,
1468 4669 1507 4735 et
1526 4659 1573 4735 de
1591 4684 1778 4734 consensu
1795 4657 1896 4755 regis
1915 4665 1955 4732 et

365 4874 469 4950 'Om.,
493 4875 563 4949 OB,
587 4876 662 4950 MA,
687 4877 761 4936 ΜΒ.
807 4874 903 4952 ⁸dici,
927 4877 996 4951 OB,
1021 4878 1096 4951 MA,
1121 4877 1195 4937 ΜΒ.
1242 4875 1463 4955 ‘'utlagariam,
1488 4878 1557 4950 OB,
1583 4876 1659 4950 MA,
1685 4876 1761 4948 ΜΒ,
1787 4875 1854 4949 ΟΕ,
1880 4873 1953 4947 ΟΜ,

366 4975 441 5036 MG.
491 4975 517 5009 ¹⁰
530 4976 677 5054 utlagari,
705 4976 780 5050 MA,
809 4977 885 5052 MB,
913 4977 986 5037 ΟΜ.
1036 4976 1144 5051 ¹¹sibi,
1172 4979 1241 5053 OB,
1270 4980 1345 5053 MA,
1374 4980 1450 5052 ΜΒ,
1478 4977 1546 5051 ΟΕ,
1575 4978 1648 5038 ΟΜ.
1698 4975 1764 5010 ²²²²²
1777 4977 1856 5050 Om.,
1885 4976 1953 5035 OB.

364 5073 484 5150 1'Om.,
509 5075 586 5149 MA,
611 5076 686 5136 ΜΒ.
732 5075 908 5151 ¹⁴clamari,
935 5078 1000 5137 ΟΕ.
1047 5077 1193 5152 ¹⁵fuerit,
1220 5080 1286 5154 LA,
1313 5080 1382 5152 OB,
1410 5079 1485 5154 MA,
1513 5079 1587 5138 ΜΒ.
1636 5076 1756 5152 ²⁸Om.,
1782 5076 1851 5152 OB,
1878 5075 1954 5150 MA,

365 5174 442 5251 ΜΒ,
461 5175 528 5250 ΟΕ,
548 5177 621 5238 ΟΜ.
662 5174 767 5238 ²²⁸¹⁸si
787 5181 855 5257 quis
875 5185 977 5238 tamen
998 5185 1079 5257 post,
1101 5180 1177 5254 MA,
1199 5180 1275 5254 ΜΒ,
1298 5180 1377 5252 ΟΜ;
1398 5188 1502 5239 tamen
1523 5187 1606 5257 poet,
1627 5180 1694 5240 OB.
1738 5175 1856 5256 ”Om.,
1879 5176 1955 5253 MA,

365 5276 439 5338 ΜΒ.
478 5275 506 5310 ’⁰
517 5276 704 5353 defenderit,
722 5279 789 5354 OC,
807 5279 884 5353 ΜΟ,
904 5281 983 5352 ΟΜ;
1002 5278 1178 5341 defenderit
1196 5287 1314 5356 contra,
1332 5281 1371 5343 V.
1412 5279 1438 5314 ²²
1450 5280 1509 5355 vel,
1528 5281 1567 5354 V,
1586 5281 1659 5342 ΟΜ.
1700 5278 1857 5353 ¹²'²⁸Om.,
1877 5278 1956 5353 MG,

366 5379 431 5440 ΟΟ.
470 5376 764 5455 '‘Om.,OA,MG,
780 5381 854 5441 MA.
892 5380 1062 5458 ²³prisonae
1077 5380 1192 5442 domini
1208 5386 1303 5460 regis,
1319 5382 1358 5458 V,
1375 5384 1444 5458 OB,
1461 5383 1536 5456 MA,
1554 5382 1630 5455 ΜΒ,
1648 5383 1720 5442 ΟΜ.
