4432 6340
383 563 456 631 212
915 552 1138 614 BRACTON:
1160 552 1221 612 DE
1245 552 1437 614 LEGIBUS

382 701 518 785 melius
541 703 714 803 expediri
738 703 920 792 videritis,
945 729 1171 802 percorum
1197 703 1491 778 sacramentum²
1516 705 1672 780 extendi
1697 713 1736 780 et
1761 703 1973 804 appretiari

383 825 535 902 faciatis
550 823 760 923 quamlibet
774 822 904 898 villam
920 848 991 923 per
1006 848 1045 898 se
1061 822 1101 897 in
1117 820 1340 910 dominicis,²
1355 821 1569 920 villenagiis
1586 830 1764 912 etcetera.
1780 830 1826 898 ut
1842 848 1973 924 supra,

383 945 593 1021 secundum
613 943 716 1041 quod
735 943 850 1018 modo
870 950 972 1030 sunt,
993 950 1031 1017 et
1051 941 1092 1017 in
1111 940 1244 1016 eodem
1265 950 1370 1017 statu
1391 939 1481 1039 quo⁸
1501 965 1604 1015 nunc
1625 941 1776 1019 suntin
1797 941 1973 1018 omnibus

382 1062 496 1139 rebus
515 1086 598 1161 quae
616 1059 771 1137 extendi
789 1068 829 1136 et
848 1059 1059 1159 appretiari
1077 1068 1241 1160 possunt
1259 1069 1298 1136 et
1316 1059 1468 1135 debent.
1488 1059 1546 1136 Et
1566 1059 1673 1135 iacta
1690 1059 1821 1136 taliter
1841 1068 1973 1137 exten-

383 1180 499 1270 sione,
523 1179 712 1279 quaelibet⁴
734 1178 827 1254 villa
848 1204 920 1277 per
940 1178 1110 1255 medium
1131 1177 1338 1266 dividatur,
1362 1178 1418 1254 ita
1440 1179 1545 1277 quod
1567 1178 1751 1256 medietas
1773 1177 1974 1255 cuiuslibet

382 1299 481 1375 villae
495 1297 649 1398 aequalis
664 1297 713 1374 sit
726 1295 837 1373 alteri
850 1297 1047 1373 medietati
1062 1296 1231 1373 eiusdem
1245 1297 1354 1372 villae.
1370 1297 1429 1374 Et
1444 1297 1550 1374 iacta
1565 1296 1618 1373 sic
1632 1296 1827 1386 divisione,
1843 1298 1972 1374 mitta·

383 1429 450 1496 tur
475 1443 557 1496 sors
584 1442 700 1517 super
725 1425 929 1515 utramque
954 1416 1200 1492 medietatem
1226 1413 1279 1492 et⁸
1307 1440 1379 1514 per
1405 1424 1548 1492 sortem
1575 1417 1793 1514 assignetur
1818 1415 1973 1514 utrique

383 1537 487 1636 parti
502 1562 571 1613 sua
583 1535 780 1623 medietas,
795 1535 901 1611 salva
914 1543 1046 1610 tamen
1059 1534 1133 1634 ipsi
1148 1535 1201 1610 A.
1217 1559 1288 1610 sua
1301 1533 1490 1623 aesnescia,
1506 1541 1546 1609 et
1560 1541 1835 1632 computentur
1850 1534 1973 1611 eidem

382 1656 435 1731 A.
451 1656 491 1731 in
506 1663 618 1754 parte
633 1680 703 1730 sua
716 1678 848 1730 omnes
861 1663 973 1730 terrae
988 1662 1027 1729 et
1042 1652 1170 1729 omnia
1184 1661 1405 1729 tenementa
1419 1677 1502 1751 quae
1518 1652 1621 1729 idem
1635 1653 1688 1729 A.
1704 1651 1824 1741 dedit,
1840 1678 1972 1730 secun·

382 1774 476 1851 dum
493 1772 662 1850 valorem
680 1771 834 1848 illarum
851 1781 1044 1848 terrarum
1062 1772 1254 1848 datarum.
1274 1772 1334 1848 Et
1353 1772 1402 1847 ad
1421 1796 1574 1848 omnem
1593 1772 1847 1848 contentionis
1867 1797 1972 1847 ocea-

383 1892 528 1969 sionem
544 1891 756 1968 tollendam
774 1914 858 1989 quae
876 1890 967 1965 oriri
985 1888 1120 1989 possit⁸
1139 1890 1240 1967 inter
1258 1915 1322 1966 eos
1340 1899 1379 1966 et
1398 1889 1557 1966 ballivos
1576 1916 1722 1978 eorum,
1741 1899 1780 1967 et
1797 1898 1843 1966 ut
1862 1890 1915 1968 sic
1933 1891 1973 1965 in

382 2009 552 2110 qualibet
568 2009 660 2086 villa
675 2018 787 2086 terrae
805 2009 959 2108 partitae
974 2018 1014 2085 et
1031 2008 1159 2084 divisae
1176 2009 1358 2085 intereos
1376 2008 1457 2086 sine
1474 2009 1718 2086 contentione
1736 2018 1973 2097 remaneant,

383 2131 430 2206 de
448 2153 637 2205 consensu
655 2127 827 2226 partium
846 2127 1044 2227 provisum
1062 2137 1121 2204 est
1141 2124 1192 2204 et²
1213 2151 1433 2204 concessum
1453 2128 1557 2226 quod
1576 2127 1780 2226 unicuique
1800 2127 1973 2227 ipsorum

382 2247 535 2324 habere⁸
553 2246 704 2323 faciatis
721 2255 873 2346 partem
891 2271 1030 2346 perse,
1048 2255 1086 2322 et
1103 2246 1159 2321 ita
1176 2246 1280 2344 quod
1297 2246 1425 2346 portio
1443 2271 1527 2345 quae
1544 2271 1616 2343 per
1633 2253 1777 2322 sortem
1795 2245 1973 2322 acciderit

383 2365 574 2464 praedictis
592 2364 744 2441 filiabus
760 2364 801 2440 in
819 2364 946 2463 aliqua
962 2364 1066 2454 villa,
1084 2389 1167 2463 quae
1185 2365 1215 2441 si
1233 2365 1386 2462 integra
1403 2374 1618 2441 remaneret
1635 2373 1855 2464 competens
1875 2373 1974 2441 esset

383 2485 457 2583 ipsi
480 2485 533 2561 A.
557 2493 598 2560 et
621 2484 833 2560 necessaria
856 2508 944 2559 cum
967 2509 1038 2559 sua
1061 2490 1185 2583 parte,
1210 2481 1319 2560 tunc⁹
1343 2483 1466 2559 eidem
1491 2483 1543 2559 A.
1570 2482 1751 2580 integra²⁰
1776 2491 1974 2559 remaneat

383 2603 544 2702 partitio
568 2601 636 2678 illa
659 2626 747 2678 cum
772 2611 885 2700 parte
911 2599 1019 2688 sua,¹²
1045 2610 1086 2678 et
1110 2601 1167 2679 ita
1193 2600 1324 2700 quod²²
1350 2601 1501 2699 integre
1526 2600 1665 2678 habeat
1690 2609 1817 2679 totam
1842 2601 1974 2677 villam

382 2722 499 2798 illam.
516 2722 575 2799 Et
588 2721 723 2797 eodem
736 2721 851 2797 modo
865 2721 947 2797 vice
962 2745 1073 2797 versa
1088 2719 1185 2796 fiat²⁸
1201 2720 1242 2797 in
1257 2720 1351 2796 illa²⁴
1367 2720 1459 2796 villa
1473 2721 1522 2797 de
1539 2729 1652 2819 parte
1669 2720 1789 2818 ipsius
1805 2720 1871 2809 Α.,
1891 2744 1974 2819 quae

383 2841 414 2917 si
437 2841 530 2916 villa
551 2841 704 2938 integra
727 2849 953 2928 remaneret,
977 2848 1197 2940 competens
1222 2848 1262 2917 et
1285 2839 1497 2916 necessaria
1521 2865 1602 2916 esse
1627 2848 1758 2938 posset
1782 2839 1974 2938 praedictis

383 2958 546 3048 filiabus,
568 2969 607 3036 et
627 2958 847 3056 assignetur
865 2957 1021 3057 portio¹⁶
1042 2956 1190 3057 ipsius²⁶
1209 2958 1262 3034 A.
1284 2958 1325 3033 in
1345 2958 1436 3034 villa
1456 2957 1523 3034 illa
1544 2957 1594 3034 ad
1615 2957 1823 3034 valentiam
1845 2956 1972 3033 illius¹'

381 3077 569 3177 portionis
585 3103 702 3176 quam
717 3077 923 3177 praedictus
939 3078 992 3153 A.
1009 3075 1213 3152 habuerit¹⁸
1229 3078 1277 3153 de
1295 3077 1472 3176 portione
1489 3075 1788 3176 praedictarum¹⁹
1805 3077 1973 3153 filiarum

381 3195 422 3271 in
445 3194 539 3270 illa²⁰
562 3195 748 3296 praedicta
770 3195 874 3285 villa,
899 3195 1109 3274 secundum
1133 3195 1236 3294 quod
1262 3195 1438 3294 quaelibet
1462 3203 1569 3272 terra
1592 3204 1752 3272 extensa
1777 3195 1908 3285 fuerit,
1934 3204 1974 3272 et

382 3314 439 3391 ita
461 3315 563 3413 quod
586 3314 776 3413 praedictae
798 3314 886 3389 filioe
907 3315 1057 3412 integre
1079 3313 1245 3391 habeant
1267 3323 1392 3391 totam
1413 3314 1545 3390 villam
1567 3314 1683 3390 illam.
1708 3315 1767 3391 Et
1790 3315 1821 3390 si
1845 3315 1973 3415 portio

382 3432 496 3509 unius
517 3433 558 3508 in
576 3457 656 3509 una
674 3432 767 3508 villa
785 3433 911 3508 minor
931 3433 980 3510 sit
1001 3432 1178 3532 portione
1200 3433 1356 3510 alterius
1378 3432 1418 3509 in
1438 3432 1514 3509 alia
1534 3433 1636 3522 villa,
1659 3433 1692 3508 ei
1715 3431 1825 3531 quae²²
1847 3434 1973 3509 minus

382 3551 559 3628 habuerit
577 3552 617 3627 id
637 3552 740 3650 quod
759 3551 939 3640 defuerit,
960 3551 1184 3650 perficiatur
1203 3551 1292 3627 alibi
1308 3553 1352 3628 in
1370 3552 1454 3627 loco
1474 3552 1708 3650 competenti
1729 3553 1777 3628 de
1796 3553 1973 3650 portione

382 3669 463 3746 eius
486 3669 578 3769 qui¹²
600 3669 688 3768 plus
710 3669 897 3758 habuerit,
920 3670 975 3746 ita
997 3669 1101 3769 quod
1123 3669 1309 3768 quilibet²⁸
1331 3668 1493 3746 eorum²⁴
1515 3669 1700 3768 aequalem
1721 3669 1861 3748 habeat
1883 3695 1972 3770 por·

382 3787 526 3865 tionem
545 3789 779 3887 computatis
796 3788 909 3865 terris
930 3787 1029 3865 datis
1050 3797 1227 3865 etcetera.
1248 3788 1307 3866 Et
1326 3788 1433 3864 salva
1452 3789 1526 3886 ipsi
1545 3789 1599 3864 A.
1620 3788 1797 3865 aesnescia
1818 3814 1898 3865 sua.
1922 3789 1973 3865 In

381 3906 490 3983 cuius
505 3907 559 3983 rei
574 3905 836 3983 testimonium
851 3915 1028 3982 etcetera.
1046 3908 1164 3983 Teste
1179 3915 1356 3983 etcetera.
1375 3906 1479 3982 Est²³
1497 3907 1601 3983 aliud
1618 3907 1732 3984 breve
1749 3908 1853 4006 quod
1869 3908 1973 3984 istud

364 4025 496 4102 ‘breve
514 4026 707 4125 praeeedit,
728 4034 767 4101 et
786 4025 851 4100 ubi
872 4024 1064 4102 iustitiarii
1084 4025 1209 4101 minus
1230 4026 1303 4102 rite
1324 4035 1603 4124 processerunt,
1625 4035 1664 4102 et
1685 4027 1829 4124 dequo
1850 4027 1972 4125 sequi·

382 4152 449 4220 tur
465 4143 568 4221 istud
587 4144 701 4221 breve
719 4143 949 4242 praecedens,
969 4145 1072 4241 quod
1090 4143 1167 4220 tale
1187 4153 1246 4220 est
1265 4154 1304 4221 et
1322 4144 1425 4243 quod
1445 4144 1633 4221 directum
1653 4144 1730 4221 fuit
1750 4145 1972 4222 vicecomiti.

482 4263 609 4340 Breve
625 4263 673 4340 de
691 4263 835 4340 eodem.

382 4381 479 4458 Rex
501 4378 738 4456 vicecomiti²⁸
762 4379 937 4456 salutem.
964 4377 1098 4456 seias¹²
1123 4381 1225 4479 quod
1250 4380 1444 4457 reddimus
1467 4381 1521 4456 A.
1546 4381 1596 4457 ad
1619 4407 1718 4480 opus
1742 4382 1910 4458 filiarum
1934 4389 1974 4458 et

465 4548 693 4625 ²oacramenta‚
712 4548 788 4624 ΜΒ,
805 4547 843 4610 V.
882 4547 1065 4612 'dominicis
1084 4555 1126 4624 et,
1142 4549 1212 4626 OA,
1229 4549 1297 4626 LA,
1313 4549 1381 4625 OC,
1400 4551 1474 4626 ΜΟ,
1492 4549 1530 4611 V.
1570 4549 1628 4611 ”in
1645 4572 1715 4630 quo,
1732 4552 1802 4627 OA,
1821 4554 1887 4629 LA,
1906 4553 1973 4628 ΟΟ,

383 4652 456 4711 ΜΟ.
499 4649 670 4729 ‘qualibet
691 4651 760 4726 OA,
780 4649 847 4726 OC,
866 4649 942 4726 Mc,
962 4651 1042 4723 CM;
1063 4655 1096 4711 ln
1116 4648 1265 4730 qualibet,
1286 4650 1362 4712 MG.
1406 4649 1512 4729 ‘quia
1535 4652 1610 4727 ΜΒ,
1632 4653 1672 4729 Y,
1694 4653 1777 4726 MG;
1799 4675 1876 4732 qum,
1897 4655 1972 4727 OB;

381 4761 508 4829 etsors,
526 4752 599 4813 CM.
638 4748 778 4830 ‘posset
795 4750 864 4827 OA,
882 4751 950 4827 LA,
966 4752 1047 4824 ΜΟ,
1066 4757 1181 4830 potest,
1199 4751 1274 4812 ΜΒ.
1314 4750 1491 4828 ἐἰὴωοῐ,
1509 4754 1587 4830 ΜΟ,
1605 4755 1646 4831 Y,
1665 4755 1738 4815 ΟΜ.
1780 4754 1885 4830 ⁸Om.,
1904 4757 1973 4832 OB,

382 4853 458 4929 MA,
476 4855 550 4915 ΜΒ.
589 4851 727 4915 ⁹·²⁰tuno
744 4853 834 4928 idem,
852 4852 930 4914 MG.
969 4850 1113 4927 ''¹²0m,
1131 4854 1207 4927 MA,
1225 4855 1291 4914 LA
1330 4851 1358 4887 ²⁰
1368 4856 1500 4933 integre,
1518 4854 1557 4931 V,
1575 4856 1644 4931 OA,
1661 4855 1727 4917 OC.
1768 4854 1887 4933 ²²Om,
1906 4857 1973 4932 LA,

382 4957 457 5018 MA.
496 4954 522 4990 ¹⁸
535 4954 615 5031 Om,
633 4954 708 5029 ΟΜ,
726 4955 803 5032 MG,
825 4953 881 5031 (-Ι-
894 4954 954 5032 Υ).
993 4952 1020 4989 ²⁴
1032 4953 1104 5030 alia,
1121 4955 1162 5030 V,
1179 4955 1246 5029 LA,
1264 4956 1331 5030 OC,
1350 4954 1546 5033 MC;nulla,
1565 4957 1737 5032 MG30ua,
1756 4958 1821 5019 ΟΕ.
1862 4956 1973 5037 ¹⁸par-

381 5059 533 5136 ticipatio,
549 5057 617 5132 OC,
633 5057 712 5132 MG,
729 5057 796 5132 ΟΕ,
813 5057 888 5132 ΟΜ,
903 5056 943 5116 Υ.
981 5051 1171 5134 ²⁶praedicti,
1188 5056 1257 5130 OA,
1275 5056 1342 5131 ΟΟ,
1359 5057 1426 5132 LA,
1443 5057 1519 5132 ΜΟ,
1538 5056 1603 5120 ΟΕ.
1643 5056 1669 5093 ²²
1681 5062 1791 5137 ipsius,
1807 5060 1877 5136 OB,
1896 5061 1973 5136 MA,

382 5159 458 5234 MB,
474 5161 515 5235 Y,
530 5159 608 5235 MG,
625 5159 699 5220 ΟΜ.
737 5156 763 5192 ²⁸
775 5156 894 5234 habuit,
910 5157 950 5231 V,
967 5156 1036 5233 OB,
1053 5157 1129 5233 MA,
1147 5158 1223 5233 MB,
1241 5156 1318 5232 MG,
1335 5157 1401 5218 LA.
1440 5156 1467 5192 ²⁹
1478 5157 1641 5235 dictarum,
1658 5160 1727 5236 OB,
1747 5160 1821 5221 MB.
1861 5159 1888 5195 ²⁰
1899 5160 1972 5236 alia,

382 5260 449 5336 LA,
468 5261 537 5336 OA,
554 5260 629 5336 MC,
649 5259 721 5334 ΟΟ;
741 5280 811 5336 om,
831 5259 906 5320 MA.
947 5257 1049 5337 ²²qui,
1068 5257 1148 5332 MG,
1166 5259 1207 5335 Υ,
1227 5259 1301 5320 ΟΜ.
1342 5257 1456 5337 ²²quoe,
1476 5261 1545 5337 OB,
1565 5260 1642 5336 MA,
1663 5261 1739 5322 MB.
1782 5261 1972 5340 ²⁸quoelibet,

382 5363 451 5439 OB,
470 5363 545 5438 MA,
565 5362 640 5423 MB.
680 5360 834 5436 ²‘aarum
852 5361 891 5434 V,
911 5361 987 5437 MA,
1005 5361 1082 5435 MB,
1101 5360 1177 5435 ΟΜ,
1193 5358 1267 5433 ΟΟ;
1286 5380 1357 5434 om,
1375 5360 1441 5421 OB.
1483 5359 1569 5423 ²'est
1587 5370 1628 5438 et,
1648 5363 1717 5438 OA,
1736 5364 1781 5435 Y;
1801 5371 1850 5444 ept
1868 5367 1972 5441 etiam,

381 5463 421 5538 V,
439 5463 506 5526 OC.
545 5461 754 5525 ”vicecomiti
771 5460 840 5538 tali,
858 5460 928 5536 OA,
946 5461 1014 5537 LA,
1033 5461 1114 5534 Mc;
1133 5459 1359 5524 vicecomitibus
1379 5461 1505 5539 talibus,
1524 5463 1591 5525 ΟΟ.
1633 5460 1786 5541 ”ιοίιῐίε,
1805 5466 1875 5541 ΟΒ,
1895 5466 1972 5541 MA,

382 5568 458 5643 MB,
474 5567 542 5640 OC,
559 5565 625 5642 ΟΕ,
641 5566 716 5641 ΟΜ,
732 5564 811 5638 MG,
825 5563 865 5624 Y.
1106 5585 1109 5590 ·
