4432 6340
616 478 677 539 DE
701 477 1003 551 ADQUIRENDO
1026 478 1184 540 RERUM
1207 478 1409 541 DOMINIO
1735 486 1809 560 227

221 629 352 719 litatis,
369 640 408 707 et
423 638 550 707 totum
567 629 764 706 servitium
781 656 904 718 suum,
922 639 960 706 et
977 629 1236 728 primogenita
1250 630 1311 706 vel
1327 629 1407 706 eius
1424 629 1586 707 maritus
1602 630 1691 707 inde
1707 631 1809 730 capi·

220 747 291 824 tali
315 748 470 824 domino
495 748 781 847 respondebit,¹²
808 773 856 824 ne
881 750 1058 825 dominus
1084 748 1259 847 capitalis
1286 758 1449 846 cogatur
1475 749 1672 825 servitium
1699 775 1812 826 suum

221 867 390 965 recipere
415 893 486 966 per
510 865 760 965 particuas.¹²
785 865 962 944 Habebit
987 867 1104 944 etiam
1129 868 1305 944 dominus
1331 866 1506 966 capitalis
1532 867 1746 944 custodiam
1772 875 1812 943 et

221 985 470 1083 maritagium
488 995 769 1084 postnatarum,
788 995 827 1063 et
845 1012 923 1061 non
941 985 1199 1084 primogenita
1217 1010 1286 1061 nec
1305 986 1384 1063 eius
1403 987 1576 1074 maritus,
1596 996 1640 1064 ut
1660 986 1741 1062 ovis
1761 985 1812 1062 a²⁸

221 1103 404 1203 luporum
429 1104 618 1180 morsibus
644 1113 804 1181 eruatur
829 1114 992 1203 propter
1018 1130 1125 1203 spem
1152 1113 1191 1180 et
1218 1113 1398 1180 eventum
1425 1105 1680 1193 successionis,
1709 1107 1812 1204 quod

221 1222 373 1299 evenire
390 1231 520 1321 posset
537 1222 568 1299 si
584 1223 690 1298 infra
706 1232 859 1300 aetatem
876 1232 1119 1299 morerentur
1135 1249 1184 1299 ex
1203 1222 1331 1322 aliqua
1348 1222 1639 1300 machinatione.
1659 1224 1716 1300 Et
1734 1224 1813 1299 haec

221 1369 313 1419 vera
332 1350 423 1419 sunt
443 1343 473 1419 si
493 1342 624 1441 plures
644 1367 791 1418 sorores
812 1343 860 1417 de
879 1341 982 1418 ali0²⁴
1001 1341 1197 1418 tenuerint
1218 1342 1402 1441 quamde
1422 1342 1577 1418 domino
1598 1368 1700 1440 rege,
1723 1343 1814 1442 quia

221 1462 253 1539 si
274 1463 323 1538 de
343 1461 498 1538 domino
519 1487 610 1559 rege
631 1460 825 1537 tenuerint
847 1461 1046 1559 incapite,
1068 1470 1162 1536 tunc
1184 1459 1443 1560 primogenita
1465 1459 1630 1537 omissa¹⁶
1653 1459 1812 1538 omnes¹⁸

222 1579 501 1679 acapitabunt¹⁷
518 1587 557 1654 et
573 1578 795 1676 homagium
813 1578 957 1655 facient
975 1578 1130 1655 domino
1147 1579 1241 1676 regi.
1259 1579 1318 1656 Et
1335 1604 1424 1655 cum
1441 1581 1488 1656 de
1507 1579 1582 1655 alio
1598 1589 1729 1656 tenere
1748 1580 1811 1656 de-

222 1697 338 1774 beant
354 1721 469 1796 quam
485 1697 533 1772 de
548 1696 703 1773 domiuo
718 1723 821 1794 rege,
837 1706 875 1774 et
892 1694 1096 1794 quaelibet²⁸
1113 1723 1183 1796 per
1200 1723 1239 1774 se
1255 1698 1302 1774 de
1318 1698 1424 1775 facto
1441 1699 1691 1797 acapitaverit
1709 1698 1812 1799 capi·

222 1814 294 1892 tali
319 1816 486 1904 domino,
512 1815 583 1892 hoc
610 1815 779 1892 revocari
806 1814 979 1914 poterit·
1006 1841 1030 1892 a
1056 1815 1314 1914 primogenita
1341 1815 1430 1892 vel²⁰
1457 1817 1537 1894 eius
1564 1816 1716 1905 marito,
1744 1817 1812 1894 sed

222 1960 373 2032 semper
386 1936 489 2032 quod
504 1934 654 2011 factum
667 1943 726 2012 est
738 1934 896 2023 tenebit,
911 1935 1001 2032 quia
1015 1935 1190 2033 capitalis
1206 1935 1382 2012 dominus
1397 1935 1500 2033 quod
1516 1936 1551 2011 ei
1566 1934 1739 2012 oblatum
1755 1944 1812 2012 est

221 2079 301 2130 non
317 2054 519 2131 recusabit.
542 2056 621 2131 Sed
640 2055 718 2132 sive
737 2053 931 2132 tenuerit²²
951 2057 999 2133 de
1017 2056 1173 2131 domino
1193 2081 1285 2154 rege
1304 2056 1382 2132 sive
1401 2057 1449 2132 de
1468 2056 1555 2145 alio,
1575 2082 1663 2133 cum
1681 2056 1811 2133 homa·

222 2176 331 2273 gium
350 2177 499 2252 factum
518 2176 650 2265 fuerit,
671 2176 749 2253 sive
768 2186 858 2253 ante
876 2176 1037 2252 tertium
1055 2176 1234 2253 heredem
1254 2176 1359 2253 sive²²
1379 2187 1480 2277 post,
1501 2177 1633 2255 statim
1654 2203 1811 2277 sequen·

221 2295 315 2373 tur⁸⁸
333 2293 473 2372 relevia
490 2306 529 2373 et
546 2296 621 2372 alia
639 2296 804 2374 servitia.
823 2297 1046 2374 Videndum
1063 2308 1121 2376 est
1139 2298 1240 2374 inter
1258 2308 1384 2375 cetera
1402 2298 1494 2398 quid
1512 2300 1561 2376 sit
1579 2299 1812 2397 homagium,

223 2417 388 2517 qualiter
406 2418 667 2506 contrahatur,
688 2419 772 2517 quis
791 2418 997 2496 teneatur²⁴
1015 2419 1238 2517 homagium
1257 2444 1406 2520 capere,
1428 2430 1466 2498 et
1487 2420 1571 2518 quis
1591 2421 1814 2518 homagium

223 2540 363 2629 facere,
382 2541 548 2639 quand0,
568 2548 607 2617 et
626 2540 813 2640 quotiens,
832 2551 870 2619 et
889 2541 965 2618 de²⁵
985 2541 1121 2640 quibus
1141 2543 1266 2619 rebus.
1289 2543 1392 2619 Item
1412 2569 1482 2641 per
1502 2567 1597 2641 quas
1617 2568 1812 2641 personas.

225 2662 329 2739 Item
350 2661 516 2760 qualiter
536 2664 714 2762 capiatur
734 2674 774 2741 et
796 2691 868 2764 per
890 2690 974 2763 quae
996 2665 1123 2741 verba.
1147 2664 1205 2741 Et
1229 2691 1300 2763 per
1324 2690 1407 2764 quae
1428 2665 1545 2742 verba
1569 2665 1652 2741 fieri
1676 2665 1813 2742 debeat

224 2795 505 2864 sacramentum
521 2787 729 2864 fidelitatis.
749 2788 852 2864 Item
868 2787 1033 2885 qualiter
1048 2797 1087 2865 et
1103 2813 1174 2886 per
1191 2796 1380 2886 quantum
1395 2797 1549 2886 tempus
1566 2796 1695 2865 teneat
1713 2789 1814 2864 inter

220 2910 418 2987 dominum
430 2920 469 2987 et
480 2919 676 2987 tenentem
687 2911 926 3008 homagium:
940 2920 979 2987 et
990 2935 1079 2986 cum
1091 2909 1203 2986 ambo
1214 2909 1430 2987 moriantur
1442 2911 1503 2986 vel
1515 2935 1615 2986 unus
1628 2911 1812 3008 ipsorum,

223 3041 263 3108 et
280 3032 394 3108 cadat
412 3058 460 3108 ex
478 3040 643 3130 utraque
662 3041 775 3131 parte
792 3032 854 3109 vel
872 3031 958 3120 alia,
978 3041 1017 3109 et
1036 3032 1268 3109 dissolvatur
1286 3057 1356 3130 per
1374 3041 1550 3121 mortem,
1569 3041 1700 3110 teneat
1720 3033 1812 3108 obli·

224 3155 331 3252 gatio
354 3163 393 3231 et
415 3155 606 3232 relevetur
628 3164 892 3232 tenementum
914 3180 1002 3231 cum
1024 3156 1203 3253 homagio
1227 3157 1267 3232 in
1291 3155 1465 3254 personis
1488 3155 1682 3232 heredum.
1710 3157 1814 3232 Item

224 3301 311 3353 cum
329 3275 473 3353 semel²⁰
492 3277 642 3354 factum
661 3277 779 3354 fuerit
798 3277 1059 3376 homagium,²'
1079 3276 1244 3376 qualiter
1263 3276 1495 3354 dissolvatur
1514 3288 1553 3356 et
1573 3279 1728 3354 omnino
1749 3304 1813 3354 ex·

223 3397 468 3496 tinguatur,¹⁸
485 3408 648 3499 propter
665 3399 889 3477 defectum²⁹
906 3401 967 3476 vel
984 3409 1147 3499 propter
1165 3399 1375 3477 delictum⁸⁰
1395 3400 1538 3477 domini
1556 3401 1617 3477 vel
1636 3401 1813 3476 tenentis.

224 3519 397 3611 Domini,
415 3523 518 3620 quod
534 3521 773 3598 dominium⁸²
789 3521 985 3600 amiserit³²
1004 3524 1106 3623 quod
1123 3523 1301 3600 dominus
1317 3549 1399 3601 esse
1416 3549 1495 3600 non
1510 3524 1644 3623 possit.
1663 3525 1814 3600 Tenen·

225 3642 254 3717 f.
265 3642 360 3736 tab]
415 3643 477 3733 tis,
493 3645 596 3742 quod
610 3653 873 3722 tenementum
886 3647 1027 3722 reverti
1042 3646 1179 3723 debeat
1195 3647 1245 3722 ad
1260 3647 1469 3735 dominum,
1486 3647 1697 3723 secundum
1712 3646 1815 3745 quod

223 3774 359 3842 tenens
372 3765 467 3842 illud
480 3768 648 3843 tenuerit
663 3767 702 3843 in
716 3769 905 3844 dominico
918 3768 978 3846 vel
993 3769 1158 3844 servitio.
1175 3769 1279 3845 Item
1294 3769 1324 3844 si
1340 3767 1543 3845 dominus⁸⁸
1558 3768 1679 3867 possit
1695 3777 1814 3844 attor-
1873 3775 1875 3780 ’

225 3915 320 3965 nare
344 3890 567 3988 homagium
592 3900 631 3968 et
657 3891 866 3980 servitium,
893 3890 954 3966 vel
978 3891 1141 3968 istorum
1167 3916 1301 3980 unum,
1328 3900 1463 3968 contra
1489 3890 1729 3968 voluntatem
1756 3889 1815 3966 sui

223 4013 401 4089 tenentis.
415 4013 519 4090 Item
531 4014 562 4089 si
574 4013 753 4090 dominus
765 4014 988 4112 homagium
1003 4013 1060 4089 sui
1073 4015 1238 4090 tenentis
1253 4013 1496 4103 recusaverit,
1509 4012 1571 4088 vel
1584 4037 1672 4088 cum
1685 4012 1815 4089 homa-

224 4135 333 4233 gium
351 4134 536 4236 ceperit,⁸⁴
553 4145 750 4213 tenentem
768 4162 881 4214 suum
901 4137 948 4212 de
968 4135 1122 4212 servitio
1143 4162 1273 4212 versus
1294 4160 1407 4212 suum
1426 4135 1624 4211 dominum
1644 4134 1814 4233 superio-

223 4284 306 4335 rem
321 4284 400 4334 non
416 4258 706 4358 adquietaverit‚
723 4260 790 4336 sed
805 4258 973 4358 proprie
989 4259 1112 4334 bursae
1127 4256 1499 4345 totum'infuderit,⁸⁶
1516 4255 1607 4355 quid
1625 4255 1739 4333 iurisl

225 4491 251 4526 ¹¹
263 4490 504 4571 respondebunt,
520 4493 589 4568 OA,
607 4493 674 4567 LA,
691 4494 758 4565 CB,
777 4494 850 4555 MC.
889 4491 1113 4570 ¹²parucu1as;
1131 4491 1330 4572 particularis
1348 4496 1431 4553 enim
1448 4490 1561 4554 solutio
1578 4513 1640 4553 non
1658 4494 1816 4551 minimum

224 4590 318 4652 babet
337 4591 541 4668 Incommodl„
560 4592 598 4654 V.
640 4590 667 4627 ²⁸
679 4599 721 4671 et,
741 4593 809 4670 LA,
829 4593 898 4680 00,
917 4594 982 4655 Mc
1007 4593 1134 4675 (corn).
1176 4591 1203 4629 ¹⁴
1215 4593 1328 4673 aliquo,
1349 4595 1417 4671 LA,
1438 4595 1516 4670 MG,
1539 4593 1611 4654 MC.
1655 4591 1683 4627 ²⁵
1694 4597 1816 4668 emissa,

226 4695 298 4767 LA,
315 4698 486 4768 commissa,
504 4694 579 4754 MA.
618 4693 737 4768 ²⁰Om.,
755 4697 824 4770 OB,
843 4695 919 4770 MA,
937 4696 1012 4770 ΜΒ,
1030 4696 1108 4770 MG,
1131 4695 1187 4773 (4-
1200 4696 1260 4774 Υ).
1300 4694 1566 4773 ²⁷accapitabunt,
1585 4693 1625 4768 V,
1644 4695 1718 4770 MC,
1737 4694 1816 4769 MG,

227 4794 302 4870 CM,
326 4795 365 4856 Y.
411 4791 439 4828 ¹⁸
451 4792 591 4873 quilibet,
615 4794 683 4870 LA,
708 4795 775 4870 00,
801 4795 877 4871 CM,
902 4795 976 4856 MC.
1024 4793 1124 4856 1⁹non
1149 4799 1274 4874 poterit,
1300 4796 1338 4855 V.
1387 4793 1413 4828 ²⁰
1425 4803 1467 4870 et,
1492 4795 1562 4869 OA,
1588 4796 1655 4869 LA,
1682 4795 1749 4870 00,
1776 4795 1814 4855 V.

225 4894 252 4929 ²²
262 4898 430 4970 tenuerim,
448 4896 517 4971 OA,
537 4896 604 4973 LA,
621 4897 689 4970 OC,
708 4896 781 4958 MC.
822 4894 920 4972 ²²vel,
938 4895 1008 4974 OA,
1026 4897 1093 4970 LA,
1113 4897 1181 4973 OC,
1202 4897 1275 4959 MC.
1316 4894 1342 4929 ²⁸
1354 4903 1533 4974 sequuntur,
1553 4896 1619 4970 LA,
1640 4896 1716 4970 MA,
1738 4896 1815 4971 MG,

225 4996 301 5072 CM,
326 4997 405 5070 MC;
431 5003 654 5076 cousequenter
679 4996 767 5072 facit,
793 4996 859 5059 00.
906 4996 1077 5073 '‘tenetur,
1104 4997 1181 5074 MG,
1207 4998 1282 5072 CM,
1308 4998 1347 5058 Y.
1395 4995 1513 5071 ²⁸0m,
1539 4999 1608 5072 OB,
1636 4996 1712 5071 MA,
1739 4997 1814 5057 ΜΒ.

225 5095 289 5132 ’Μ
302 5098 396 5159 semel
410 5098 448 5158 fit
461 5099 647 5178 homagium,
662 5099 731 5176 OB,
747 5098 823 5173 MA,
838 5098 914 5159 ΜΒ.
951 5095 1210 5178 ²⁸diatIngustur,
1225 5100 1294 5174 OB,
1311 5098 1387 5172 MA,
1404 5098 1480 5158 MB.
1517 5096 1750 5158 ²⁹⁴⁰defectum
1765 5097 1815 5159 rel

225 5197 382 5277 delictum,
397 5200 466 5275 OB,
483 5200 551 5262 MG
569 5199 649 5279 (et),
665 5200 706 5275 Y,
722 5201 802 5274 cM,
818 5198 883 5262 del.
900 5201 951 5262 rel
966 5198 1133 5276 delectum,
1150 5200 1224 5261 MA.
1262 5197 1452 5274 ⁸²dominus,
1470 5199 1549 5276 MG,
1566 5200 1604 5261 Y.
1642 5197 1816 5260 ⁸²¹⁸²domi·

225 5321 282 5363 nus
295 5321 358 5362 non
369 5305 517 5376 amiserit,
529 5302 599 5376 OB,
611 5303 678 5363 MA
693 5301 752 5380 (-
762 5302 934 5380 domiuus),
946 5303 1023 5375 MB,
1036 5301 1101 5363 CE.
1126 5299 1152 5335 ⁸⁸
1164 5301 1244 5379 Oua,
1257 5302 1327 5378 OB,
1340 5302 1416 5377 MA,
1431 5302 1506 5362 ΜΒ.
1531 5299 1558 5334 ⁸⁴
1569 5305 1732 5379 receperis,
1746 5301 1816 5377 OB,

225 5399 263 5463 V.
302 5399 489 5476 ”iufundIt
505 5401 572 5476 00,
588 5401 671 5475 MA;
687 5400 873 5477 infunderlt,
890 5402 959 5478 OB,
975 5402 1051 5463 ΜΒ.
1317 5389 1322 5395 ’
