4394 6342
648 466 709 527 DE
732 466 1034 538 ADQUIRENDO
1057 465 1216 526 RERUM
1238 464 1440 527 DOMINIO
1791 472 1840 538 45

249 618 378 696 omnia
392 619 560 696 tenenda
575 627 666 695 sunt
680 618 721 693 in
736 618 862 694 insula
876 643 961 716 quae
977 616 1075 693 alvei
1090 616 1171 694 solo
1187 616 1366 704 adhaeret,
1383 625 1423 693 et
1438 641 1517 692 non
1533 614 1644 715 quae⁴⁵
1661 599 1839 714 virgultis

250 746 501 815 sustentatur.
527 737 569 814 Si
592 746 722 814 autem
744 737 869 814 insula
892 737 1061 814 rotrmda
1082 737 1301 812 inveniatur
1324 733 1473 813 difficile
1496 736 1569 812 erit
1593 761 1679 812 eam
1700 735 1839 812 metiri.

249 859 342 935 Hoc
360 867 493 936 tamen
511 859 747 947 observetur,
766 857 839 935 ut⁴⁸
859 883 972 935 omne
990 859 1094 957 quod
1113 856 1369 958 propinquius
1389 866 1448 934 est
1466 856 1560 934 mihi
1580 856 1703 945 cedat,
1724 866 1764 934 et
1784 858 1840 934 ita

133 993 138 1004 '
248 981 331 1057 illi‘⁷
356 982 469 1058 cedat
494 982 598 1079 quod
623 980 783 1056 vicinius
809 979 893 1057 erit.
921 981 979 1057 Et
1004 980 1075 1056 hoc
1102 1004 1313 1078 numquam
1340 979 1463 1057 fallet.
1492 978 1658 1056 Habent
1684 979 1839 1078 quidem

248 1103 376 1180 locum
393 1102 471 1178 haec
490 1102 531 1178 in
550 1101 653 1201 agris
673 1127 751 1179 non
770 1101 955 1191 limitatis,
977 1099 1095 1178 nam⁴⁸
1115 1102 1156 1176 in
1175 1101 1349 1178 limitetis
1368 1127 1448 1178 non
1467 1101 1582 1178 habet
1603 1101 1731 1178 locum
1752 1099 1838 1178 ius⁴⁹

248 1222 497 1300 alluvionisft
515 1223 618 1300 Sunt
640 1232 770 1300 autem
790 1223 956 1312 limitati,
979 1224 1045 1323 qui
1067 1224 1315 1321 assignantur
1337 1223 1526 1322 aliquibus
1549 1223 1662 1300 certis
1685 1222 1776 1300 locis
1799 1231 1839 1300 et

247 1343 361 1423 certis
385 1343 599 1433 terminis,⁸²
625 1345 698 1421 ut⁶²
724 1344 894 1422 sciatur⁵⁸
921 1346 1014 1445 quid
1039 1346 1100 1421 cui
1126 1344 1263 1422 datum
1288 1345 1338 1422 sit
1364 1355 1404 1423 et
1429 1344 1523 1444 quid
1550 1353 1744 1422 retentum
1770 1343 1839 1421 et⁸‘

248 1467 434 1544 relicom.
461 1468 658 1544 Praeterea
683 1467 786 1565 agris
811 1467 984 1545 limitatis
1009 1492 1089 1544 non
1114 1466 1216 1543 cedit
1241 1465 1367 1544 insula
1391 1466 1540 1544 ratione
1565 1467 1772 1547 vicirritatis
1797 1468 1838 1544 in

246 1588 406 1665 flumim
418 1588 584 1689 publico,
598 1588 714 1666 immo
727 1589 950 1666 conceditur
962 1589 1178 1687 occupanti,
1193 1597 1232 1666 et
1246 1614 1317 1689 per
1329 1613 1563 1688 consequens
1577 1590 1661 1687 regi
1675 1598 1839 1689 propter

247 1739 360 1791 suum
381 1712 636 1812 privilegium.
659 1710 797 1788 Habet
818 1711 936 1788 etism
955 1711 1082 1787 locum
1103 1711 1237 1787 eadem
1258 1711 1401 1810 species
1423 1710 1645 1788 accessionis
1666 1711 1707 1787 in
1729 1710 1837 1787 alveo

246 1833 415 1911 fluminis
428 1859 453 1909 a
464 1832 623 1908 flumine
635 1832 828 1910 derelicto.
843 1832 958 1909 Cedit
971 1831 1072 1910 enim
1085 1831 1137 1909 eis
1152 1831 1217 1931 qui
1232 1857 1356 1930 prope
1369 1831 1495 1931 ripam
1508 1831 1677 1909 fluminis
1692 1833 1838 1932 praedia

246 1955 456 2056 possident,
484 1980 557 2054 pro
582 1954 699 2031 modo
724 1953 865 2032 scilicet
891 1952 1107 2030 latitudinis
1134 1953 1405 2053 cuiuscumque
1433 1953 1529 2051 agri,
1558 1979 1643 2053 quoe
1670 1954 1836 2031 latitudo

246 2102 370 2177 prope
387 2076 514 2177 ripam
531 2076 591 2154 sit.
611 2077 748 2153 Novus
766 2084 896 2152 autem
914 2074 1044 2152 alveus
1062 2077 1142 2152 eius
1160 2075 1253 2152 iuris
1271 2074 1406 2176 incipit
1424 2101 1505 2152 esse
1523 2076 1631 2153 cuius
1650 2084 1689 2153 et
1708 2076 1836 2176 ipsum

245 2195 402 2285 flumen,
424 2195 544 2272 idest
565 2195 773 2294 publicum.
797 2195 966 2272 Flumen
987 2194 1089 2271 enim
1111 2195 1262 2270 alveum
1285 2194 1355 2271 sibi
1378 2194 1673 2271 constituendo⁸⁸
1697 2220 1836 2293 agrum

246 2314 389 2414 privati
418 2314 514 2390 facit
542 2313 739 2414 publicum
768 2323 807 2392 et
836 2311 1060 2413 publicum⁸⁰
1090 2312 1185 2390 iacit
1213 2313 1421 2411 privatum.
1451 2313 1510 2391 Et
1538 2313 1625 2390 ideo
1654 2314 1836 2391 dieunmr

244 2435 405 2513 flumina
420 2435 500 2512 vice
515 2434 759 2522 censitorum,
775 2432 815 2509 id
830 2442 889 2510 est
904 2431 1073 2509 iudicum
1088 2432 1149 2510 vel
1166 2432 1397 2531 principum,
1416 2430 1569 2530 fungi.⁸²
1589 2434 1717 2509 Iudex
1734 2433 1836 2510 enim

244 2553 304 2630 vel
323 2555 536 2653 imperator
553 2577 653 2652 saepe
672 2551 776 2652 quod
794 2552 908 2629 unius
928 2561 987 2630 est
1005 2550 1116 2628 alteri
1135 2550 1341 2640 adiudicat,
1361 2551 1461 2630 iuste
1481 2552 1542 2628 vel
1561 2551 1713 2642 iniuste,
1733 2551 1836 2629 bona

111 2731 119 2746 .
244 2671 333 2748 fidei
350 2671 412 2748 vel
427 2671 542 2748 mala.
562 2671 641 2749 Sed
657 2671 723 2748 ubi
739 2670 884 2747 flumen
900 2670 992 2748 mihi
1010 2670 1170 2747 abstulit
1187 2696 1316 2747 meum
1333 2670 1522 2770 predium
1539 2696 1610 2770 per
1629 2671 1727 2748 alvei
1745 2696 1833 2748 con·

243 2789 494 2880 stitutionem,
511 2790 676 2868 deinde⁶⁸
692 2789 820 2867 redit³⁹
837 2791 888 2866 ad
905 2789 1108 2889 antiquum
1126 2789 1288 2878 alveum,
1307 2790 1355 2867 de
1371 2790 1454 2867 iure
1471 2789 1632 2867 stricto⁰⁰
1649 2789 1716 2866 in⁰¹
1736 2816 1832 2891 prae·

242 2909 306 2988 dio
321 2911 518 3010 quondam
530 2935 616 2987 meo
630 2910 724 2987 nibil
738 2935 897 3009 possum
911 2907 1116 2985 vindicare.
1134 2908 1249 2986 Cedit
1265 2909 1366 2985 enim
1382 2907 1468 2986 his⁸²
1484 2909 1550 3009 qui
1567 2935 1690 3009 prope
1706 2911 1833 3010 ripam

242 3030 389 3132 proedia
413 3030 567 3106 habent.
593 3029 660 3106 De
686 3028 866 3128 equitate
892 3038 1024 3106 tamen
1049 3026 1115 3104 vix
1142 3029 1293 3127 optinet
1319 3027 1402 3118 hoc,
1429 3029 1469 3106 id
1495 3038 1554 3106 est
1582 3030 1690 3106 nullo
1716 3029 1832 3107 modo

241 3150 400 3227 obtinet.
418 3149 499 3226 Ubi
517 3159 647 3227 autem
662 3148 808 3225 flumen
825 3149 976 3225 alveum
994 3148 1064 3224 sibi
1080 3171 1159 3224 non
1175 3148 1376 3224 constituit
1391 3147 1433 3225 in
1450 3174 1589 3246 agrum
1605 3175 1746 3238 meum,
1764 3150 1831 3226 sed

240 3269 350 3346 illum
369 3269 626 3357 inundaverit,
646 3293 725 3345 non
744 3269 973 3345 immutatur
993 3267 1136 3368 species
1158 3266 1237 3344 eius
1258 3277 1447 3366 quantum
1468 3268 1519 3344 ad
1539 3268 1829 3369 proprietatem.

339 3394 405 3471 Dc
433 3393 645 3471 accerrima
674 3415 760 3490 qooe
788 3393 835 3491 fit
864 3390 1032 3469 bumana
1059 3400 1203 3468 notura
1231 3400 1416 3490 operante
1445 3416 1518 3490 per
1547 3391 1830 3471 adiunctionem

339 3511 564 3610 specierum.

239 3633 378 3710 Hmc⁸⁸
395 3635 443 3713 de
462 3634 674 3712 accessione
691 3659 776 3734 qua
794 3632 867 3712 fit⁸⁴
885 3644 1041 3712 tanturn
1059 3633 1189 3711 divina
1207 3643 1349 3711 natura
1367 3643 1564 3733 operante.
1586 3636 1663 3712 Est
1682 3645 1721 3713 et
1742 3637 1828 3725 alia,

238 3778 324 3852 quse
341 3753 388 3830 fit
405 3761 560 3832 tantum
578 3754 748 3831 humana
766 3763 908 3830 natura
928 3763 1126 3852 operante,
1147 3779 1231 3853 quae
1251 3754 1297 3830 fit
1318 3779 1389 3853 per
1410 3754 1694 3832 adiunctionem
1714 3757 1828 3833 unius

238 3873 377 3973 speciei
399 3875 449 3950 sd
473 3873 599 3963 aliam,
622 3873 792 3950 eiusdem
813 3873 964 3971 generis
988 3873 1049 3949 vel
1072 3871 1251 3961 diversi,⁸⁵
1276 3871 1375 3970 per“
1399 3873 1742 3974 applumbaturam
1766 3874 1827 3951 vel

238 3991 608 4082 imminutionem,
633 3993 842 4071 secandum
866 3993 970 4090 quod
994 3992 1034 4068 in
1059 3991 1284 4069 Institutis⁸⁷
1308 3992 1463 4090 legitur,
1488 4001 1528 4069 et
1551 3992 1602 4068 ibi
1627 4018 1711 4091 quae
1735 4019 1827 4094 pars

237 4109 377 4188 alteri⁰⁸
390 4111 528 4188 debeat
540 4135 762 4188 accrescere.
780 4112 823 4188 Si
838 4120 969 4188 autem
982 4136 1054 4211 per
1068 4110 1422 4210 applumbaturam,
1435 4111 1562 4189 minor
1575 4111 1677 4190 cedit
1691 4113 1827 4190 maiori

236 4231 298 4307 vel
319 4230 547 4330 pretiosiori,
569 4240 608 4307 et
630 4231 661 4307 si
683 4239 823 4307 neutra
844 4230 1059 4330 pretiosior,
1083 4229 1241 4328 quilibet
1265 4256 1378 4308 suum
1399 4229 1618 4307 vindicabit.
1643 4231 1827 4308 Vindicat

235 4351 354 4428 etiam
366 4349 437 4430 sibi
452 4351 579 4428 locum
592 4351 652 4428 ius
666 4349 888 4427 accessionis
903 4350 943 4426 in
958 4348 1124 4426 adificiis
1139 4374 1211 4448 per
1225 4348 1401 4425 humanae
1416 4357 1565 4426 nature
1580 4350 1763 4441 laborem,
1779 4359 1826 4427 ut

235 4567 337 4649 “qut
358 4569 437 4646 MG,
458 4570 532 4631 CM.
575 4567 706 4649 ⁴⁰quod,
727 4569 767 4644 V,
790 4570 864 4630 MA.
909 4567 1036 4644 ⁴'illud
1058 4569 1125 4645 OC,
1148 4569 1226 4643 MG,
1249 4569 1329 4642 CM;
1352 4567 1417 4646 ille,
1439 4569 1508 4632 OA.
1553 4567 1673 4645 “aam,
1696 4570 1736 4645 V,
1758 4570 1826 4646 ΟΟ,

236 4671 314 4748 MG,
333 4670 408 4748 ΟΜ,
427 4671 507 4744 ΜΟ,
525 4691 598 4747 non,
617 4671 686 4745 OA,
705 4670 772 4747 CB,
792 4671 869 4744 ΜΒ,
888 4671 967 4744 ΗΑ;
988 4690 1057 4746 om,
1076 4671 1146 4746 OB,
1166 4670 1241 4731 MA.
1284 4667 1394 4730 ‘⁰⁶⁸⁰in
1414 4669 1630 4748 alluvionibus,
1652 4672 1730 4749 MG,
1751 4673 1824 4734 CM.

235 4768 261 4804 '²
272 4773 376 4845 terris,
400 4771 470 4845 OB,
493 4770 570 4846 MA,
594 4771 671 4846 ΜΒ,
695 4771 769 4832 ΜΟ.
815 4769 946 4832 ⁶⁸¹⁸⁸ubi
970 4775 1078 4846 scitur,
1102 4771 1142 4845 V,
1167 4771 1237 4847 OA,
1262 4772 1339 4833 MG.
1385 4770 1530 4847 ⁸⁸scitur,
1555 4774 1623 4850 ΟΒ,
1649 4775 1724 4850 ΟΜ,
1750 4775 1823 4836 ΜΟ.

235 4867 305 4932 “et
320 4870 406 4949 quid,
422 4871 501 4946 MG,
517 4871 591 4933 CM.
629 4870 657 4906 ⁸⁸
668 4871 866 4946 consuetudo,
884 4871 953 4946 OA,
971 4872 1040 4948 OB,
1058 4873 1134 4947 MB,
1153 4872 1228 4947 MC,
1246 4873 1318 4947 OB;
1336 4878 1497 4935 constituit
1514 4875 1738 4952 constituendo,
1757 4875 1823 4938 ΟΟ.

234 4967 353 5048 ⁸⁸0m,
376 4971 445 5046 ΟΟ,
469 4971 547 5047 MG,
571 4971 645 5034 CM.
690 4970 816 5052 ‘'fingi,
840 4973 910 5047 OB,
934 4974 1010 5034 MB.
1057 4970 1226 5050 ⁶⁸demum,
1250 4974 1327 5049 MA,
1353 4975 1430 5038 MG.
1477 4973 1503 5010 ⁸⁰
1515 4975 1618 5052 rediit,
1644 4976 1723 5053 MG,
1749 4979 1822 5039 CM.

233 5067 261 5105 ‘⁰
271 5072 400 5149 scripto,
415 5069 483 5148 ΟΟ,
500 5071 577 5147 MG,
594 5073 667 5134 CM.
705 5070 731 5106 ⁸²
743 5081 785 5149 et,
801 5071 870 5148 OA,
885 5073 955 5150 OB,
972 5074 1048 5148 MA,
1066 5074 1143 5150 MB,
1160 5075 1215 5137 ΟΒ
1237 5075 1296 5153 (-
1305 5075 1452 5155 predio).
1491 5076 1567 5152 ⁰²is,
1584 5078 1659 5151 OA;
1676 5082 1731 5155 eir,
1747 5080 1823 5152 OB;

233 5189 303 5246 om,
327 5171 404 5248 MB,
428 5172 495 5233 MA
522 5171 622 5250 (-{-et
645 5172 723 5252 bis).
769 5171 872 5251 ‘’sed,
895 5174 965 5251 OB,
990 5176 1065 5237 MB.
1112 5175 1231 5253 04Οιιι,
1255 5178 1333 5253 MG,
1359 5179 1439 5252 CM;
1464 5183 1517 5253 sit,
1541 5181 1617 5242 MB.
1664 5177 1823 5256 Μ*Οιιι.,

231 5269 301 5345 ΟΒ,
319 5270 396 5347 ΜΒ,
419 5271 456 5349 (*
468 5272 563 5351 MA).
604 5271 630 5306 ⁸²
642 5276 765 5350 iniuste,
784 5275 1043 5350 MG31niustum,
1062 5277 1134 5350 00;
1153 5281 1284 5354 iustitia,
1303 5280 1386 5353 MB;
1406 5279 1503 5356 iufra,
1523 5281 1562 5343 V.
1604 5279 1723 5360 ⁸⁸Om.,
1743 5284 1822 5358 MG,
