4432 6340
653 486 714 546 DE
737 487 1040 559 ADQUIRENDO
1063 487 1220 548 RERUM
1244 487 1446 548 DOMINIO
1772 494 1847 564 259

258 635 422 713 moritur
439 636 492 712 A.
512 637 553 713 in
571 638 651 714 vita
670 639 819 714 uxoris:
839 638 916 714 iam
936 638 1146 715 deliberata
1166 649 1223 716 est
1243 638 1433 715 hereditas
1455 637 1573 736 ipsius
1594 639 1647 714 A.
1669 640 1724 714 ita
1744 639 1847 737 quod

259 755 309 830 ad
321 754 519 830 dominum
532 781 645 831 suum
657 757 827 854 pertinet
838 757 1013 833 custodia
1024 767 1137 834 terrae
1149 766 1188 834 et
1201 756 1361 845 heredia,
1375 766 1414 833 et
1428 757 1531 855 quod
1543 756 1651 834 heres
1665 755 1847 834 tenetur⁸⁸

259 873 309 948 ad
329 871 562 971 homagium,
586 882 626 948 et
647 873 835 973 perinde⁸⁴
858 876 961 973 quod
985 875 1161 952 dominus
1185 902 1276 952 suus
1298 875 1437 952 habeat
1459 875 1718 973 maritagium.
1744 877 1848 952 Item

258 1001 339 1068 esto
354 993 458 1091 quod
471 992 520 1069 B.
535 1019 634 1068 uxor
649 993 933 1092 praemoriatur:
949 993 1102 1070 videtur
1115 994 1235 1091 igitur
1250 994 1347 1070 sicut
1362 995 1403 1070 in
1416 1019 1508 1070 casu
1523 994 1728 1093 praemisso,
1745 995 1848 1093 quod

259 1110 417 1186 feodum
434 1112 577 1187 domini
595 1112 653 1188 sui
670 1113 718 1188 de
736 1138 811 1210 quo
829 1113 953 1188 tenuit
971 1113 1020 1189 sit
1038 1113 1301 1200 deliberatum,
1321 1123 1359 1190 et
1378 1114 1481 1211 quod
1500 1114 1533 1189 ei
1550 1122 1746 1213 competat
1764 1138 1847 1188 cus·

257 1228 365 1304 todia
384 1237 498 1305 terrae
520 1239 559 1305 et
580 1230 729 1306 heredis
751 1240 791 1307 et
812 1231 1077 1328 maritagium:
1103 1231 1205 1329 quod
1229 1233 1382 1330 quidem
1405 1257 1484 1307 non
1507 1241 1565 1308 est
1588 1259 1733 1320 verum,
1759 1233 1849 1332 quia

259 1347 384 1424 adhuc
401 1350 517 1425 durat
534 1348 756 1446 homagium
774 1349 894 1449 ipsius
913 1350 965 1424 A.
986 1349 1162 1425 factum³⁵
1182 1350 1337 1425 domino
1357 1350 1513 1449 capitali
1533 1350 1685 1427 nomine
1704 1351 1847 1440 uxoris,

259 1466 363 1565 quod
386 1467 427 1542 in
451 1467 674 1566 vitaipsius
698 1466 780 1544 A.³⁸
805 1493 883 1544 non
907 1468 1140 1558 dissolvitur,
1165 1492 1254 1544 cum
1278 1479 1411 1546 tenere
1435 1469 1572 1545 debeat
1597 1468 1849 1547 hereditatem

258 1585 389 1661 uxoris
410 1610 488 1661 suar
507 1610 578 1683 per
598 1585 724 1683 legem
744 1586 900 1683 Angliae
921 1587 971 1662 ad
992 1588 1113 1663 vitam
1134 1613 1253 1663 suam.
1278 1587 1336 1664 Et
1357 1589 1460 1664 unde
1483 1589 1648 1664 durante
1669 1588 1848 1688 homagio

258 1704 377 1803 ipsius
396 1704 450 1780 A
471 1704 579 1782 heres
601 1730 692 1782 suus
713 1706 784 1781 sub
805 1715 999 1804 potestate
1019 1731 1089 1782 sua
1110 1706 1332 1794 remanebit,
1354 1715 1393 1783 et
1415 1707 1571 1805 capitali
1593 1707 1748 1783 domino
1769 1733 1849 1783 non

257 1821 452 1898 tenebitur
473 1823 523 1900 ad
544 1823 767 1921 homagium
788 1823 940 1900 vivente
962 1833 1085 1923 patre,
1107 1848 1196 1900 cum
1217 1850 1296 1900 non
1318 1825 1440 1924 possit
1463 1826 1546 1923 quis
1569 1826 1646 1902 duo
1668 1825 1848 1924 homagia

258 1940 306 2017 de
326 1965 404 2017 uno
424 1950 645 2018 tenemento
664 1967 801 2041 capere
824 1943 937 2019 simul
957 1969 980 2018 a
1002 1944 1161 2019 duobus.
1185 1943 1302 2032 Quod
1324 1952 1453 2019 autem
1476 1945 1621 2020 dictum
1642 1954 1700 2021 est
1721 1944 1848 2020 locum

257 2059 372 2138 habet
391 2061 432 2136 in
448 2060 587 2138 herede
605 2062 808 2138 communi.
831 2062 874 2137 Si
893 2071 1023 2138 autem
1043 2062 1119 2138 sint
1140 2062 1278 2138 diversi
1298 2062 1403 2137 aliud
1422 2062 1506 2150 erit,
1528 2073 1572 2140 ut
1592 2063 1623 2138 si
1643 2063 1701 2137 vir
1721 2062 1848 2161 primo

258 2180 494 2256 contraxerit
514 2204 601 2255 cum
622 2180 788 2278 quadam
809 2179 972 2256 habente
993 2180 1256 2268 hereditatem,
1279 2189 1318 2256 et
1338 2181 1476 2257 herede
1497 2190 1700 2279 procreato
1720 2182 1847 2258 deces-

258 2297 350 2373 serit
364 2297 434 2386 vir,
450 2295 573 2373 adhuc
588 2323 667 2373 non
681 2309 739 2376 est
753 2297 943 2375 hereditas
961 2298 1171 2375 dehberata
1185 2299 1337 2376 vivente
1352 2325 1485 2388 uxore,
1502 2325 1571 2376 nec
1586 2299 1846 2400 maritagium.

258 2417 316 2494 Et
334 2416 365 2492 si
382 2417 630 2514 postmodum
645 2417 821 2516 nupserit
839 2415 977 2494 alteri⁸⁷
996 2416 1107 2492 viro⁸⁸
1125 2418 1186 2494 vel
1204 2418 1380 2517 pluribus
1399 2418 1617 2507 successive,
1637 2443 1849 2518 numquam

259 2533 531 2612 deliberabitur
550 2537 724 2612 custodia
743 2537 804 2611 vel
823 2536 1072 2634 maritagium
1091 2536 1132 2612 in
1151 2537 1231 2613 vita
1252 2563 1321 2612 sua
1341 2538 1402 2614 vel
1422 2538 1604 2626 virorum,
1625 2546 1670 2613 ut
1690 2538 1847 2637 praedic-

258 2661 343 2729 tum
360 2662 429 2729 est.
451 2653 494 2730 Si
513 2663 643 2730 autem
661 2679 760 2730 uxor
777 2654 1046 2753 praemoriatur
1064 2655 1205 2754 etipse
1224 2654 1339 2731 aliam
1357 2681 1519 2732 uxorem
1537 2655 1703 2744 duxerit,
1724 2656 1849 2732 adhuc

257 2773 330 2850 erit
348 2773 444 2850 illud
461 2773 562 2850 idem
579 2774 784 2850 dicendum
802 2775 850 2850 de
866 2773 1076 2850 hereditate
1094 2773 1225 2850 uxoris
1244 2773 1387 2873 primae.
1409 2774 1487 2849 Sed
1505 2799 1593 2850 cum
1610 2775 1670 2850 vir
1687 2799 1848 2873 praemo-

257 2890 393 2979 riatur,
412 2890 685 2967 deliberabitur
701 2891 892 2968 hereditas
909 2892 1058 2969 heredis
1075 2891 1124 2969 de
1142 2891 1218 2967 alio
1235 2893 1329 2968 viro.
1349 2892 1535 2968 Praemori
1555 2902 1685 2969 autem
1704 2893 1848 2991 poterit

258 3010 317 3087 vir
331 3011 392 3087 vel
406 3037 507 3087 uxor
521 3037 592 3110 per
607 3010 730 3087 maius
745 3020 900 3110 tempus
916 3011 977 3087 vel
992 3010 1131 3100 minus,
1147 3011 1208 3087 vel
1224 3011 1436 3099 minimum,
1453 3012 1549 3087 hora
1564 3010 1625 3086 vel
1640 3020 1847 3087 momento.

258 3132 317 3208 Et
337 3132 401 3207 ille
421 3131 597 3208 dominus
620 3156 771 3230 semper
790 3131 1055 3229 praeferendus
1077 3130 1149 3207 erit
1172 3130 1278 3206 cuius
1302 3130 1460 3206 feodum
1482 3129 1590 3228 prius
1614 3130 1733 3206 fuerit
1756 3130 1847 3207 deli-

258 3249 447 3326 beratum.
477 3249 556 3326 Sed
582 3257 664 3325 esto
690 3249 793 3347 quod
819 3259 995 3326 constare
1021 3274 1100 3324 non
1127 3248 1248 3348 possit
1276 3248 1360 3347 quis
1387 3248 1541 3325 illorum
1569 3248 1847 3347 praemoriatur,

257 3375 351 3442 tunc
374 3368 650 3443 recurrendum
674 3374 732 3443 est
756 3367 807 3442 ad
832 3365 1054 3465 antiquius⁸⁹
1080 3365 1267 3444 feodum⁴⁰
1291 3366 1379 3443 vel⁴²
1406 3367 1715 3474 teoffamentum,
1740 3367 1848 3444 nullo

257 3485 388 3564 habito
405 3494 584 3585 respectu
601 3487 651 3563 ad
667 3485 910 3584 prioritatem
927 3485 1222 3563 deliberationis.

359 3606 461 3682 Cam
478 3604 611 3704 plures
628 3604 705 3681 aiot
724 3604 869 3681 domim
887 3603 1071 3703 capitales
1091 3613 1171 3680 tom
1190 3628 1239 3681 ea*
1257 3614 1370 3703 parte
1388 3605 1513 3704 patria
1532 3630 1648 3704 quam
1669 3628 1717 3682 aa
1735 3612 1850 3704 parte

359 3722 503 3799 mnus.

258 3841 365 3924 ,Cau
382 3849 512 3917 autem
529 3851 611 3917 tam
627 3866 675 3916 ex
692 3850 803 3939 parte
820 3839 1042 3917 hereditatis
1060 3841 1182 3939 patris
1200 3866 1316 3939 quarn
1333 3867 1381 3917 ex
1399 3851 1511 3938 parte
1528 3841 1751 3920 hereditatis
1767 3867 1848 3918 ma·

257 3959 329 4035 tris
343 3957 474 4058 plures
488 3959 565 4036 sint
579 3959 723 4036 domini
736 3959 931 4058 capitales,
947 3969 985 4036 et
1000 3959 1210 4035 deliberata
1226 3959 1345 4035 fuerit
1360 3959 1551 4036 hereditas
1566 3985 1615 4035 ex
1630 3986 1708 4036 una
1723 3971 1848 4058 parte,

258 4088 467 4177 antequam
479 4087 645 4177 utraque
658 4077 849 4154 hereditas
863 4077 1067 4153 coniuncta
1082 4077 1130 4154 sit
1145 4078 1186 4153 in
1200 4102 1365 4176 persona
1379 4077 1493 4154 unius
1508 4076 1657 4154 heredis
1672 4103 1721 4154 ex
1736 4087 1849 4177 parte

258 4196 325 4272 illa
350 4221 433 4294 quae
455 4196 667 4273 deliberata
691 4196 822 4284 fuerit,
847 4195 920 4273 erit
945 4195 1008 4272 ille
1033 4195 1209 4272 dominus
1235 4195 1499 4294 praeferendus
1525 4196 1590 4293 qui
1616 4196 1764 4295 primus
1789 4205 1848 4273 est

258 4314 446 4391 feoffator
465 4324 504 4391 et
525 4315 701 4391 dominus
721 4313 876 4414 ligius,⁴²
897 4313 964 4391 et⁴⁸
984 4314 1045 4389 cui
1066 4314 1129 4390 ille
1150 4323 1367 4390 antecessor
1388 4314 1453 4412 qui
1475 4313 1568 4391 obiit
1590 4314 1682 4391 fecit
1703 4313 1848 4412 ligean·

258 4435 364 4511 tiam.
380 4435 533 4511 Eodem
548 4435 662 4510 modo
677 4459 766 4510 cum
778 4432 968 4509 hereditas
983 4433 1194 4531 utriusque,
1210 4443 1293 4510 tam
1308 4432 1430 4531 patris
1447 4430 1591 4531 quam⁴⁴
1607 4430 1753 4521 matris,
1770 4458 1850 4510 una

257 4553 319 4628 vel
335 4553 478 4652 plures,
495 4552 700 4642 coniuncta
715 4552 764 4629 sit
780 4552 821 4626 in
837 4577 1002 4651 persona
1018 4551 1131 4626 unius
1148 4550 1309 4639 heredia,
1328 4551 1452 4626 adhuc
1469 4551 1542 4628 erit
1558 4552 1622 4628 ille
1641 4551 1848 4651 praeferen-

258 4673 288 4748 f.
303 4673 372 4765 90]
429 4671 501 4747 dus
519 4671 584 4768 qui
602 4668 728 4769 primo
746 4669 925 4746 feoffavit
942 4695 1013 4768 per
1032 4669 1229 4746 servitium
1247 4669 1424 4759 mihtare,
1443 4669 1618 4747 omnibus
1639 4671 1722 4747 aliis
1740 4671 1847 4769 peni-

257 4798 323 4867 tus
351 4788 525 4878 exclusis,
555 4787 643 4865 licet
671 4788 722 4863 ibi
750 4788 903 4865 infinita
931 4789 1008 4864 sint
1037 4789 1302 4864 feoffamenta.
1333 4788 1473 4865 Plures
1504 4797 1634 4864 autem
1663 4788 1847 4887 capitales

258 4907 403 4984 domini
421 4908 647 4984 feoffatores
664 4933 735 5006 per
751 4906 948 4983 servitium
965 4907 1130 4983 militare
1148 4906 1207 4982 ius
1224 4905 1364 4982 habere
1381 4915 1567 5005 poterunt
1585 4906 1626 4982 in
1642 4907 1849 5006 maritagio

258 5105 284 5140 ⁸⁸
296 5114 449 5181 tencatur,
464 5108 503 5182 V,
517 5108 594 5169 MG.
630 5105 657 5140 ⁸⁴
668 5107 797 5185 perinde
811 5115 869 5181 eat,
884 5108 923 5184 V,
938 5108 1014 5169 MG.
1052 5105 1221 5180 ⁸⁵tantum,
1236 5108 1305 5183 OB,
1320 5107 1484 5184 MB,CE;
1499 5127 1562 5181 un,
1578 5106 1651 5167 CM.
1689 5103 1848 5180 ⁸4⁸⁶Om,

258 5207 332 5267 MA
372 5205 514 5282 ⁸⁷ahcui,
531 5208 608 5269 MG.
647 5205 818 5270 ⁸¹·”alicui
835 5212 902 5270 viro
921 5207 1022 5284 alteri,
1041 5210 1110 5283 OB,
1128 5209 1204 5283 MA,
1225 5208 1302 5282 MB,
1320 5208 1382 5268 CM
1406 5207 1474 5284 (ali.
1495 5208 1549 5269 alt.
1568 5206 1627 5283 v.).
1670 5205 1748 5268 ”ad
1767 5211 1848 5268 anti·

257 5326 360 5385 quum,
376 5306 444 5383 OC,
460 5306 537 5383 MG,
554 5308 627 5368 CM.
666 5303 824 5382 ⁴⁰·⁴¹Om.,
840 5309 909 5384 OA,
926 5309 993 5382 LA,
1009 5309 1075 5371 OC.
1113 5306 1140 5342 ⁴²
1152 5307 1319 5387 legitimus,
1337 5309 1413 5385 MA,
1431 5309 1509 5385 MG,
1527 5309 1601 5370 cM.
1641 5307 1760 5383 “Om,
1777 5309 1848 5386 OB,

258 5407 335 5480 MA,
353 5408 427 5468 ΜΒ.
466 5405 492 5440 ⁴⁴
504 5426 595 5485 quam
611 5405 740 5484 scilicet,
756 5409 826 5482 OB,
844 5409 920 5484 MA,
937 5410 1004 5471 MG
1025 5409 1108 5486 (scil.
1126 5409 1247 5488 quam).
