4394 6342
369 429 419 498 4ss
899 418 1122 480 BBACTON:
1144 419 1206 480 DB
1230 417 1421 480 LEGIBUS

368 571 578 651 secundum
593 569 697 670 quod
713 569 874 646 inierim
889 569 1049 647 dicetur.
1066 568 1303 668 Adquiritur
1317 569 1433 646 etiam
1450 593 1509 645 res
1526 567 1735 667 corporalis
1753 592 1824 666 per
1839 568 1959 645 tradi·

367 691 523 780 tionem,
542 715 627 789 qua
645 715 705 766 res
722 688 932 788 corporalis
949 689 1197 766 traditionem
1214 687 1377 788 patitur,
1396 687 1500 787 quod
1518 712 1597 764 non
1615 684 1738 763 facit¹⁸
1757 712 1817 764 res
1836 686 1959 763 incor-

368 807 552 908 poralis,¹'
567 816 614 885 ut
628 817 719 886 sunt
732 808 829 884 iura.
845 807 904 885 Et
918 807 1011 907 quid
1027 807 1076 886 sit
1091 807 1248 883 traditio
1263 816 1304 884 et
1318 831 1403 907 qua
1418 803 1635 885 sufficiant’⁸
1650 831 1724 907 pro
1738 805 1959 896 traditione,

368 929 517 1007 dicetur
533 929 640 1004 infra
655 927 806 1026 plenius
823 927 872 1004 de
888 926 1169 1004 donationibus.

467 1139 556 1213 leta
567 1137 765 1236 pertineat
780 1135 831 1214 ad
845 1136 1045 1213 materiam
1059 1160 1182 1234 capro
1195 1137 1243 1214 de
1257 1159 1387 1214 reram
1402 1134 1596 1212 dividam.

368 1257 452 1332 Esr
474 1255 618 1334 etiam²⁹
640 1255 715 1331 alia
736 1253 871 1331 divisio
891 1280 1032 1344 rerum,
1054 1263 1094 1330 et
1115 1255 1164 1332 de
1185 1279 1262 1353 qua
1283 1255 1460 1353 superius
1483 1254 1623 1331 dicitur
1645 1253 1685 1330 in
1707 1263 1831 1354 parte,
1855 1252 1959 1354 quod

368 1375 451 1451 alioe
467 1384 558 1453 sunt
576 1374 794 1474 corporales
813 1375 894 1451 aliae
912 1373 1182 1473 incorporales.
1203 1373 1435 1474 Corporales
1454 1383 1544 1450 sunt
1563 1373 1620 1449 hae
1638 1399 1723 1473 quoe
1741 1375 1800 1449 sui
1817 1383 1960 1451 natura

367 1496 477 1593 tangi
494 1503 669 1594 possunt,
685 1493 814 1593 qualia
830 1505 921 1572 sunt
937 1493 1096 1582 fundus,
1112 1493 1238 1582 bomo,
1254 1493 1381 1582 vestis,
1400 1519 1549 1582 aurum,
1568 1492 1802 1592 argentum⁸⁰
1820 1503 1860 1572 et
1877 1492 1959 1569 alia

367 1640 428 1692 res
445 1614 739 1692 innumerabiles
757 1639 841 1714 qua
858 1639 989 1691 omnes
1007 1614 1201 1690 numerari
1220 1638 1298 1690 non
1316 1622 1479 1712 possunt
1496 1622 1660 1712 propter
1678 1638 1811 1690 earum
1829 1614 1958 1690 multi·

366 1734 551 1811 tudinem.
566 1734 625 1810 Et
637 1733 722 1810 ideo
735 1733 876 1811 dicitur
887 1741 1030 1810 notura
1041 1732 1113 1822 arti,
1126 1732 1214 1809 licet
1227 1757 1288 1810 res
1300 1733 1411 1830 tangi
1425 1757 1504 1808 non
1516 1732 1638 1832 possit
1651 1741 1815 1833 propter
1827 1756 1959 1810 casum

368 1853 483 1942 forte,
502 1853 592 1952 quia
611 1879 671 1930 res
690 1851 824 1928 cecidit
843 1851 883 1927 in
902 1850 1145 1950 profundum
1163 1851 1292 1941 maris,
1311 1851 1373 1928 vel
1392 1861 1556 1950 propter
1576 1851 1840 1929 diffiurltatem
1860 1852 1959 1928 sicut

368 1970 486 2047 stella
507 1971 598 2047 caelo
618 1970 786 2059 infixae,⁸²
807 1980 846 2048 et
869 1995 953 2069 quae
973 1997 1034 2048 res
1056 1971 1275 2068 corporales
1297 1980 1400 2060 sunt,
1421 1970 1538 2047 lioet⁸²
1559 1971 1671 2069 tangi
1693 1995 1772 2047 non
1795 1981 1959 2070 possunt

366 2091 558 2193 praedietis
587 2090 812 2180 rationibus,
840 2098 973 2166 tamen
1001 2088 1204 2188 tangibilia
1233 2098 1335 2167 sunt.
1367 2090 1472 2167 Item
1500 2089 1718 2188 corporales
1748 2089 1837 2166 res⁸⁸
1867 2099 1958 2167 sunt
2101 2177 2106 2182 ,

368 2215 500 2289 fumus
523 2221 562 2288 et
583 2236 646 2288 aer.
670 2211 749 2287 Est
770 2210 872 2287 enim
894 2235 946 2286 oer
968 2235 1090 2287 unum
1113 2235 1160 2286 ex
1183 2218 1351 2309 quatuor
1374 2209 1570 2287 elementis
1594 2235 1643 2287 ex
1667 2208 1804 2308 quibus
1829 2210 1958 2286 omnia

367 2357 532 2430 corpora
552 2338 731 2407 constant
753 2338 793 2405 et
813 2336 1005 2406 creantur.
1030 2327 1137 2405 Illud
1159 2328 1261 2406 idem
1283 2327 1428 2406 etiam⁸‘
1450 2327 1537 2405 est³⁸
1560 2329 1665 2429 quod
1687 2329 1896 2405 assumitur
1918 2338 1959 2406 et

366 2451 578 2528 remittitur
599 2476 623 2526 a
642 2474 814 2548 corpore,
836 2447 932 2526 sicut
954 2448 1072 2526 flatus
1092 2458 1132 2525 et
1153 2448 1354 2525 anhelitus.
1379 2447 1648 2548 Incorporales
1670 2473 1762 2525 vero
1782 2475 1844 2526 res
1867 2456 1959 2526 sunt

367 2598 451 2671 quae
466 2573 577 2670 tangi
592 2596 671 2648 non
687 2579 862 2671 possunt,
879 2570 1008 2669 qualia
1025 2579 1116 2647 sunt
1131 2595 1178 2647 ea
1194 2594 1278 2669 quoe
1294 2569 1336 2646 in
1352 2571 1435 2646 iure
1452 2570 1678 2659 consistunt,
1697 2569 1795 2647 sicut
1811 2570 1956 2646 beredi-

365 2700 438 2780 tas,
469 2692 725 2794 ususfructus,
757 2689 1025 2766 advocationes
1054 2688 1309 2776 ecclesiarum
1340 2686 1593 2786 obligationes
1623 2687 1690 2766 et⁸⁰
1721 2689 1887 2766 actiones
1918 2699 1958 2767 et

366 2810 594 2888 huiusmodi.
619 2811 703 2887 Nec
726 2810 855 2886 obstat
877 2810 980 2908 quod
1003 2808 1044 2884 in
1065 2808 1289 2897 hereditate,
1312 2807 1547 2885 usufructu⁸⁷
1572 2818 1611 2886 et
1634 2808 1852 2885 huiusmodi
1875 2834 1957 2884 cor·

367 2929 519 3028 porales
542 2954 602 3006 res
626 2927 908 3016 contineantur,
932 2952 1024 3003 nam
1048 2927 1151 3026 quod
1176 2951 1225 3003 ex
1250 2927 1380 3025 aliqua
1404 2925 1637 3025 obligatione
1662 2927 1770 3004 nobis
1795 2927 1958 3005 debetur

366 3048 594 3148 plerumque
612 3045 812 3145 corporale
830 3053 901 3134 est,
921 3046 1041 3122 veluti
1060 3045 1219 3135 fundus,
1240 3046 1365 3135 homo,
1386 3046 1549 3145 pecunia
1568 3054 1608 3122 et
1627 3044 1854 3122 huiusmodi.
1879 3046 1957 3123 Sed

367 3169 495 3268 ipsum
513 3168 573 3244 ius
590 3165 825 3254 hereditatis,
843 3165 884 3241 id
902 3174 960 3242 est
979 3165 1107 3264 ipsum
1124 3165 1183 3242 ius
1204 3164 1308 3263 quod
1326 3173 1385 3241 est
1403 3164 1606 3254 hereditas,
1627 3164 1866 3265 incorporale
1886 3175 1956 3243 est.

367 3286 427 3363 Et
441 3287 497 3363 ita
512 3285 717 3362 dicendum
732 3295 790 3361 est
808 3285 855 3362 de
871 3283 954 3360 iure
971 3282 1105 3360 utendi
1122 3283 1278 3359 fruendi
1295 3293 1334 3360 et
1350 3283 1461 3360 iure⁸⁸
1478 3284 1738 3361 advocationis
1754 3294 1794 3362 et
1812 3285 1957 3383 obliga·

365 3405 481 3482 tionis
495 3413 534 3482 et
549 3402 693 3480 etiam⁸⁹
707 3404 754 3480 de
768 3403 850 3479 iure
865 3401 1096 3479 rusticorum
1110 3401 1353 3500 praediorum.
1371 3402 1641 3501 Incorporales
1657 3404 1773 3481 etiam
1790 3431 1849 3482 res
1866 3413 1958 3481 sunt

366 3524 456 3602 lieet
476 3523 517 3599 in
537 3524 620 3600 iure
640 3548 720 3599 non
740 3522 963 3610 consistant,
985 3521 1083 3598 sicut
1105 3530 1197 3598 sunt
1217 3546 1361 3620 genera
1381 3530 1421 3598 et
1444 3523 1599 3621 species,
1621 3523 1895 3600 calodaemones
1917 3533 1957 3600 et

366 3643 659 3730 cacodemones,
676 3641 804 3718 anima
816 3640 952 3717 mundi
968 3650 1008 3718 et
1024 3640 1159 3716 animae
1174 3639 1382 3717 hominum.

467 3852 532 3928 De
544 3848 804 3928 servitutibus.

368 3971 485 4061 Qum
498 3995 589 4046 vero
604 3969 807 4045 servitutes
822 3975 1148 4043 connumerantur
1161 3968 1262 4043 inter
1278 3967 1371 4043 alias
1387 3992 1447 4044 res
1463 3967 1734 4066 incorporales,
1749 3969 1957 4046 videndum

367 4099 425 4166 est
443 4087 532 4164 hic⁴⁰
551 4089 598 4165 de
619 4086 876 4165 servitutibus.
899 4087 976 4163 Est
995 4085 1097 4161 enim
1117 4085 1292 4185 quedam
1313 4085 1477 4162 servitus
1498 4112 1575 4185 qua
1594 4086 1708 4163 homo
1729 4087 1802 4165 fit⁴²
1825 4114 1957 4165 servus

367 4208 540 4297 hominis,
562 4207 629 4284 sed
650 4207 698 4282 de
718 4232 764 4282 ea
784 4231 862 4281 non
882 4213 1076 4282 tractatur
1096 4204 1167 4294 hio,
1191 4205 1257 4283 sed
1279 4205 1326 4280 de
1349 4203 1443 4280 illa⁴²
1465 4231 1541 4303 qua
1563 4205 1748 4282 subicitur
1770 4209 1957 4304 praedium

367 4327 522 4425 praedio.
544 4327 613 4403 Fit
632 4335 764 4402 tamen
783 4324 833 4401 ad
853 4322 1140 4401 similitudinem
1160 4323 1240 4400 eius
1261 4350 1339 4422 qua
1358 4324 1472 4400 bomo
1493 4324 1542 4402 sit
1564 4350 1696 4402 servus
1716 4326 1890 4416 hominis,
1912 4335 1957 4404 ut

367 4444 465 4522 sieut
482 4443 576 4520 illa⁴⁸
594 4443 817 4519 constitutio
836 4442 975 4518 dicitur
993 4442 1080 4518 ius“
1097 4443 1273 4539 gentium
1292 4469 1368 4541 qua
1387 4442 1471 4542 quis
1491 4444 1659 4520 dominio
1679 4446 1803 4521 alieno
1822 4455 1958 4523 contra

367 4572 549 4641 natiuam
565 4561 761 4650 subicitur,
777 4571 817 4638 et
832 4562 902 4638 hoc
917 4561 1019 4638 idem
1036 4559 1214 4637 dicatur‘⁸
1231 4562 1279 4639 de
1295 4562 1479 4640 servitute
1496 4561 1575 4639 sive
1591 4563 1863 4641 constitutione
1880 4591 1958 4664 qua

367 4731 394 4766 ²⁸
405 4740 488 4808 aunt,
501 4733 567 4792 MA
573 4754 582 4805 ;
596 4731 727 4805 faciunt,
738 4730 777 4789 V.
799 4727 825 4763 ²²
837 4727 1058 4806 incorporales,
1071 4730 1148 4803 MA,
1161 4731 1198 4791 V.
1223 4725 1249 4763 ²⁸
1261 4729 1423 4807 sufficiunt,
1436 4731 1510 4806 CM,
1525 4732 1601 4794 MG.
1626 4730 1653 4766 ²⁹
1664 4740 1778 4808 auum,
1792 4735 1868 4810 MA,
1882 4736 1956 4797 MB.

367 4832 394 4867 ⁸⁰
404 4841 438 4896 et
461 4839 635 4912 argentum,
659 4830 728 4907 OB,
752 4830 819 4906 ΟΟ,
845 4830 923 4904 MG,
948 4831 1023 4906 CM,
1047 4831 1086 4891 Y.
1132 4829 1248 4907 ⁸²fixa,
1274 4832 1343 4906 OB,
1367 4832 1444 4907 ΜΒ,
1470 4833 1538 4908 ΟΕ,
1563 4834 1602 4895 Y.
1649 4833 1753 4913 ⁸²sed,
1778 4836 1856 4911 MG,
1882 4839 1955 4900 ΟΜ.

366 4934 488 5010 ⁸⁸Om.,
510 4935 580 5009 OB,
603 4934 678 4994 MB.
724 4930 843 5008 ⁸⁴Om.,
867 4933 943 5008 ΜΒ,
967 4932 1034 5006 ΟΕ,
1058 4932 1130 4994 HA.
1175 4930 1295 5007 ⁸“Om.,
1319 4934 1389 5009 OB,
1413 4934 1488 4995 MB.
1534 4933 1653 5010 ⁸⁸Om.,
1679 4937 1754 5012 MA,
1780 4938 1858 5012 MG,
1882 4940 1956 5001 CM.

368 5036 394 5072 ⁸²
406 5037 613 5110 ususfructus,
639 5036 709 5111 OB,
736 5033 811 5108 ΜΟ,
837 5034 913 5110 MA,
941 5035 1018 5108 MB,
1046 5034 1113 5109 ΟΕ,
1139 5032 1205 5094 ΟΟ.
1255 5032 1374 5109 ⁸⁸Om.,
1402 5035 1479 5111 MG,
1507 5037 1580 5098 CM.
1630 5035 1748 5113 ⁸⁰Om,
1776 5040 1854 5115 MG,
1883 5041 1956 5102 ΟΜ.

368 5136 570 5200 ”videndum
591 5136 653 5210 hic,
674 5136 743 5211 OA,
767 5135 843 5209 MA,
865 5135 905 5210 Y,
929 5135 1002 5196 ΜΟ.
1047 5132 1137 5208 ⁴¹sit,
1160 5135 1236 5209 MA,
1260 5134 1332 5197 HA.
1378 5133 1404 5168 ⁴²
1416 5135 1482 5212 illa,
1504 5137 1574 5214 OB,
1597 5137 1665 5214 00,
1690 5141 1766 5213 MA,
1789 5141 1866 5217 ΜΒ,
1890 5142 1957 5218 ΟΒ,

369 5241 442 5316 HA,
461 5239 612 5313 ΜΟ,οΑ
633 5235 751 5316 (quoe);
769 5241 841 5312 iata,
859 5236 936 5312 MG,
951 5237 1033 5309 cM3
1052 5257 1099 5311 ea,
1117 5237 1156 5311 V,
1175 5239 1215 5311 Y,
1232 5238 1308 5297 Ano.
1348 5235 1374 5271 ⁴⁸
1386 5241 1457 5314 iata,
1475 5239 1515 5315 V,
1533 5240 1602 5315 OB,
1620 5240 1699 5315 MG,
1718 5242 1791 5304 CM.
1832 5239 1958 5318 “iuria

368 5343 409 5418 Y,
426 5342 503 5402 Aac.
541 5338 567 5374 ⁴⁸
580 5338 660 5415 Om,
676 5339 746 5414 OA,
763 5338 833 5413 OB,
850 5338 926 5413 MA,
944 5338 1020 5412 ΜΒ,
1038 5337 1105 5413 ΟΒ,
1123 5338 1164 5412 Υ,
1182 5338 1261 5412 ΗΑ;
1280 5337 1404 5414 dicitur,
1422 5339 1496 5400 MC.
