4432 6336
625 519 685 578 DE
709 517 1011 591 ADQUIRENDO
1034 518 1192 579 RERUM
1215 518 1417 580 DOMINIO
1767 525 1817 596 83

227 672 330 770 quod
350 670 509 769 quilibet
529 669 672 769 poterit
695 669 853 746 feodum
873 693 986 746 suum
1005 667 1207 769 wayviare.
1232 669 1310 746 Sed
1330 669 1401 744 hoc
1421 669 1723 767 intellegendum
1744 669 1818 746 erit

226 815 314 866 cum
335 788 589 898 distinctione,
613 789 716 886 quod
739 789 877 886 siquis
901 788 1019 864 olium
1042 788 1263 865 feoffaverit
1287 788 1334 864 de
1356 797 1512 864 centum
1533 787 1681 864 libratis
1703 797 1816 865 terrae

226 934 298 1008 per
314 906 511 985 servitium
526 906 641 983 unius
658 906 816 995 denarii,
833 916 939 984 terra
957 907 1009 984 sic
1026 908 1119 984 data
1135 909 1209 984 erit
1227 908 1386 984 feodum
1404 907 1600 984 donatoris
1619 907 1710 1006 quia
1728 907 1816 984 inde

227 1026 379 1116 feoffat
397 1035 436 1104 et
455 1024 656 1103 similiter⁸⁶
674 1025 748 1102 erit
766 1026 925 1102 feodum
944 1026 1109 1114 feoffati‚
1130 1026 1221 1124 quia
1239 1025 1354 1103 inde⁸'
1376 1026 1563 1103 feoffatus
1582 1035 1641 1104 est
1660 1027 1816 1102 tenendi

226 1147 267 1223 in
283 1147 398 1223 feodo
415 1144 486 1222 sibi
503 1155 542 1222 et
558 1145 760 1222 heredibus
778 1146 867 1234 suis,
886 1153 926 1221 et
942 1146 1045 1222 unde
1061 1145 1192 1221 habito
1210 1155 1388 1244 respectu
1406 1147 1457 1221 ad
1476 1146 1696 1234 feoffatum,
1715 1146 1816 1222 feof·

226 1266 333 1343 fatus
353 1265 449 1341 bene
468 1264 613 1364 poterit
631 1264 822 1363 wayviare
843 1264 1002 1340 feodum
1022 1290 1135 1342 suum
1155 1288 1243 1340 cum
1261 1264 1333 1339 hoc
1353 1265 1403 1341 sit
1423 1265 1473 1340 ad
1493 1266 1737 1341 commodum
1758 1265 1817 1342 sui

226 1384 455 1473 feoffatoris,
469 1393 509 1460 et
522 1384 572 1460 ad
585 1383 789 1483 proprium
802 1383 1085 1460 incommodum
1099 1410 1222 1460 suum.
1239 1384 1444 1461 Feoffator
1459 1392 1588 1460 autem
1602 1383 1673 1460 hoc
1689 1385 1816 1461 facere

225 1529 304 1580 non
317 1511 447 1602 potest
461 1502 551 1601 quia
566 1503 598 1578 si
612 1502 667 1579 ita
682 1511 781 1578 esset
796 1503 899 1601 quod
915 1513 1045 1600 posset
1059 1502 1251 1602 wayviare
1267 1528 1379 1580 suum
1395 1504 1554 1579 feodum
1570 1529 1643 1602 pro
1658 1503 1816 1580 minimo

225 1623 390 1711 servitio,
413 1646 626 1720 numquam
647 1621 874 1697 warentiam
897 1623 1043 1699 faceret
1066 1648 1135 1698 suo
1159 1622 1335 1698 feoffato.
1361 1623 1463 1699 Cum
1486 1623 1606 1720 igitur
1630 1623 1817 1699 feoffator

225 1742 372 1818 medius
394 1741 646 1818 hereditatem
669 1767 779 1817 suam
803 1741 1045 1829 forisfecerit,
1071 1740 1239 1818 succedit
1261 1742 1295 1816 ei
1319 1741 1402 1817 loco
1425 1741 1574 1818 heredis
1598 1768 1689 1818 suus
1715 1743 1815 1818 feof·

226 1861 331 1938 fetor
347 1860 522 1960 superior
537 1859 630 1937 velit
645 1859 754 1948 nolit,
771 1869 810 1936 et
826 1858 909 1935 loco
924 1859 1073 1936 heredis
1091 1860 1275 1936 defendet
1291 1885 1379 1936 eum
1396 1885 1510 1959 quem
1526 1861 1590 1938 ille
1608 1861 1815 1938 defendere

224 1978 449 2057 teneretur⁸⁸
467 1977 575 2055 cuius
593 1976 677 2055 loco
698 1978 905 2056 succedit.⁸⁹
925 1979 1030 2068 Quia
1050 1980 1147 2056 sicut
1168 1979 1299 2077 plures
1320 1987 1411 2056 sunt
1431 1979 1588 2056 heredes
1609 1981 1657 2057 de
1677 1980 1815 2056 herede

226 2099 255 2174 f.
270 2101 339 2192 24]
394 2097 435 2174 in
456 2097 634 2174 heredem
656 2097 865 2197 propinqui
887 2108 926 2175 et
948 2097 1097 2186 remoti,
1120 2098 1176 2174 ita
1198 2097 1329 2197 plures
1351 2107 1515 2198 possunt
1537 2124 1618 2175 esse
1640 2108 1814 2176 tenentes

225 2245 296 2319 per
313 2218 428 2319 plura
446 2220 700 2295 ieoffamenta
718 2219 924 2296 successive
942 2219 990 2294 de
1007 2228 1163 2295 tenente
1181 2220 1221 2295 in
1238 2228 1444 2308 tenentem,
1463 2229 1502 2297 et
1522 2219 1652 2319 plures
1672 2220 1815 2296 domini

224 2339 408 2439 capitales
428 2339 643 2437 superiores
663 2349 777 2416 erunt
797 2339 941 2415 domini
962 2339 1087 2417 ultimi
1108 2339 1274 2417 feoffati.
1298 2340 1377 2416 Sed
1395 2348 1528 2416 tamen
1547 2341 1705 2439 quidam
1726 2366 1814 2440 pro·

224 2459 456 2558 pinquiores,
472 2458 642 2558 quidam1
658 2457 892 2548 remotiores,
909 2461 1097 2557 usquead
1113 2459 1282 2557 primum
1300 2459 1546 2537 feoffatorem
1564 2460 1814 2548 ascendendo,

225 2587 264 2655 et
285 2577 341 2656 ita
362 2587 477 2655 erunt
498 2578 629 2677 plures
650 2586 826 2655 tenentes
847 2577 1037 2678 capitalis²
1060 2578 1204 2655 domini
1227 2579 1341 2677 primi
1365 2579 1596 2655 feoffatoris⁸
1620 2579 1815 2676 gradatim

223 2696 489 2772 descendendo
502 2697 688 2794 usquead
703 2695 894 2772 ultimum.
910 2696 969 2772 Et
984 2697 1036 2774 sic
1051 2704 1167 2773 amnt
1181 2705 1355 2774 tenentes
1370 2697 1580 2797 propinqui
1596 2696 1649 2775 et*
1665 2697 1813 2774 remoti.

225 2815 330 2892 Item
348 2814 556 2892 revertitur
574 2825 679 2892 terra
698 2814 749 2890 ad
768 2818 994 2894 donatorem
1013 2842 1084 2914 per
1103 2815 1396 2904 restitutionem,
1416 2826 1461 2894 ut
1482 2817 1513 2893 si
1533 2826 1668 2894 tenens
1688 2818 1814 2894 reddi·

224 2935 325 3013 derit
348 2933 401 3011 et*
427 2934 639 3012 restituerit
664 2935 819 3011 domino
845 2933 971 3012 suum⁶
997 2943 1260 3012 tenementum
1285 2935 1347 3011 vel
1374 2935 1404 3012 si
1431 2936 1527 3012 illud
1553 2935 1812 3036 wayviaverit,

224 3055 328 3151 quod
345 3052 442 3129 hene
460 3054 588 3130 iacere
606 3054 750 3153 poterit
769 3054 1066 3153 imperpetuum.
1086 3055 1144 3132 Et
1165 3054 1217 3131 sic
1236 3054 1397 3131 solvitur
1415 3063 1455 3132 et
1475 3055 1665 3132 evanescit
1683 3054 1813 3130 homa·

224 3173 342 3270 gium‚
366 3182 407 3250 et
429 3173 507 3250 tale
531 3182 795 3251 tenementum
818 3199 1015 3250 remanere
1040 3174 1183 3273 poterit
1207 3199 1296 3252 cum
1320 3175 1506 3251 donatore
1531 3173 1710 3272 homagio
1734 3200 1814 3250 non

223 3292 411 3369 obstante.
427 3293 531 3369 Item
544 3293 751 3370 reuertitur
763 3302 868 3370 terra
881 3293 975 3370 data
987 3295 1037 3369 ad
1050 3295 1276 3370 donatorem
1290 3319 1368 3370 non
1381 3292 1467 3393 pro'
1482 3292 1653 3371 defectu⁸
1665 3293 1814 3371 heredis

222 3411 284 3487 vel
299 3419 463 3511 propter
478 3410 673 3500 moniam,
691 3410 771 3488 sed⁹
789 3411 885 3489 sicut
903 3413 953 3489 ad
969 3411 1149 3488 heredem
1165 3413 1386 3511 proximum
1404 3413 1570 3500 feoffatt
1588 3420 1634 3488 ut
1652 3413 1683 3489 si
1701 3420 1815 3511 pater

223 3531 434 3607 communis
456 3541 546 3607 ante
566 3541 730 3609 mortem
751 3557 860 3607 suam
882 3532 1104 3609 ieoffaverit
1125 3532 1248 3608 filium
1270 3557 1383 3609 suum
1404 3533 1584 3620 medium,
1605 3531 1666 3608 vel
1689 3533 1814 3608 frater

223 3657 429 3726 antenatus
445 3651 609 3726 fratrem
624 3649 890 3749 postnatum‚²⁰
906 3660 944 3727 et
959 3650 1048 3728 talis
1063 3651 1200 3727 obierit
1216 3651 1296 3728 sine
1311 3651 1450 3727 herede
1466 3652 1513 3728 de
1530 3677 1582 3740 se,
1598 3658 1704 3727 terra
1719 3651 1814 3726 data

222 3769 429 3846 revertitur
446 3770 496 3844 ad
514 3768 763 3845 feoffatorem
780 3769 944 3845 fratrem
961 3777 1199 3858 antenatum,
1217 3794 1296 3846 uno
1314 3770 1428 3847 modo
1446 3770 1544 3846 sicut
1563 3769 1723 3847 eschaeta
1740 3795 1813 3868 pro

222 3887 378 3963 defectu
392 3887 575 3964 heredum
591 3887 753 3964 fratris²²
769 3888 827 3964 sui
843 3889 1015 3988 postnati
1031 3890 1079 3964 de
1094 3913 1254 3987 corpore
1271 3913 1351 3977 suo,
1368 3889 1443 3965 alio
1459 3889 1573 3966 modo
1591 3890 1688 3968 sicut
1703 3890 1813 3966 heres

222 4016 261 4083 et
278 4006 404 4082 frater
419 4032 511 4084 suus
528 4016 745 4084 antenatus.
766 4007 844 4084 Sed
860 4007 1041 4106 quoniam
1057 4007 1280 4105 homagium
1296 4033 1375 4083 non
1393 4009 1582 4086 evanescit
1600 4035 1669 4086 nec
1688 4009 1811 4086 extin-

222 4123 357 4222 guitur
373 4150 461 4201 cum
480 4125 556 4203 sint
575 4126 639 4201 alii
656 4124 813 4204 heredes
832 4127 987 4224 cognati
1005 4125 1066 4201 vel
1086 4127 1240 4214 fratres,
1260 4151 1330 4201 nec
1349 4126 1630 4225 primogenitus
1650 4136 1813 4227 propter

220 4243 443 4343 homagium
461 4245 605 4342 poterit
624 4271 704 4321 esse
720 4245 829 4322 heres
848 4253 888 4321 et
905 4245 1094 4334 dominus,
1114 4268 1202 4321 cum
1220 4244 1442 4343 homagium
1461 4246 1630 4345 expellat
1650 4247 1810 4322 domini·

221 4387 309 4440 cum
328 4372 366 4440 et
386 4363 550 4441 retineat
569 4362 778 4453 servitium,
798 4374 904 4441 terra
923 4365 1016 4441 data
1035 4389 1233 4440 remanere
1252 4388 1331 4440 non
1351 4365 1495 4462 poterit
1516 4389 1604 4441 cum
1625 4367 1812 4444 donatore

221 4478 281 4558 si¹²
301 4481 349 4560 sit
367 4481 476 4560 heres
495 4482 696 4582 proximus
714 4483 750 4559 ei
767 4483 833 4581 qui
852 4491 973 4582 petat.
996 4482 1039 4560 si
1059 4491 1189 4559 autem
1207 4483 1337 4559 nullus
1358 4483 1407 4561 sit
1426 4484 1581 4560 omnino
1601 4484 1662 4561 vel
1681 4485 1811 4563 nullus

222 4600 287 4699 qui
307 4610 429 4698 petat,
449 4611 555 4678 terra
573 4627 662 4678 cum
681 4602 751 4678 tali
772 4601 979 4678 feoffatore
999 4602 1222 4678 remanebit.
1246 4602 1350 4678 Item
1372 4602 1403 4678 si
1425 4604 1509 4701 quis
1532 4603 1651 4681 alium
1671 4606 1810 4682 feoffa·

220 4719 319 4797 verit
334 4729 375 4796 et
390 4719 455 4796 ille
470 4719 573 4796 idem
589 4721 811 4810 secundum,
829 4730 867 4797 et
884 4721 1072 4797 secundus
1090 4721 1259 4808 tertium,
1278 4730 1317 4797 et
1334 4721 1390 4797 ita
1407 4721 1448 4798 in
1464 4722 1670 4812 infinitum,
1690 4734 1729 4801 et
1747 4725 1811 4801 ille

222 4929 316 5007 ⁸⁶sie,
339 4932 418 5008 MG,
442 4933 516 4993 ΟΜ.
561 4931 668 5012 ⁸'ipae
692 4932 774 5007 inde,
798 4933 838 5007 V,
863 4933 931 5007 ΟΔ,
956 4933 1023 5007 LA,
1047 4934 1114 5010 ΟΟ,
1140 4934 1217 5008 ΜΟ,
1242 4934 1315 4995 ΜΟ.
1362 4931 1390 4968 ⁸⁸
1400 4941 1534 5010 tenetur,
1560 4935 1599 5011 V,
1625 4936 1702 5011 MG,
1728 4936 1809 5008 MB;

220 5031 394 5110 tenebatur,
411 5035 479 5095 OB.
516 5033 544 5068 ”
554 5035 708 5109 succedat,
725 5036 794 5110 OB,
811 5036 884 5096 MA.

305 5134 361 5197 ¹et
382 5135 517 5214 quidam,
538 5136 578 5210 V,
601 5137 677 5197 ΜΒ.
720 5134 906 5214 'capitales
929 5136 996 5210 ΟΟ,
1019 5137 1097 5212 MG,
1120 5137 1200 5210 cM;
1223 5136 1362 5214 capital„
1385 5138 1454 5212 ΟΛ,
1478 5137 1546 5210 ΟΒ,
1571 5138 1646 5213 MA,
1670 5139 1711 5212 Y,
1735 5138 1809 5200 MC.

220 5234 439 5311 moratores,
454 5236 494 5312 v,
510 5237 585 5298 Mn.
622 5235 726 5312 ⁴0m.,
742 5239 812 5312 oa,
827 5239 903 5313 Ma,
919 5239 959 5298 Y.
997 5235 1102 5314 ὕοιιι,
1118 5238 1186 5312 oa,
1204 5238 1279 5298 Ma
1317 5235 1406 5312 ⁸suo,
1423 5239 1499 5313 Mn,
1517 5239 1591 5300 nn.
1630 5235 1668 5271 Μ
1679 5247 1810 5317 propter
1909 5235 1915 5244 ·

221 5337 387 5414 deiectum,
414 5337 492 5413 MG,
520 5339 595 5412 cM,
622 5339 661 5399 Y.
710 5337 775 5414 ⁰et,
802 5340 871 5413 OA,
898 5339 964 5400 LA.
1013 5337 1139 5400 ¹⁰auum
1165 5345 1354 5417 postnatum,
1381 5339 1421 5415 V,
1448 5340 1515 5414 LA,
1542 5338 1610 5416 OC,
1637 5340 1706 5415 ΟΔ,
1734 5339 1806 5402 ΜΟ.

220 5438 246 5474 ¹¹
259 5440 386 5514 fratrea,
405 5441 474 5515 ΟΛ,
495 5441 561 5516 LA,
581 5441 659 5516 MG,
678 5441 753 5517 cM,
773 5441 846 5501 ΜΟ.
888 5439 914 5474 ²¹
926 5439 992 5516 aad,
1012 5441 1090 5517 Mo,
1110 5441 1183 5502 ΟΜ.
