4432 6340
636 511 697 571 DE
720 511 1023 584 ADQUIRENDO
1046 512 1204 574 RERUM
1227 514 1429 577 DOMINIO
1758 523 1830 596 179

242 661 319 738 suis
335 671 374 738 et
392 662 582 739 fructibus
598 661 638 738 in
656 663 746 739 dote
763 689 832 740 sua
849 663 1111 752 extantibus,²⁸
1128 663 1206 741 sive
1224 665 1392 764 separati
1410 664 1486 742 sint
1504 692 1528 741 a
1545 666 1625 742 solo
1644 666 1723 743 sive
1740 693 1831 755 non,
1876 653 1878 656 ⁵

241 783 345 880 quod
369 782 523 881 quidem
545 782 636 859 olim
660 783 788 860 facere
810 809 889 860 non
912 785 1052 884 potuit,
1077 786 1144 862 sed
1166 809 1269 861 nunc
1294 795 1434 884 potest,
1460 787 1527 862 sed
1551 787 1599 863 de
1621 787 1760 885 gratia.
1788 789 1831 865 Si

242 912 372 981 autem
389 904 509 981 fuerit
525 904 596 980 sub
614 913 806 1004 potestate
823 905 895 981 viri
913 905 1135 995 constituta,
1154 907 1376 984 testamenti
1394 907 1602 984 factionem
1621 934 1700 985 non
1718 909 1830 986 habe·

241 1022 298 1098 bit
324 1023 469 1121 absque
496 1024 568 1100 viri
597 1026 655 1102 sui
683 1026 894 1114 voluntate,
926 1036 1088 1125 propter
1116 1027 1356 1104 honestatem
1384 1038 1515 1105 tamen
1544 1039 1743 1128 receptum
1773 1039 1831 1107 est

242 1145 483 1244 quandoque,
505 1145 608 1245 quod
628 1147 789 1222 testari²⁷
812 1146 933 1246 possit
954 1148 1002 1223 de
1023 1147 1240 1224 rationabili
1262 1157 1374 1248 parte
1396 1174 1514 1248 quam
1533 1149 1713 1227 habitura
1732 1159 1832 1228 esset

242 1269 275 1345 si
291 1268 417 1344 virum
435 1266 720 1368 supervixisset,
739 1277 777 1344 et
795 1267 961 1345 maxime
981 1269 1029 1345 de
1047 1268 1160 1345 rebus
1180 1269 1250 1345 sibi
1269 1269 1368 1346 datis
1389 1280 1427 1347 et
1446 1271 1630 1348 concessis
1651 1273 1700 1348 ad
1720 1298 1831 1349 orna·

241 1377 367 1478 ῒωῐί,18
384 1414 468 1487 quae
485 1413 555 1464 sua
571 1387 731 1487 propria
749 1388 822 1464 dici
840 1397 1025 1487 potenmt
1043 1389 1140 1466 sicut
1158 1391 1206 1467 de
1223 1390 1325 1466 robis
1343 1400 1381 1467 et
1398 1391 1591 1468 iocalibus.
1610 1392 1675 1469 De
1694 1394 1831 1493 quibus

242 1509 326 1607 quis
344 1508 493 1609 possit¹⁹
511 1517 786 1586 testamentum
803 1509 994 1585 oondere²⁰
1012 1511 1222 1587 videndum
1239 1511 1323 1588 erit.
1343 1512 1402 1589 Et
1420 1512 1615 1590 sciendum
1634 1516 1738 1613 quod
1757 1514 1831 1591 de'1

240 1629 354 1706 rebus
375 1630 453 1707 suis
472 1629 674 1706 mobilibus
695 1629 783 1705 vel²²
804 1655 843 1707 se
862 1630 1115 1720 moventibus,
1137 1640 1176 1708 et
1197 1642 1386 1731 quatenus
1408 1634 1644 1732 superfuerit
1667 1636 1832 1713 deducto

241 1775 314 1827 aere
333 1749 469 1838 alieno,
488 1750 629 1827 scilicet
648 1750 783 1827 debitis
803 1750 977 1841 aliorum,
997 1751 1113 1849 quia²¹
1133 1753 1199 1850 qui
1217 1762 1372 1829 centum
1391 1753 1530 1831 solidos
1550 1755 1665 1833 habet
1686 1765 1725 1833 et
1745 1781 1830 1832 cen·

240 1879 326 1947 tum
344 1869 456 1948 debet
473 1879 650 1948 etcetera.
670 1872 773 1947 Item
789 1873 821 1948 si
839 1871 1014 1971 pluribus
1032 1872 1228 1962 debeatur,
1248 1873 1456 1950 videndum
1474 1876 1559 1973 quis
1579 1876 1715 1952 debeat
1735 1902 1830 1976 proe-

242 1990 348 2067 ferri.
375 1993 433 2069 Et
457 1992 653 2068 sciendum
678 1993 836 2091 quodsi
861 2001 1025 2069 testator
1049 1993 1204 2070 domino
1230 1995 1312 2092 regi
1338 2004 1528 2085 teneatur,
1554 1997 1638 2095 ipse
1663 2022 1731 2073 rex
1758 1999 1831 2074 erit

239 2110 444 2187 omnibus²⁴
467 2112 747 2210 preferendus:
770 2123 810 2189 et
832 2112 926 2190 bene
947 2112 1074 2190 licebit
1096 2113 1306 2190 vicecomiti
1327 2115 1388 2191 vel
1410 2116 1492 2193 aliis
1515 2117 1663 2194 ballivis
1687 2118 1831 2194 domini

239 2234 353 2332 regis,
369 2235 400 2309 si
414 2231 678 2311 ostenderint¹⁵
692 2232 841 2310 litteras
857 2234 1000 2309 domini
1015 2233 1116 2332 regis
1131 2236 1179 2311 de
1194 2235 1488 2312 summonitione
1503 2237 1679 2313 scaccarii
1695 2247 1830 2336 paten-

239 2362 309 2443 tes,
327 2354 552 2431 imbreviare
569 2362 609 2431 et
627 2354 838 2432 attachiare
854 2353 995 2432 catalla
1014 2355 1189 2432 defuncti
1206 2355 1362 2433 inventa
1380 2356 1422 2432 in
1439 2357 1536 2433 laico
1556 2358 1671 2434 feodo
1690 2384 1759 2435 suo
1780 2359 1830 2436 ad

240 2474 447 2551 valentiam
474 2474 603 2550 illius²⁶
631 2474 748 2551 debiti
775 2475 879 2573 quod
905 2475 1067 2552 debetur
1093 2475 1248 2552 domino
1275 2476 1370 2574 regi,
1398 2503 1469 2575 per
1495 2477 1619 2555 visum
1647 2479 1830 2577 legalium

238 2595 448 2684 hominum,
471 2605 510 2673 et
533 2596 588 2673 ita
610 2597 714 2695 quod
737 2597 830 2672 nihil
852 2597 942 2673 inde
966 2606 1191 2673 amoveatur
1215 2598 1335 2674 donec
1359 2597 1530 2675 debitum
1555 2600 1658 2697 quod
1683 2600 1830 2676 clarum

239 2717 359 2793 fuerit
374 2717 634 2815 persolvatur:
650 2725 690 2793 et
704 2717 899 2794 residuum
913 2717 1142 2794 catellorum
1157 2718 1427 2796 executoribus
1440 2718 1691 2817 relinquatur.
1709 2720 1829 2796 Debi-

238 2845 324 2912 tum
341 2862 432 2911 vero
450 2836 624 2914 defuncti
642 2839 745 2936 quod
763 2837 925 2914 debetur
944 2838 1088 2927 Iudeis,
1107 2864 1185 2914 non
1203 2838 1378 2916 usurabit
1397 2839 1580 2938 quamdiu
1598 2841 1705 2918 heres
1724 2841 1830 2918 infra

238 2965 391 3033 aetatem
412 2957 594 3033 extiterit.
619 2959 730 3035 Etsi
752 2959 924 3035 debitum
947 2959 1060 3035 Iudei
1081 2960 1121 3034 in
1143 2957 1307 3037 manus²²
1331 2960 1474 3036 domini
1497 2960 1598 3060 regis
1621 2962 1828 3049 devenerit,

239 3101 317 3152 non
333 3075 488 3175 capiet²⁸
505 3103 574 3155 rex
593 3079 665 3155 nisi
683 3087 838 3168 sortem,
857 3079 997 3157 scilicet
1015 3079 1199 3156 catallum
1217 3080 1257 3156 in
1275 3089 1384 3156 carta
1401 3088 1636 3158 contentum.
1657 3082 1726 3157 Ad
1744 3105 1829 3181 quae

238 3200 355 3276 etiam
374 3200 503 3276 debita
522 3201 583 3275 vel
603 3200 678 3277 alia
699 3201 963 3299 adquietantia
983 3226 1084 3276 uxor
1104 3201 1289 3289 defuncti,
1312 3201 1343 3278 si
1364 3211 1559 3299 superstes
1581 3202 1712 3291 fuerit,
1734 3202 1828 3278 nihil

238 3320 412 3397 conferet
425 3321 473 3398 de
487 3321 577 3397 dote
591 3347 672 3409 sua,
687 3346 774 3398 cum
788 3321 857 3398 dos
871 3320 1002 3398 uxoris
1018 3320 1156 3398 debeat
1171 3347 1251 3398 esse
1265 3320 1395 3397 libera.
1413 3323 1517 3398 Item
1531 3321 1562 3398 si
1577 3321 1674 3398 liber
1686 3321 1828 3399 homo²⁸

238 3444 443 3521 intestatus
468 3450 508 3520 et
531 3442 658 3519 subito
683 3441 896 3531 decesserit,
923 3440 1099 3518 dominus
1126 3468 1216 3518 suus
1241 3440 1335 3516 nihil
1359 3441 1620 3518 intromittet⁸⁰
1646 3443 1693 3518 de
1719 3442 1828 3520 bonis

239 3564 413 3641 defuncti
427 3564 499 3640 nisi
513 3565 562 3640 de
575 3564 646 3639 hoc
660 3573 815 3640 tantum
829 3563 934 3661 quod
947 3562 999 3638 ad
1012 3563 1141 3660 ipsum
1155 3561 1396 3661 pertinuerit,
1414 3561 1554 3639 scilicet
1570 3563 1673 3661 quod
1689 3562 1829 3639 habeat

238 3712 350 3762 suum
363 3684 591 3771 herietum,⁸²
606 3685 673 3761 sed
687 3684 737 3760 ad
752 3682 959 3770 ecclesiam,
974 3690 1014 3758 et
1029 3683 1078 3757 ad
1094 3683 1234 3757 amicos
1250 3681 1458 3780 pertinebit
1473 3681 1664 3757 executioz
1681 3680 1828 3758 nullam

238 3804 340 3881 enim
354 3812 524 3880 meretur
540 3826 696 3902 poenam
711 3802 795 3899 quis
811 3801 984 3898 quamvis
1001 3798 1161 3877 decedat
1178 3800 1394 3877 intestatus.
1413 3800 1557 3876 Postea
1574 3826 1665 3876 vero
1683 3801 1827 3900 praede·

238 3921 353 3997 duci⁸²
373 3919 540 3998 debent⁸⁸
560 3919 689 3996 debita
707 3919 869 3995 aliorum
889 3944 973 4016 quae
992 3918 1097 3994 clara
1116 3928 1206 3995 sunt
1226 3927 1266 3995 et
1285 3917 1494 4016 recognita,
1515 3919 1616 3995 inter
1635 3945 1719 4018 quae
1739 3943 1827 3994 con-

237 4041 431 4117 numerari
445 4049 629 4138 poterunt
642 4036 796 4114 servitia
809 4035 1055 4114 servientium
1068 4043 1108 4114 et
1122 4036 1315 4134 stipendia
1328 4036 1575 4127 famulorum,
1591 4039 1683 4114 dum
1696 4046 1829 4114 tamen

238 4167 343 4235 certa
366 4158 454 4234 sint.
481 4156 523 4233 Si
547 4165 677 4232 autem
699 4157 856 4243 incerta,
880 4153 1007 4231 sicut⁸⁴
1031 4157 1078 4231 de
1103 4155 1353 4232 servientibus
1379 4156 1444 4254 qui
1469 4157 1548 4233 sine
1572 4157 1698 4256 pretio
1722 4167 1827 4234 certo

237 4276 455 4356 steterunt⁸⁸
477 4277 518 4351 in
539 4274 693 4366 servitio
716 4273 885 4362 alicuius,
906 4273 995 4350 licet
1017 4299 1066 4348 ex
1087 4274 1286 4350 voluntate
1309 4274 1563 4372 dependeant,
1585 4284 1717 4352 tamen
1739 4299 1827 4351 cum

238 4423 286 4473 ex
302 4395 459 4472 arbitrio
474 4403 705 4472 testatorum
720 4401 760 4469 et
775 4393 984 4469 amicorum
999 4399 1135 4468 taxata
1152 4391 1310 4480 fuerint,
1327 4416 1375 4468 ex
1391 4392 1500 4468 bonis
1517 4393 1691 4469 defuncti
1708 4394 1826 4470 dedu·

237 4614 264 4649 ²⁶
275 4614 488 4690 existentibus,
502 4613 541 4688 V,
554 4615 621 4689 OC,
635 4613 676 4688 Y,
690 4595 767 4688 MG,
782 4612 855 4672 CM.
890 4609 917 4645 ²⁷
927 4616 1145 4670 testamentum
1159 4608 1273 4684 facere,
1287 4609 1332 4683 V;
1346 4612 1570 4683 testamentari,
1586 4609 1661 4672 MG.
1699 4607 1726 4644 ²⁸
1737 4631 1827 4671 orna-

235 4722 382 4790 mentum,
399 4716 439 4790 V,
458 4715 534 4776 MG.
574 4713 600 4748 ¹⁹
611 4720 725 4793 potest,
744 4713 813 4788 OB,
832 4711 907 4786 MA,
927 4713 1002 4786 MB,
1022 4712 1089 4786 ΟΕ,
1108 4711 1181 4771 CM.
1223 4709 1249 4744 ²⁰
1261 4730 1349 4772 suum
1366 4711 1508 4788 condere,
1527 4713 1602 4786 OB;
1621 4717 1666 4774 sic
1684 4712 1827 4789 condere,

237 4816 317 4889 cM;
337 4816 441 4878 facere
458 4816 509 4876 vel
526 4815 668 4889 condere,
685 4814 751 4877 OC.
792 4813 818 4847 ²²
830 4816 911 4886 Om,
930 4814 999 4888 OB,
1018 4813 1094 4886 ΜΒ,
1113 4813 1179 4873 MA
1201 4812 1257 4890 Η-
1270 4811 1338 4889 de).
1380 4811 1405 4846 ²²
1417 4819 1459 4886 et,
1478 4813 1546 4888 OB,
1567 4814 1642 4889 MA,
1662 4815 1739 4890 MB,
1759 4815 1826 4889 ΟΕ,

237 4916 310 4996 CM.
348 4914 374 4948 ¹³
386 4923 428 4990 et,
443 4916 511 4990 OB,
528 4917 604 4990 MA,
620 4916 697 4990 MB,
712 4916 779 4991 ΟΕ,
793 4915 869 4974 cM.
908 4912 934 4946 ²⁴
946 4914 1085 4975 omnibus
1102 4913 1183 4987 aliis,
1200 4914 1240 4987 V,
1257 4914 1332 4990 CM,
1349 4915 1389 4990 Y,
1407 4915 1484 4988 MG,
1502 4916 1567 4976 OC.
1607 4914 1633 4949 ²⁵
1645 4915 1826 4990 ostenderit,

236 5016 275 5091 V,
292 5016 361 5092 OA,
377 5017 444 5092 LA,
461 5016 527 5091 OC,
545 5017 622 5090 MG,
637 5016 676 5076 Y.
714 5013 741 5049 ²⁶
752 5019 861 5094 ipsius,
877 5015 917 5090 V,
933 5016 1002 5088 OB,
1021 5015 1096 5089 MA,
1113 5015 1190 5089 MB,
1207 5015 1274 5089 ΟΕ,
1293 5017 1366 5077 CM.
1407 5014 1547 5092 ”manu
1565 5017 1633 5093 OB,
1652 5017 1728 5091 MA,
1748 5019 1825 5093 MG,

236 5117 308 5190 OC;
326 5136 459 5191 manum,
475 5116 516 5190 V,
534 5117 608 5177 MB.
648 5113 801 5194 ²⁸captrt,
819 5116 858 5190 V,
878 5115 952 5176 MB.
992 5114 1119 5177 ²⁹homo
1136 5123 1179 5190 et,
1196 5117 1265 5190 OA,
1283 5117 1350 5190 LA,
1367 5118 1434 5192 OC,
1453 5119 1492 5179 Y.
1532 5117 1557 5151 ⁸⁰
1569 5123 1767 5197 intromittat,
1786 5119 1825 5195 V,

237 5216 312 5291 MB,
332 5217 404 5290 OC;
424 5220 615 5291 intromittit,
633 5217 708 5277 MA.
750 5215 897 5290 ⁸²heriet,
916 5216 1027 5291 heriot,
1047 5216 1177 5291 heribet,
1197 5216 1319 5294 heryat,
1338 5217 1484 5294 berecth,
1504 5218 1624 5298 heryet,
1644 5222 1738 5284 MSS.
1759 5241 1824 5283 var.

236 5315 262 5350 ⁸²
273 5317 394 5392 deduci,
412 5317 481 5394 OB,
501 5318 577 5391 MA,
596 5317 671 5378 MB.
712 5316 830 5393 ⁸⁸Om.,
850 5319 919 5392 OB,
938 5317 1015 5390 MA,
1034 5319 1110 5393 MB,
1130 5319 1197 5391 CE,
1216 5320 1290 5380 cM.
1331 5318 1358 5353 ⁸⁴
1369 5325 1443 5397 sint,
1462 5323 1532 5398 OB,
1553 5324 1628 5399 MA,
1650 5325 1726 5400 MB,
1747 5325 1825 5402 MG,

236 5417 309 5476 cM.
348 5417 374 5451 ⁸⁸
386 5422 540 5493 steterint,
555 5418 595 5492 V,
611 5418 679 5491 OA,
695 5418 736 5492 Y,
751 5417 834 5491 MG;
851 5417 994 5492 fecerint,
1009 5420 1075 5481 OC.
1522 5411 1524 5414 ⁵
