4432 6340
403 510 477 579 246
934 503 1157 566 BRACTON:
1180 504 1240 565 DE
1263 503 1456 566 LEGIBUS

402 655 689 754 possessionem.
706 656 770 732 De
786 654 975 733 seriantiis
990 682 1082 733 vero
1097 655 1190 732 nihil
1205 665 1354 732 certum
1370 655 1601 755 exprimitur
1616 655 1709 754 quid
1726 656 1787 733 vel
1805 667 1994 756 quantum

402 774 496 850 dare
512 773 677 850 debeant
692 774 861 851 heredes.
878 775 936 853 Et
954 774 1039 851 ideo
1056 775 1166 851 iuxta
1184 775 1424 851 voluntatem
1441 773 1683 851 dominorum
1702 775 1865 852 dominis
1884 776 1992 852 satis·

403 891 581 968 faciunt⁴⁶
603 918 676 991 pro
698 891 849 982 relevio,
872 893 965 970 dum
985 903 1118 971 tamen
1139 893 1212 992 ipsi
1235 893 1378 969 domini
1400 893 1589 971 rationem
1611 904 1651 970 et
1673 919 1893 971 mensuram
1914 921 1994 971 non

402 1013 601 1089 excedant.
621 1013 725 1089 Item
743 1011 887 1088 femina
905 1037 989 1111 quse
1008 1011 1124 1090 semel
1141 1011 1181 1088 in
1199 1011 1374 1088 custodia
1392 1012 1524 1101 fuerit,
1542 1011 1603 1088 vel
1621 1037 1710 1088 cum
1728 1011 1852 1112 plenoe
1869 1015 1993 1091 oetatis

403 1131 574 1208 extiterit
594 1130 710 1208 semel
729 1130 913 1207 relevium
933 1130 1093 1220 dederit,
1114 1131 1401 1230 imperpetuum
1422 1131 1553 1229 quieta
1572 1131 1646 1207 erit
1667 1130 1717 1206 Μ’
1738 1131 1890 1221 relevio,
1911 1142 1994 1209 tam

403 1250 488 1347 ipsa
507 1275 623 1348 quam
642 1248 701 1324 vir
719 1274 821 1338 suus,
842 1249 872 1326 si
891 1250 1139 1347 postmodum
1158 1249 1335 1348 nupserit
1354 1257 1444 1349 post
1462 1249 1676 1327 custodiam
1696 1251 1757 1326 vel
1776 1250 1906 1326 relevii
1924 1250 1992 1326 da-

402 1364 587 1454 tionem,⁴⁸
605 1392 675 1443 nec
693 1366 858 1444 etiamsi
877 1367 1008 1467 plures
1017 1366 1055 1441 :⁴⁹
1074 1392 1144 1445 nec
1163 1366 1222 1444 si⁵⁰
1241 1393 1341 1445 uxor
1360 1368 1630 1467 praemoriatur
1648 1369 1706 1446 vir
1726 1370 1866 1446 iterum
1886 1369 1994 1446 dabit

402 1487 596 1575 relevium,
617 1487 707 1586 quie
725 1495 831 1564 tenet
849 1487 1071 1585 homagium
1090 1487 1199 1585 prius
1219 1487 1368 1564 factum
1389 1487 1438 1564 ad
1459 1487 1579 1564 vitam
1599 1513 1719 1576 suam,
1740 1498 1779 1566 et
1798 1497 1992 1565 tenemen-

401 1615 487 1682 tum
507 1605 653 1683 tenebit
674 1605 790 1681 semel
812 1605 1024 1682 relevatum
1047 1605 1151 1705 quod
1172 1604 1212 1682 in
1234 1631 1399 1706 persona
1421 1631 1493 1682 sua
1514 1631 1592 1683 non
1616 1605 1795 1694 decidit,⁸¹
1818 1631 1888 1684 nec
1911 1607 1993 1706 ipse

403 1724 570 1801 succedit
586 1732 629 1799 ut
645 1723 764 1800 heres.
784 1723 863 1801 Sed
877 1749 965 1800 cum
980 1724 1040 1800 vir
1054 1724 1254 1814 moriatur,
1269 1732 1364 1801 tunc
1380 1724 1521 1802 decidit
1537 1725 1728 1802 hereditas
1744 1733 1784 1802 et
1800 1726 1993 1824 extingui-

401 1854 469 1920 tur
484 1844 707 1942 homagium
726 1844 766 1920 in
784 1869 950 1942 persona
968 1869 1055 1919 sua:
1075 1852 1114 1920 et
1133 1843 1224 1942 quia
1242 1844 1359 1920 durat
1377 1843 1561 1941 obligatio
1579 1843 1748 1942 homagii
1767 1845 1808 1918 in
1828 1869 1993 1942 persona

402 1964 562 2053 heredis,
583 1964 693 2040 heres
714 1963 936 2060 homagium
960 1960 1106 2039 faciat³¹
1128 1969 1169 2036 et
1191 1961 1362 2038 relevet⁶⁸
1384 1971 1659 2051 tenementum,
1684 1963 1734 2038 ad
1757 1963 1861 2062 quod
1884 1963 1994 2062 prius

402 2109 481 2162 non
497 2083 702 2162 tenebatur
718 2083 760 2160 in
776 2083 857 2160 vita
873 2083 956 2172 viri,
975 2081 1065 2182 quia
1081 2081 1208 2160 tenuit
1225 2082 1448 2181 homagium
1465 2090 1551 2161 tota
1568 2083 1649 2161 vita
1666 2083 1786 2183 ipsius
1804 2083 1888 2160 viri.
1908 2085 1993 2161 Nec

402 2204 534 2281 debuit
550 2204 724 2304 capitalis
741 2204 917 2281 dominus
934 2205 1011 2280 duo
1025 2204 1204 2301 homagia
1221 2227 1358 2301 cepere
1375 2203 1487 2280 simul
1504 2212 1543 2281 et
1560 2204 1675 2280 semel
1692 2201 1759 2280 et⁸⁴
1775 2202 1826 2280 a⁸⁸
1844 2204 1993 2281 duobus

402 2326 551 2404 ratione
566 2325 680 2403 unius
696 2323 918 2401 hereditatis
936 2349 1014 2400 non
1030 2323 1194 2422 partitae.
1212 2324 1271 2402 Et
1288 2324 1340 2400 sic
1357 2349 1435 2400 non
1451 2332 1606 2402 tenetur
1623 2324 1708 2423 quis
1725 2325 1775 2401 de
1791 2350 1870 2402 uno
1888 2334 1993 2402 tene·

402 2456 532 2524 mento
547 2445 662 2546 plura
676 2445 768 2522 dare
782 2445 922 2522 relevia
936 2469 1015 2522 non
1029 2446 1152 2544 magis
1167 2470 1284 2545 quam
1299 2446 1428 2522 facere
1442 2446 1557 2546 plura
1570 2446 1760 2544 homagia.
1778 2446 1864 2523 Nec
1879 2446 1993 2523 debet

403 2565 538 2666 aliquis
552 2566 667 2665 plura
680 2565 875 2666 recipere⁶⁸
889 2564 1057 2643 relevia⁶'
1072 2567 1120 2642 ab
1134 2593 1212 2643 uno
1225 2576 1264 2644 et
1278 2566 1413 2643 eodem
1426 2576 1593 2656 tenente,
1610 2567 1677 2644 sed
1690 2565 1806 2666 plura
1821 2565 1994 2665 poterit·

403 2687 572 2786 recipere
597 2714 621 2765 a
647 2685 822 2786 pluribus
848 2686 1050 2764 heredibus
1077 2687 1296 2765 tenentibus
1323 2689 1542 2765 successive.
1571 2688 1629 2764 Bt
1657 2687 1706 2763 de
1731 2687 1803 2762 hae
1831 2687 1993 2764 materia

401 2809 547 2888 habetis
570 2808 618 2886 de
639 2808 803 2887 termino
828 2807 961 2885 Sancti
983 2807 1170 2886 Michaelis
1194 2833 1296 2886 anno
1319 2807 1449 2906 regis⁸⁹
1473 2809 1638 2885 Henriei
1661 2833 1763 2886 nono
1788 2809 1993 2907 incipiente

402 2931 431 3007 f.
447 2931 516 3023 85]
571 2930 729 3020 decimo,
751 2929 938 3007 comitatu
962 2929 1197 3019 Staffordiae,
1219 2929 1267 3006 de
1290 2929 1452 3007 Herveo
1473 2929 1618 3027 Bagot¹
1641 2937 1681 3006 et
1703 2930 1862 3028 Rogero
1884 2931 1932 3006 de
1954 2928 1993 3006 la

404 3049 554 3140 Suche,¹
571 3061 611 3128 et
629 3049 830 3148 Margaria
848 3052 980 3149 Bagot
998 3075 1083 3148 quae
1101 3050 1259 3127 feodum
1278 3076 1391 3128 suum
1409 3049 1535 3128 tenuit
1553 3051 1601 3127 de
1619 3051 1804 3149 predicto
1822 3051 1992 3148 Rogero,

401 3184 441 3252 et
456 3173 559 3250 unde
576 3173 676 3249 idem
693 3173 873 3270 Rogerus
891 3172 968 3249 fuit
984 3171 1131 3248 medius
1148 3173 1249 3248 inter
1267 3197 1341 3259 eos,
1359 3181 1398 3249 et
1416 3172 1617 3270 Margeria
1635 3172 1808 3248 districta
1826 3198 1871 3248 eo
1888 3171 1992 3269 quod

401 3293 503 3370 idem
517 3294 697 3390 Rogerus
712 3317 791 3369 non
804 3291 911 3369 dedit
927 3291 1110 3368 relevium
1126 3292 1199 3391 ipsi
1215 3292 1387 3368 Herveo.
1405 3292 1463 3370 Et
1478 3293 1582 3368 unde
1597 3293 1777 3390 Rogerus
1793 3291 1993 3391 respondit

402 3417 505 3515 quod
526 3415 677 3491 nullum
699 3413 831 3491 debuit
853 3412 1063 3500 relevium,⁸
1085 3421 1124 3489 et
1145 3412 1263 3511 quod‘
1287 3413 1411 3490 frater
1434 3439 1525 3490 suus
1548 3413 1655 3490 euim
1677 3413 1785 3490 heres
1809 3413 1892 3514 ipse
1914 3413 1991 3489 fuit

401 3537 490 3612 inde
507 3535 600 3612 fecit
615 3535 838 3633 homagium
854 3544 894 3610 et
911 3533 1094 3610 relevium
1111 3533 1247 3610 eidem⁶
1264 3533 1369 3632 patri
1386 3533 1506 3634 ipsius
1525 3533 1686 3622 Hervei‚
1705 3544 1745 3610 et
1762 3535 1844 3633 ipse
1862 3534 1991 3630 Roge-

402 3682 468 3733 rus
488 3664 763 3754 postmortem
783 3654 917 3732 fratris
940 3655 998 3731 sui
1020 3655 1112 3731 fecit
1132 3654 1354 3752 homagium
1376 3664 1414 3732 et
1436 3653 1619 3731 relevium
1640 3655 1774 3743 eidem,
1796 3665 1835 3731 et
1857 3663 1993 3753 postea

403 3778 495 3854 fecit
518 3776 741 3874 homagium
763 3776 879 3852 matri
903 3776 1023 3875 ipsius
1048 3775 1198 3851 Hervei
1223 3776 1270 3852 de
1294 3775 1401 3852 cuius
1427 3775 1542 3852 feodo
1566 3776 1648 3874 ipse
1672 3776 1798 3851 tenuit
1823 3775 1863 3851 id
1888 3775 1992 3874 quod

401 3897 538 3988 tenuit,
563 3907 602 3974 et
626 3906 717 3996 post
741 3897 834 3975 fecit
858 3897 1080 3994 homagium
1105 3897 1179 3995 ipsi
1204 3897 1365 3972 Herveo
1391 3896 1539 3972 ratione
1564 3895 1671 3974 cuius
1696 3895 1865 3994 homagii
1890 3897 1992 3973 idem

402 4020 584 4096 Herveus
602 4018 715 4118 petiit
732 4017 933 4095 relevium:
952 4027 991 4094 et
1008 4017 1112 4093 unde
1130 4017 1310 4115 Rogerus
1329 4017 1441 4116 petiit
1461 4015 1654 4105 iudicium,
1675 4017 1705 4093 si
1724 4025 1922 4093 teneretur
1941 4015 1991 4091 ud

400 4143 515 4244 plura
535 4140 678 4218 relevia
696 4141 744 4216 de
764 4165 842 4214 uno
863 4147 1082 4216 tenemento
1104 4163 1222 4237 quam
1242 4137 1292 4213 ad
1313 4163 1446 4225 unum,
1469 4161 1557 4212 cum
1579 4136 1695 4214 semel
1716 4138 1873 4214 haberet
1894 4137 1990 4213 illud

400 4263 624 4340 relevatum.
639 4261 936 4338 Consideratum
951 4258 1029 4334 fuit
1042 4257 1145 4356 quod
1159 4258 1361 4356 Margeria
1374 4265 1413 4334 et
1426 4258 1607 4355 Rogerus
1622 4257 1741 4357 quieti
1755 4266 1794 4335 et
1808 4258 1991 4335 Herveus

400 4382 441 4458 in
452 4380 711 4458 misericordia
724 4388 763 4456 et
777 4379 880 4480 quod
893 4379 1102 4476 Margerioe
1116 4377 1355 4456 satisfaceret
1371 4380 1418 4455 de
1432 4378 1582 4455 damnis
1597 4379 1685 4456 suis.
1702 4379 1846 4456 Nullus
1861 4387 1990 4457 autem

400 4503 466 4602 qui
490 4500 737 4600 adquisiverit
760 4501 888 4600 aliquo
909 4526 1051 4599 genere
1074 4499 1337 4599 adquisitionis
1361 4499 1423 4576 vel
1446 4500 1513 4599 qui
1535 4498 1747 4576 dominum⁰
1771 4501 1990 4588 mutaverit,

401 4718 647 4793 “satisfaciant,
670 4719 710 4794 V,
734 4719 797 4779 CM
805 4741 815 4792 ;
840 4718 1045 4793 satisfacient,
1070 4719 1146 4781 MG.
1193 4717 1220 4752 ⁴⁷
1232 4718 1281 4794 de,
1307 4718 1346 4791 V,
1372 4717 1448 4778 MG.
1496 4715 1740 4795 ⁴'donatiouem
1766 4720 1805 4795 V,
1831 4719 1898 4795 ΟΕ,
1924 4719 1989 4781 OC.

400 4819 427 4854 ⁴⁸
438 4820 567 4899 pluries,
592 4820 660 4896 OA,
685 4819 752 4894 ΟΟ,
777 4819 859 4891 ΜΒ;
884 4819 989 4897 plures
1015 4817 1158 4880 habuerit
1181 4823 1274 4893 viros,
1299 4820 1365 4879 ΟΕ.
1412 4816 1544 4881 ⁸⁰etiam
1569 4824 1605 4894 sl,
1633 4821 1709 4894 ΜΒ,
1734 4821 1772 4882 V.
1820 4819 1845 4856 ⁵¹
1858 4820 1991 4896 decidat,

401 4922 476 4997 MA,
497 4922 573 4996 ΜΒ,
593 4921 671 4996 MG,
692 4922 766 4994 CM,
786 4922 825 4981 Y.
867 4918 893 4954 ⁵²
906 4919 1012 4994 faciet,
1033 4920 1101 4993 OB,
1123 4921 1198 4995 MA,
1220 4921 1298 4996 MG,
1319 4921 1392 4982 ΟΜ.
1437 4919 1611 4996 ⁵⁸releviet‚
1633 4923 1702 4998 OB,
1724 4923 1800 4999 MB,
1824 4923 1901 5000 MG,
1923 4922 1992 4998 ΟΕ,

400 5021 475 5098 ΟΜ,
498 5022 570 5083 ΜΟ.
614 5019 742 5095 Μ’ᾶο,
763 5021 832 5094 ΟΒ,
854 5021 931 5094 MA,
953 5021 1034 5094 MB;
1056 5041 1085 5094 a,
1107 5022 1174 5097 OC,
1196 5021 1242 5093 Y;
1264 5028 1306 5095 et,
1329 5023 1405 5084 MG.
1449 5020 1610 5101 ⁵‘capere
1632 5024 1701 5100 OB,
1724 5026 1801 5100 MA,
1824 5027 1900 5100 MB,
1924 5025 1991 5100 ΟΕ,

400 5123 440 5197 Y,
457 5123 531 5198 CM,
549 5122 625 5183 MG.
664 5120 689 5155 ⁵⁷
703 5123 783 5195 Om,
800 5122 839 5196 V,
857 5122 924 5183 OB.
963 5119 1111 5198 ⁸⁸possit,
1130 5123 1207 5196 MG,
1225 5123 1262 5183 V.
1302 5121 1328 5156 ⁸⁹
1340 5127 1429 5200 regni
1447 5128 1541 5203 regis,
1558 5126 1625 5200 OC,
1643 5126 1719 5199 MB,
1739 5127 1816 5201 MG,
1834 5128 1871 5188 V.

483 5221 643 5302 ¹Baggot,
668 5221 803 5300 Bagoth,
827 5223 934 5301 Bigot,
958 5223 1091 5300 Becgot,
1116 5220 1242 5301 Balgot,
1267 5223 1388 5302 Bogud,
1414 5223 1508 5286 MSS.
1534 5245 1599 5286 var.
1647 5223 1798 5304 'Zuschq
1823 5229 1868 5302 V;
1896 5229 1989 5292 MSS.

399 5342 464 5384 ver.
506 5322 544 5357 ⁸¹⁴
557 5321 703 5385 relevium
721 5323 814 5403 quod,
835 5324 916 5396 MA;
937 5322 993 5384 rel.
1013 5327 1097 5402 quia,
1116 5325 1156 5399 V,
1176 5324 1245 5399 OA,
1267 5325 1333 5400 LA,
1353 5323 1421 5400 OC,
1442 5325 1516 5388 MC.
1559 5327 1663 5402 ⁶Om.,
1684 5329 1753 5406 OA,
1775 5330 1841 5406 LA,
1862 5331 1930 5406 ΟΟ,
1951 5333 1989 5394 V.

399 5423 600 5500 ‘dominium
616 5425 655 5500 V,
670 5425 745 5485 MA.
