4392 6352
389 489 463 557 298
921 478 1144 540 BRACTON:
1167 479 1228 540 DE
1251 479 1444 541 LEGIBUS

390 656 524 708 sonam
547 657 668 719 suam,
692 630 789 707 sicut
812 630 955 707 crimen
979 632 1075 706 loesae
1098 630 1320 720 maiestatis,
1345 631 1407 707 vel
1431 629 1574 706 coram⁸
1599 629 1811 708 iustitiariis
1836 631 1886 706 ad
1910 630 1982 706 hoc

391 749 607 849 specialiter
630 749 847 827 constitutis
872 749 903 826 si
926 757 1067 847 tangat
1091 774 1275 848 personas
1300 749 1483 848 privatas.
1510 749 1605 826 Vita
1628 774 1721 825 vero
1745 758 1785 826 et
1809 749 1983 826 membra

389 867 587 944 hominum
607 867 758 944 suntin
776 893 895 944 manu
915 867 1056 966 regis,²⁰
1076 867 1138 944 vel
1158 868 1208 943 ad
1229 867 1432 944 tuitionem
1451 867 1512 944 vel
1533 868 1584 943 ad
1604 891 1761 967 poenam
1780 892 1868 944 cum
1889 866 1980 943 deli·

391 989 557 1088 querint,
568 987 640 1063 nisi
653 989 708 1063 ita
722 987 772 1063 sit
786 987 888 1063 forte
902 986 1006 1084 quod
1019 985 1155 1084 aliquis
1168 986 1339 1084 gaudeat
1352 985 1507 1085 speciali
1520 986 1709 1075 libertate,
1724 986 1828 1085 quod
1842 986 1981 1063 habeat

389 1107 446 1183 tol
465 1117 504 1184 et
523 1107 628 1184 them
648 1114 815 1183 etcetera
833 1114 878 1182 ut
898 1105 1014 1182 infra.
1034 1105 1103 1180 Ad
1125 1105 1322 1181 dominum
1343 1129 1474 1202 regem
1494 1103 1691 1203 pertinet²²
1712 1114 1753 1181 et
1773 1103 1981 1180 coronam¹²

391 1251 500 1302 suam
516 1224 769 1323 cognoscendi
786 1223 833 1300 de
850 1223 1006 1300 crimine
1023 1222 1119 1299 laesae
1136 1222 1358 1312 maiestatis,
1376 1232 1422 1300 ut
1440 1222 1488 1299 de
1504 1247 1597 1299 nece
1613 1223 1675 1298 vel
1692 1223 1878 1300 seditione
1895 1248 1981 1322 per·

391 1367 492 1420 sonae
509 1368 586 1419 suae
603 1343 664 1418 vel
681 1342 792 1440 regni
808 1342 869 1418 vel
888 1341 1077 1419 exercitus
1096 1341 1165 1418 sui.
1186 1343 1290 1418 Item
1307 1342 1451 1418 crimen
1470 1341 1559 1418 falsi
1579 1341 1682 1440 quod
1701 1342 1772 1419 sub
1791 1367 1832 1418 se
1849 1341 1981 1441 plures

390 1463 561 1540 continet
580 1462 735 1562 species,
755 1471 794 1538 et
811 1460 1076 1559 multipliciter
1095 1460 1178 1535 fieri
1198 1460 1354 1558 poterit,
1374 1468 1418 1536 ut
1438 1460 1469 1536 si
1488 1460 1572 1558 quis
1593 1460 1794 1537 falsaverit
1813 1460 1982 1560 sigillum

391 1581 535 1658 domini
555 1581 668 1679 regis,
687 1580 748 1655 vel
768 1580 909 1656 falsam
927 1587 1122 1656 monetam
1141 1578 1398 1667 fabricaverit,
1418 1579 1479 1654 vel
1499 1579 1547 1655 de
1566 1604 1645 1655 non
1665 1577 1830 1678 reproba
1850 1604 1981 1678 repro-

390 1700 481 1775 bam
494 1698 640 1788 fecerit,
653 1699 714 1774 vel
727 1699 758 1775 si
770 1697 854 1796 quis
869 1696 1027 1774 falsario
1040 1697 1273 1774 consenserit
1287 1697 1460 1774 scienter.
1476 1697 1580 1773 Item
1594 1697 1799 1774 occultatio
1811 1697 1982 1775 thesauri

390 1817 536 1893 inventi
554 1815 791 1905 fraudulosa,
810 1815 996 1915 placitum
1012 1815 1088 1890 de²⁸
1105 1815 1227 1914 pace²⁴
1245 1815 1389 1891 domini
1407 1815 1508 1913 regis
1526 1816 1706 1892 infracta.
1725 1815 1783 1893 Et
1801 1816 1877 1892 ista
1893 1841 1982 1915 gra·

390 1938 498 2013 viora
519 1946 610 2014 sunt
632 1935 793 2012 crimina
813 1945 852 2012 et
872 1934 1020 2011 maiora
1041 1933 1131 2032 quia
1152 1933 1418 2032 principaliter
1439 1943 1609 2031 tangtmt
1633 1959 1837 2033 personam
1861 1934 1982 2032 ipsius

391 2056 504 2153 regis.
523 2056 625 2132 Sunt
640 2055 756 2131 etiam
770 2053 931 2129 crimina
944 2050 1227 2151 aliquantulum
1242 2051 1432 2140 minora,¹⁶
1446 2077 1493 2129 eo
1509 2052 1612 2150 quod
1628 2053 1669 2128 in
1684 2061 1796 2151 parte
1811 2060 1989 2151 tangunt

390 2174 519 2273 ipsum
540 2197 672 2270 regem
693 2179 855 2271 propter
877 2195 1013 2270 pacem
1034 2196 1144 2247 suam
1165 2169 1385 2259 infractam,
1407 2171 1447 2246 in
1469 2179 1582 2269 parte
1604 2170 1776 2270 privatas
1797 2195 1982 2269 personas

391 2300 527 2368 contra
545 2316 641 2390 quas
649 2289 908 2388 delinquitur,
928 2289 1027 2366 sicut
1046 2289 1191 2365 crimen
1210 2288 1319 2377 furti,
1339 2289 1483 2365 crimen
1503 2289 1660 2365 roberiae
1680 2299 1815 2365 contra
1835 2314 1981 2389 pacem,

392 2418 431 2486 et
446 2409 664 2508 plagarum.
683 2410 786 2485 Item
802 2407 945 2484 crimen
960 2407 1163 2496 homicidii,
1180 2406 1258 2483 sive
1275 2407 1324 2484 sit
1340 2407 1491 2484 casuale
1509 2408 1586 2485 sive
1603 2408 1876 2496 voluntarium,
1894 2408 1983 2483 licet

392 2530 553 2605 eandem
569 2551 726 2626 poenam
742 2552 820 2603 non
836 2526 1058 2602 contineant
1074 2525 1165 2624 quia
1180 2525 1221 2601 in
1237 2551 1316 2602 uno
1333 2550 1424 2602 casu
1441 2526 1548 2624 rigor
1565 2535 1604 2603 et
1621 2527 1661 2601 in
1680 2525 1755 2602 alio
1772 2526 1982 2603 misericor·

392 2646 466 2724 dia.
491 2648 594 2723 Item
614 2646 758 2722 crimen
778 2645 942 2720 incendii
964 2645 1139 2743 nequiter
1162 2644 1267 2720 facti.
1293 2645 1397 2721 Item
1419 2652 1556 2743 raptus
1577 2645 1737 2742 virginis
1759 2644 1821 2721 vel
1845 2645 1982 2722 sancti·

391 2765 566 2843 monialis
584 2765 646 2840 vel
664 2772 849 2840 matrona
866 2763 1023 2839 honeste
1042 2761 1216 2838 viventis.
1238 2763 1342 2838 Item
1360 2762 1504 2839 crimen
1521 2762 1678 2838 roberiae
1697 2773 1736 2840 et
1755 2762 1982 2862 imprisona-

391 2884 511 2960 menti
528 2892 664 2960 contra
681 2907 827 2981 pacem.
849 2883 951 2957 Item
970 2880 1155 2956 delibero
1174 2879 1325 2956 homine
1344 2881 1608 2978 imprisonato.
1629 2881 1835 2970 Quorum²⁰
1855 2882 1985 2957 omnia

392 3028 548 3103 poenam
562 3000 802 3102 corporalem
817 2999 1012 3097 infligrmt,
1029 3008 1067 3076 et
1084 2998 1293 3075 secundum
1311 3000 1413 3096 quod
1430 2999 1578 3076 fuerint
1593 3001 1740 3077 maiora
1755 3001 1817 3076 vel
1833 3001 1983 3076 minora

391 3146 550 3220 gravem
568 3121 756 3196 inducunt
774 3143 931 3217 poenam
947 3118 1008 3194 vel
1027 3117 1152 3193 minus
1170 3142 1340 3215 gravem.
1361 3117 1560 3194 Inducunt
1579 3118 1680 3194 enim
1700 3119 1874 3217 quoedam
1893 3118 1982 3194 ulti·

392 3266 499 3316 mum
527 3237 759 3337 supplicium
785 3261 873 3312 cum
901 3260 1017 3335 poena
1045 3235 1213 3333 graviori
1241 3244 1280 3312 et
1308 3236 1521 3324 tormentis,
1551 3262 1599 3312 ne
1628 3237 1760 3314 statim
1790 3237 1981 3325 deficiant,

392 3359 622 3456 quandoque
649 3356 729 3432 sine
754 3355 967 3431 tormentis.
996 3355 1099 3430 Item
1126 3353 1300 3452 quaedam
1326 3353 1514 3430 inducunt
1540 3355 1801 3430 membrorum
1827 3365 1981 3432 trunca·

288 3465 295 3490 *
391 3476 547 3563 tionem,
572 3474 747 3573 quaedam
770 3472 926 3549 exilium
950 3480 1183 3572 perpetuum
1206 3471 1267 3547 vel
1290 3472 1341 3547 ad
1363 3482 1530 3571 tempus,
1555 3483 1594 3549 et
1618 3474 1751 3550 eodem
1774 3474 1889 3550 modo
1912 3475 1982 3549 im·
2064 3549 2066 3554 ,

391 3593 734 3692 prisonamentum.
759 3590 892 3665 Poenae
915 3597 1046 3667 autem
1070 3589 1119 3665 ad
1144 3589 1442 3666 correctionem²⁷
1467 3590 1665 3667 hominum
1691 3600 1781 3668 sunt
1806 3592 1982 3680 invente,

391 3720 437 3788 ut
458 3734 553 3808 quos
574 3708 724 3786 divinus
744 3706 887 3786 timor²⁸
909 3734 987 3784 non
1008 3717 1173 3797 revocat,
1194 3708 1419 3806 temporalis
1440 3708 1577 3786 saltem
1598 3733 1715 3809 poena
1735 3707 1936 3786 cohibeat·
1958 3736 1983 3787 a

392 3837 561 3929 peccato.
581 3829 674 3927 Ipse
692 3827 792 3903 enim
809 3826 903 3903 deus
920 3836 1083 3925 propter
1101 3826 1342 3924 iniquitatem
1359 3825 1545 3925 corripit²⁰
1564 3826 1745 3904 homines.

491 3946 557 4024 De
583 3946 789 4045 perscribas
814 3969 1018 4044 poenorom
1046 3943 1184 4043 quibua
1211 3943 1382 4022 homines
1409 3943 1632 4041 officiuntur
1657 3956 1823 4045 propter
1849 3970 1982 4024 eorum

491 4064 724 4164 imparitates.

393 4181 569 4258 Gnnnnn
589 4206 793 4281 poenarum
815 4181 951 4280 quibus
972 4179 1191 4258 afficiuntur
1211 4181 1479 4259 malefactores
1502 4192 1593 4260 sunt
1614 4183 1702 4259 haec.
1728 4183 1831 4260 Sunt
1853 4192 1983 4261 autem

392 4301 567 4400 quaedsm
586 4325 670 4398 quae
690 4300 866 4376 adimunt
885 4299 1004 4376 vitam
1025 4300 1085 4375 vel
1104 4300 1287 4376 membra.
1310 4299 1413 4375 Sunt
1433 4308 1563 4377 autem
1584 4325 1668 4399 quae
1688 4302 1874 4378 auferunt
1894 4302 1981 4378 civi·

391 4427 524 4507 tatem,
542 4418 722 4516 burgum,
739 4419 800 4493 vel
817 4417 1064 4516 provinciam.
1086 4417 1188 4494 Sunt
1206 4426 1336 4494 autem
1354 4444 1437 4516 quae
1455 4419 1652 4496 continent
1670 4419 1828 4497 exilium
1845 4446 1982 4520 perpe

391 4543 504 4612 tuum
525 4535 585 4611 vel
606 4536 656 4611 ad
678 4545 844 4634 tempus
866 4536 927 4611 vel
949 4535 1146 4634 corporis²²
1169 4537 1411 4626 coertionem,
1435 4537 1577 4614 scilicet
1599 4538 1983 4636 imprisonamentum

391 4651 480 4727 vel²²
500 4654 551 4730 ad
571 4662 724 4751 tempus
744 4654 805 4729 vel
825 4655 1123 4752 imperpetuum.
1147 4654 1249 4732 Sunt
1271 4654 1446 4753 quadam
1467 4680 1551 4753 quae
1572 4656 1876 4753 instigationem,
1898 4682 1982 4733 ver·

391 4839 496 4915 ⁸0m,
514 4840 583 4916 OB,
602 4840 678 4915 MA,
696 4839 773 4915 ΜΒ,
792 4839 859 4915 ΟΒ,
876 4840 916 4901 Y.
956 4838 1109 4901 ¹⁰domini
1128 4843 1222 4920 regis,
1241 4841 1281 4916 V,
1301 4841 1375 4902 MA.
1417 4841 1443 4875 ¹²
1456 4845 1624 4919 pertinent,
1644 4843 1712 4919 OA,
1732 4844 1799 4918 LA,
1820 4845 1894 4920 MC,
1915 4844 1982 4918 OC,

393 4942 460 5018 ΟΕ,
485 4943 559 5003 CM.
606 4941 685 5003 1²od
710 4961 863 5016 coronam,
889 4941 958 5015 ΟΒ,
985 4943 1061 5018 MA,
1087 4942 1163 5002 ΜΒ.
1212 4940 1277 4976 ²²²²²
1289 4942 1369 5018 Om,
1396 4942 1464 5003 OA.
1513 4941 1539 4976 ¹⁸
1551 4947 1678 5019 maiora,
1705 4943 1774 5020 OB,
1802 4945 1878 5020 MA,
1906 4946 1981 5005 ΜΒ.

391 5039 418 5076 ²⁸
430 5062 568 5121 quarum,
586 5041 655 5120 OA,
673 5042 742 5119 OB,
760 5040 828 5119 OC,
845 5041 913 5117 LA,
930 5042 1007 5118 MA,
1026 5042 1103 5118 ΜΒ,
1122 5042 1189 5118 CB,
1208 5044 1282 5120 CM,
1302 5044 1342 5120 Y,
1360 5044 1441 5116 Mc;
1463 5043 1608 5123 (quorum
1627 5049 1720 5120 omni,
1739 5046 1836 5125 MG).
1877 5046 1982 5108 ²'cor-

391 5148 558 5204 rectionem
583 5149 615 5203 et
641 5147 876 5222 correptionem,
903 5143 947 5215 V;
976 5147 1210 5221 correptionem,
1237 5144 1306 5219 OA,
1335 5146 1363 5205 Y
1394 5143 1450 5222 (-Ι-
1464 5143 1542 5205 alias
1571 5147 1826 5225 correctionem);
1855 5168 1983 5227 corrup-

390 5247 516 5320 tIonem,
530 5242 598 5319 OB,
613 5243 690 5318 MA,
705 5244 781 5306 ΜΒ.
815 5239 844 5278 ¹⁸
854 5246 947 5305 timor
961 5265 980 5305 a
994 5241 1086 5321 malo,
1101 5245 1141 5319 V,
1156 5245 1229 5306 CM.
1266 5243 1294 5278 ¹⁹
1304 5252 1445 5306 coerceat
1460 5255 1491 5308 et
1506 5245 1658 5323 cohibeat,
1673 5249 1718 5322 V;
1735 5256 1885 5327 coerceat,
1902 5251 1982 5324 ΟΜ,

391 5344 565 5422 prohibeat,
581 5344 646 5406 OC.
683 5343 883 5423 ”corripuit
898 5344 968 5421 OB,
983 5345 1059 5421 ΜΒ,
1075 5346 1114 5406 Υ.
1152 5344 1231 5407 ¹²ad
1246 5351 1396 5424 eorports,
1413 5348 1481 5424 OB,
1498 5349 1573 5409 MA.
1612 5348 1637 5383 ²²
1649 5350 1730 5427 Om,
1746 5351 1815 5427 OA,
1831 5352 1898 5428 LA,
1915 5352 1984 5427 OC,

394 5447 471 5522 MG,
487 5447 560 5508 MC.
