4374 6366
344 523 418 594 882
876 516 1099 578 BRAC'I'ON:
1121 515 1183 577 DE
1207 515 1400 580 LEGIBUS

343 665 513 745 mittitur
528 667 701 742 variatio.
720 667 824 742 Item
839 667 870 742 si
887 667 1066 765 producti
1082 674 1262 765 parentes
1280 691 1358 743 non
1376 666 1494 744 sunt²⁹
1511 677 1692 767 parentes
1709 670 1852 746 mortui
1869 671 1936 748 sed

344 785 530 874 extranei,
544 784 604 861 vel
619 785 650 860 si
664 785 843 883 producti
857 783 961 861 sint⁸⁰
976 794 1157 883 parentes
1172 811 1220 861 ex
1235 793 1347 884 parte
1362 786 1485 885 patris
1500 786 1565 862 ubi
1582 786 1739 885 quidam
1754 787 1935 864 illorum'²

344 904 505 1003 produci
522 902 705 979 deberent
722 929 770 978 ex
789 911 901 1002 parte
918 903 1064 991 matris,
1082 912 1121 979 et
1139 930 1159 979 e
1177 903 1399 979 converso.⁸²
1419 905 1522 980 Item
1540 904 1605 980 ubi
1624 931 1755 981 omnes
1774 906 1934 1005 produci

344 1021 527 1099 deberent
545 1047 594 1098 ex
612 1046 691 1097 una
709 1031 833 1121 parte,
853 1021 1032 1120 producti
1052 1031 1143 1098 sunt
1162 1047 1211 1098 ex
1230 1031 1343 1121 parte
1362 1021 1573 1121 utriusque.
1596 1024 1698 1100 Item
1718 1024 1783 1100 ubi
1804 1024 1935 1124 plures

344 1140 505 1240 produci
518 1140 714 1228 deberent,
729 1140 908 1239 producti
924 1149 1015 1217 sunt
1029 1140 1240 1239 pauciores,
1255 1149 1293 1216 et
1308 1167 1329 1217 e
1343 1141 1547 1217 contrario.
1564 1141 1622 1218 Et
1638 1142 1724 1218 ideo
1739 1167 1817 1218 non
1832 1142 1935 1220 valet

345 1260 375 1336 si
391 1259 443 1335 ibi
458 1259 578 1336 luerit
592 1259 754 1335 variatio
769 1257 829 1333 vel
845 1258 1031 1334 delectus.
1048 1259 1107 1335 Et
1123 1259 1304 1357 quoniam
1320 1259 1361 1334 in
1377 1257 1534 1336 diversis
1551 1259 1793 1338 comitatibus
1811 1259 1934 1337 diver-

344 1376 489 1453 simode
506 1375 801 1476 praesentatur,⁸'
818 1375 1088 1474 inquirendum
1105 1376 1178 1453 erit
1195 1376 1236 1452 in
1252 1375 1421 1475 quolibet
1439 1376 1575 1454 itinere
1592 1377 1641 1453 ab
1658 1378 1767 1454 initio
1784 1404 1868 1477 quae
1886 1378 1935 1456 sit

343 1496 580 1572 consuetudo
598 1494 855 1594 praesentandi
874 1492 1202 1592 Englescheriam.

443 1732 491 1810 St
509 1729 778 1826 malefactores
796 1731 956 1828 sopiant
974 1731 1025 1808 od
1046 1729 1252 1819 eccleciam,
1273 1730 1439 1829 qualiter
1458 1729 1623 1808 debeont
1644 1757 1807 1830 regnora
1829 1732 1933 1810 abio·

444 1873 530 1926 rore
543 1850 576 1927 ai
590 1859 823 1947 cognoscant
838 1848 1081 1926 latrocinium
1095 1859 1135 1927 et
1148 1847 1345 1944 feloolam.

346 1969 467 2045 SUNT
489 1969 606 2045 etiam
627 1966 785 2067 quidam
808 1968 874 2066 qui
896 1992 983 2043 cum
1005 1967 1092 2067 capi
1115 1967 1298 2044 deberent
1323 1967 1482 2066 lugiunt
1506 1968 1556 2044 ad
1580 1968 1777 2045 ecclesiam
1799 1969 1860 2046 vel
1883 1969 1933 2045 ad

344 2086 461 2162 alium
480 2086 607 2162 locum
627 2085 848 2184 religiosum
868 2086 929 2161 vel
949 2085 1247 2185 privilegiatum,
1268 2094 1307 2162 et
1328 2111 1367 2162 se
1387 2095 1521 2163 tenent
1542 2087 1581 2162 in
1602 2087 1775 2163 ecclesia:
1797 2096 1836 2164 et
1858 2113 1934 2187 quo

343 2229 433 2282 casu
454 2205 548 2280 nihil
567 2205 747 2292 medium,
769 2203 840 2280 nisi
862 2205 965 2302 quod
986 2203 1143 2280 veniant
1163 2204 1213 2280 ad
1235 2227 1370 2302 pacem
1392 2203 1535 2280 domini
1557 2205 1658 2302 regis
1681 2205 1730 2281 ad
1752 2205 1934 2282 standum

343 2331 448 2399 recto
472 2322 503 2399 si
526 2323 610 2421 quis
633 2348 766 2398 versus
790 2348 853 2399 eos
876 2323 981 2420 loqui
1004 2322 1180 2411 voluerit,
1205 2323 1266 2398 vel
1290 2321 1421 2421 quod⁸⁴
1445 2332 1680 2420 cognoscant
1704 2322 1933 2400 maleficium

343 2450 506 2540 propter
523 2441 627 2540 quod
643 2466 683 2517 se
699 2449 834 2517 tenent
850 2441 890 2517 in
907 2439 1074 2529 ecclesia,
1092 2447 1131 2517 et
1149 2441 1201 2516 sic
1218 2439 1399 2517 hahebit⁸‘
1418 2439 1652 2518 electionem.
1672 2441 1730 2517 Et
1749 2467 1825 2540 quo
1843 2465 1933 2518 casu

343 2559 374 2634 si
391 2559 588 2656 recognito
604 2557 791 2635 maleficio
808 2557 966 2656 elegerit
983 2558 1175 2657 regnum⁸⁶
1193 2558 1381 2647 abiurare,
1399 2557 1539 2656 eligere
1557 2559 1670 2636 debet
1689 2567 1847 2658 portum
1866 2559 1932 2635 ali·

344 2702 457 2776 quem
480 2702 551 2776 per
572 2675 712 2775 quem⁸'
734 2676 899 2752 transire
922 2677 1044 2775 possit
1066 2677 1116 2753 ad
1137 2685 1283 2753 terram
1305 2676 1420 2753 aliam
1443 2686 1556 2753 extra
1577 2703 1741 2775 regnum
1765 2677 1932 2775 Angliae,

343 2795 434 2894 quia
452 2819 531 2870 non
547 2803 703 2871 tenetur
723 2794 899 2870 abiurare
917 2803 1062 2870 terram
1082 2804 1121 2872 et
1141 2803 1373 2894 potestatem
1394 2793 1495 2893 regis
1516 2795 1671 2895 praecise
1692 2796 1758 2872 sed
1779 2806 1933 2874 tantum

342 2938 506 3010 regnum
517 2912 684 3011 Angliae.
699 2913 758 2988 Et
770 2914 986 3012 computari
998 2911 1139 2990 debent
1151 2913 1186 2988 ei
1198 2912 1442 2990 rationabiles
1456 2913 1566 2989 dietae
1578 2940 1699 3012 usque
1712 2914 1762 2990 ad
1776 2923 1934 3013 portum

344 3030 373 3106 l.
390 3031 482 3124 136]
537 3029 657 3118 illum,
672 3038 711 3106 et
726 3030 838 3106 debet
852 3031 886 3106 ei
899 3031 1074 3108 interdici
1088 3056 1137 3106 ne
1150 3040 1262 3107 exeat
1276 3031 1423 3129 regiam
1437 3032 1551 3120 nam,
1566 3056 1636 3107 nec
1650 3057 1799 3108 moram
1815 3032 1834 3108 l
1835 3033 1933 3109 aciat

344 3149 482 3225 alicubi
496 3175 567 3248 per
581 3150 677 3226 duas
692 3158 834 3238 noctes,
850 3174 919 3225 nec
935 3149 1072 3226 alicubi
1086 3149 1280 3238 divertat,¹
1297 3174 1367 3225 nec
1381 3149 1548 3226 multum
1564 3150 1727 3227 declinet
1743 3176 1767 3226 a
1783 3150 1845 3226 via
1862 3150 1933 3226 nisi

342 3266 413 3342 hoo
432 3267 551 3345 luerit
570 3294 618 3343 ex
638 3267 794 3365 magna²
813 3269 1038 3344 necessitate
1057 3266 1118 3342 vel
1137 3267 1358 3366 hospitandi
1379 3293 1504 3344 causa.
1528 3267 1606 3344 Sed
1627 3293 1778 3367 semper
1797 3268 1933 3344 tendat

343 3394 450 3462 recta
461 3386 524 3461 via
537 3386 588 3462 ad
601 3395 759 3485 portum
772 3386 829 3463 ita
842 3387 946 3484 quod
959 3385 1010 3462 ibi
1026 3386 1074 3463 sit
1089 3387 1139 3462 ad
1155 3387 1255 3462 diem
1269 3385 1353 3462 sibi⁸
1369 3387 1515 3474 datum,
1531 3395 1570 3462 et
1586 3385 1689 3484 quod
1704 3386 1933 3464 transfreta·

344 3503 399 3581 bit
416 3529 533 3603 quam
549 3503 625 3580 cito
642 3529 781 3581 navem
796 3504 972 3581 habuerit
990 3511 1029 3580 et
1047 3511 1217 3593 ventum,
1237 3503 1308 3580 nisi
1325 3511 1557 3603 tempestate
1577 3504 1695 3580 luerit
1713 3503 1932 3603 impeditus.

346 3621 388 3698 Si
405 3630 535 3698 autem
550 3631 685 3698 contra
701 3621 849 3698 lecerit⁴
866 3621 938 3700 erit
955 3622 995 3698 in
1012 3622 1194 3721 periculo.
1213 3621 1359 3698 Formo
1377 3631 1507 3698 autem
1524 3623 1751 3698 sacramenti
1768 3620 1847 3696 haec
1864 3630 1932 3698 est.

443 3741 508 3816 De
528 3749 767 3817 aomomento
787 3739 951 3838 qualiter
971 3739 1112 3816 debent
1131 3763 1295 3838 regnum
1316 3739 1503 3816 abiurare.

344 3857 441 3934 Hoc
460 3857 601 3935 auditis
620 3858 812 3934 iustitiarii
830 3858 891 3934 vel
909 3860 946 3935 Ο
966 3883 1033 3935 vos
1052 3867 1296 3935 coronatores
1316 3859 1418 3956 quod
1438 3856 1562 3934 exibo⁸
1584 3885 1606 3933 a
1626 3883 1746 3954 regno
1766 3857 1933 3955 Angliae,

344 3987 383 4053 et
399 3977 490 4052 illuc
507 3977 647 4054 iterum
665 4002 744 4053 non
761 3985 933 4053 revertar
951 3977 1023 4053 nisi
1043 3978 1090 4053 de
1108 3977 1263 4053 licentia
1281 3977 1424 4054 domini
1444 3976 1545 4075 regis
1566 3977 1626 4053 vel
1645 3976 1829 4052 heredum
1849 4001 1933 4052 suo-

344 4121 443 4183 rum,
465 4097 518 4171 sic
539 4121 600 4172 me
622 4096 714 4172 deus
737 4094 907 4172 adiuvet⁶
929 4105 1106 4173 etcetera.
1129 4095 1187 4171 Et
1208 4095 1249 4170 in
1272 4104 1510 4171 sacramento
1535 4094 1711 4170 iaciendo
1733 4093 1841 4169 nulla
1864 4094 1933 4168 fiat

343 4213 487 4289 mentio
504 4215 553 4290 de
570 4213 698 4311 aliquo
716 4213 1001 4312 impedimento.
1022 4213 1101 4289 Sed
1119 4213 1210 4311 quid
1228 4213 1377 4289 dicetur
1395 4213 1426 4289 si
1444 4212 1595 4289 nullum
1613 4213 1752 4310 eligere
1771 4211 1935 4289 voluerit

344 4333 524 4429 portum?
546 4331 650 4420 Quia
671 4331 752 4407 sine
774 4339 891 4430 portu
912 4342 952 4408 et
972 4330 1083 4407 mari⁷
1106 4330 1224 4407 exire⁸
1246 4330 1390 4430 poterit
1412 4357 1533 4428 usque
1554 4329 1609 4405 in⁰
1631 4330 1736 4406 aliud
1757 4355 1933 4427 regnum,

343 4449 465 4526 tunc1⁰
483 4475 562 4525 non
579 4449 907 4547 incompetenter¹¹
928 4449 1001 4525 dici
1019 4448 1163 4547 poterit
1182 4449 1247 4524 ubi
1266 4450 1411 4525 dictum
1430 4458 1488 4526 est
1507 4449 1610 4547 quod
1629 4449 1745 4546 elegit
1764 4458 1933 4548 portum,

345 4636 457 4714 ²⁹sint,
478 4637 517 4713 V,
539 4638 606 4712 LA,
627 4637 683 4699 OC
691 4659 699 4710 ;
721 4645 835 4712 essent,
856 4639 939 4712 MG;
967 4637 1056 4715 (sunt
1076 4658 1138 4698 non
1159 4645 1241 4712 aunt,
1264 4638 1357 4716 CM).
1403 4635 1524 4713 ⁸⁰suut,
1545 4637 1586 4711 V,
1608 4637 1646 4698 Y.
1692 4635 1845 4714 ⁸²eorum,
1867 4637 1934 4711 LA,

345 4739 385 4814 Y,
410 4739 487 4813 MG,
510 4738 585 4799 MC.
631 4737 656 4772 ⁸²
668 4742 834 4812 contrario,
859 4739 925 4814 LA,
948 4739 989 4812 Y,
1014 4738 1080 4814 ΟΕ,
1107 4739 1182 4813 MA,
1208 4739 1280 4799 MC.
1327 4737 1354 4772 ⁸³
1366 4745 1603 4816 presentantur,
1628 4738 1668 4814 V,
1694 4738 1767 4798 CM.
1814 4736 1933 4812 ³⁴Om.,

344 4839 413 4914 OB,
431 4839 507 4915 MA,
526 4839 601 4899 ΜΒ.
640 4836 668 4872 ⁸⁶
679 4837 846 4912 habebunt,
865 4838 941 4912 MA,
960 4839 1027 4914 OE,
1045 4840 1112 4913 LA,
1131 4839 1206 4915 CM,
1224 4840 1265 4916 Y,
1284 4840 1358 4901 MC.
1399 4838 1464 4873 ’Μ’
1477 4859 1606 4920 regnum
1626 4839 1748 4901 abiuret
1768 4848 1799 4902 et
1817 4839 1933 4920 eligere

342 4939 435 5001 debet
453 4947 576 5018 portum
592 4959 766 5019 perquem,
784 4941 854 5016 OB,
872 4941 948 5016 ΜΒ,
965 4941 1032 5017 CE,
1051 4941 1117 5004 MA
1139 4939 1328 5020 (abiurare).

426 5041 485 5104 ²se
503 5041 648 5118 divcmt,
669 5041 708 5116 V,
728 5042 797 5115 OB,
817 5042 894 5115 MA,
914 5042 990 5117 ΜΒ,
1010 5043 1085 5118 MC,
1106 5043 1173 5119 ΟΕ,
1192 5043 1221 5104 Υ
1245 5041 1332 5120 (ψ).
1375 5040 1541 5119 ’maxima
1562 5043 1638 5119 MA,
1657 5043 1697 5104 Y.
1740 5041 1845 5117 ⁸Om.,
1865 5043 1934 5116 OB,

344 5143 421 5219 MA,
435 5145 510 5205 ΜΒ.
546 5142 657 5218 ‘fecit
671 5144 869 5217 LA,Y;hoc
885 5142 1006 5220 fecerit,
1021 5143 1090 5220 OB,
1106 5145 1181 5220 MA,
1198 5145 1273 5220 ΜΒ,
1288 5145 1352 5206 MC
1372 5143 1426 5221 (-1-
1440 5143 1526 5222 hoc).
1564 5143 1668 5219 ⁵e1i0,
1683 5145 1760 5219 MG,
1777 5145 1852 5220 CM,
1867 5145 1932 5207 OC.

344 5245 449 5321 ⁰Om,
466 5247 535 5321 OA,
551 5246 621 5323 OB,
638 5246 705 5322 LA,
722 5246 763 5322 Y,
780 5246 848 5322 OC,
865 5244 939 5320 CM,
957 5245 1033 5319 MA,
1052 5244 1119 5320 ΟΒ,
1137 5247 1209 5306 MC.
1249 5243 1542 5320 'mare,OA‚OC,
1561 5245 1600 5306 Y.
1639 5243 1838 5322 ‘exirenom
1857 5247 1934 5322 MG,

344 5348 419 5423 CM,
438 5347 502 5409 MC
526 5347 684 5426 (-†-non).
725 5345 831 5425 ⁸Om.,
850 5347 928 5423 MG,
948 5347 1028 5421 CM3
1048 5345 1099 5422 ad,
1120 5347 1186 5422 CB,
1206 5347 1279 5408 MC.
1321 5345 1392 5408 ²⁰et
1411 5353 1496 5421 tunc,
1515 5347 1560 5421 V;
1581 5368 1651 5423 om,
1671 5348 1741 5422 OB,
1762 5348 1837 5421 MA,
1857 5348 1933 5408 ΜΒ.

345 5449 372 5484 ²²
383 5455 604 5528 competenter,
621 5449 690 5522 OB,
708 5449 784 5526 MA,
801 5448 877 5524 ΜΒ,
895 5447 962 5523 CE,
981 5449 1054 5510 MC.
