4432 6336
403 473 475 540 120
933 468 1156 531 BRACTON:
1178 469 1239 531 DE
1263 470 1455 532 LEGIBUS

400 616 535 694 melius
555 617 586 693 si
606 617 647 694 in
664 618 755 695 locis
775 619 949 718 publicis,
970 621 1067 697 sicut
1087 621 1128 696 in
1147 623 1344 710 comitatu,
1363 621 1575 710 hundredo,
1597 631 1641 698 ut
1664 622 1813 698 facilius
1834 623 1992 721 probari

399 736 522 834 possit
537 736 568 812 si
586 736 717 812 forte¹⁰
734 737 854 814 fuerit
870 738 1032 816 dedicta.
1050 740 1109 818 Et
1126 764 1213 816 cum
1230 740 1319 817 talis
1337 740 1457 818 fuerit
1474 740 1694 817 solemnitas
1712 741 1893 830 adhibita,
1913 767 1992 819 non

399 855 566 933 multum
585 857 707 934 refert
725 866 858 934 utrum
877 859 1037 957 proprio
1055 859 1117 935 vel
1136 859 1260 937 alieno
1280 859 1407 957 sigillo
1426 861 1475 937 sit
1495 859 1687 957 signata,²²
1708 869 1747 936 et
1766 885 1855 938 cum
1875 861 1991 938 semel

400 999 423 1049 a
439 975 627 1051 donatore
642 1000 773 1053 coram
789 977 950 1054 testibus
970 977 1107 1054 adhoc
1123 978 1296 1056 vocatis¹¹
1315 978 1513 1076 recognita
1531 989 1570 1055 et
1588 1003 1777 1057 concessa.
1798 981 1840 1057 Si
1860 989 1991 1058 autem

398 1103 515 1172 testes
538 1104 745 1195 praesentes
767 1121 846 1172 non
869 1097 1017 1174 fuerint
1039 1121 1108 1172 nec
1129 1097 1218 1174 talis
1241 1096 1461 1174 solemnitas
1485 1097 1666 1187 adhibita,
1690 1099 1721 1176 si
1745 1099 1793 1176 de
1816 1100 1927 1199 signo
1950 1110 1990 1177 et

397 1225 507 1292 carta
522 1215 671 1291 oriatur
688 1215 890 1304 dubitatio,
909 1217 940 1292 si
958 1215 1073 1292 cum²⁸
1090 1223 1207 1293 testes
1227 1215 1373 1294 fuerint
1392 1217 1563 1316 requisiti
1581 1217 1712 1294 dicant
1731 1244 1772 1294 se
1789 1219 1882 1295 nihil
1900 1220 1989 1297 inde

398 1337 505 1426 scire,
529 1338 585 1414 ita
608 1338 770 1414 deficere
793 1336 937 1436 poterit
960 1346 1068 1412 carta
1092 1336 1266 1435 quamvis
1290 1362 1382 1412 vera
1406 1345 1445 1414 et
1469 1335 1581 1424 bona,
1606 1345 1770 1436 propter
1794 1338 1990 1416 defectum

397 1454 647 1554 probationis,
668 1456 829 1532 deficere
847 1456 948 1532 enim
968 1456 1112 1554 poterit
1132 1454 1309 1554 probatio
1329 1455 1503 1554 quamvis
1523 1454 1609 1532 ius¹⁴
1630 1481 1709 1532 non
1729 1458 1922 1534 deficiat.¹⁸
1946 1459 1989 1535 Si

398 1585 528 1652 autem
555 1575 816 1652 dubitaverint
841 1576 890 1652 de
916 1584 1025 1650 carta
1052 1583 1091 1651 et
1117 1575 1335 1664 donatione,
1364 1601 1442 1651 non
1469 1575 1649 1674 probant,
1677 1576 1768 1674 quia
1795 1577 1987 1675 quotiens-

396 1721 559 1796 cumque
578 1697 779 1774 dubitatur
797 1721 847 1772 an
865 1694 958 1794 quid
975 1694 1037 1784 sit,
1055 1693 1215 1795 perinde
1233 1704 1292 1771 est
1311 1718 1355 1769 ac
1374 1694 1405 1770 si
1423 1718 1503 1769 non
1519 1705 1618 1772 esset
1638 1694 1774 1771 illud.¹⁸
1796 1696 1838 1772 Si
1859 1706 1988 1774 autem

397 1816 526 1892 dicant
552 1816 762 1892 secundum
787 1815 1065 1902 credulitatem,
1090 1824 1325 1891 nontamen
1350 1813 1530 1912 probant,
1556 1816 1623 1891 sed
1648 1816 1988 1915 presumptionem

396 1934 611 2011 inducunt*
641 1935 701 2010 cui
730 1935 913 2011 standum
940 1932 1014 2009 erit
1042 1934 1163 2009 donec
1191 1933 1378 2032 probetur
1406 1929 1475 2008 in²⁸
1504 1933 1750 2010 contrarium.
1784 1934 1827 2010 si
1857 1945 1988 2011 autem

396 2054 499 2131 dieat
520 2080 621 2131 unus
643 2061 871 2153 praesentem
894 2079 933 2130 se
957 2052 1088 2142 fuisse,
1110 2076 1180 2128 nec
1201 2052 1272 2128 boc
1295 2051 1433 2129 sufficit
1456 2052 1506 2127 ad
1530 2051 1686 2151 plenam
1708 2053 1986 2152 probationem,

395 2179 463 2254 sed
477 2176 727 2276 semiplenam
741 2201 826 2276 quae
840 2174 1013 2252 similiter
1028 2174 1175 2251 inducit
1189 2173 1540 2272 praesumptionem.
1559 2174 1602 2250 Si
1618 2183 1747 2251 autem
1764 2175 1841 2251 duo
1857 2176 1987 2253 dicant

395 2325 436 2376 se
461 2297 683 2376 interfuisse
708 2297 846 2375 sufficit
872 2296 922 2373 ad
948 2297 1104 2395 plenam
1130 2294 1408 2394 probationem,
1435 2295 1524 2373 licet
1551 2295 1642 2372 alii¹⁹
1668 2297 1800 2374 dicant
1826 2323 1866 2374 se
1893 2299 1986 2375 nihil

394 2422 484 2498 inde
501 2421 607 2510 scire,
624 2446 713 2497 cum
730 2418 879 2495 duobus
897 2444 975 2494 non
992 2417 1257 2493 contradicant
1275 2441 1467 2516 expresse,
1486 2426 1526 2493 et
1543 2416 1659 2494 cum²⁰
1677 2419 1718 2494 in
1736 2443 1801 2496 ore
1820 2418 1986 2496 duorum

394 2544 456 2618 vel
469 2541 616 2620 trium²¹
632 2539 790 2618 testium
804 2538 908 2618 stet²’
924 2565 1036 2616 omne
1051 2538 1222 2615 verbum.
1242 2538 1285 2614 Si
1302 2547 1432 2615 autem
1448 2547 1565 2615 testes
1582 2539 1763 2616 contrarii
1781 2540 1929 2617 fuerint
1945 2541 1986 2616 in

394 2665 472 2743 suis
495 2664 733 2754 testimoniis,
758 2671 797 2740 et
821 2661 977 2761 quidam
1001 2661 1155 2736 illorum
1178 2660 1309 2737 dicant
1331 2669 1467 2737 contra
1491 2668 1640 2737 cartam
1662 2671 1702 2739 et
1727 2663 1984 2750 donationem,

392 2796 432 2863 et
450 2785 607 2885 quidam
626 2783 739 2884 pr0,¹⁸
757 2793 797 2861 et
815 2783 961 2861 fuerint
980 2785 1147 2882 impares
1166 2807 1338 2870 numero,
1358 2781 1494 2858 maiori
1512 2790 1552 2859 et
1571 2783 1736 2881 digniori
1756 2784 1860 2882 parti
1880 2794 1983 2861 stan-

392 2910 486 2984 dum
507 2909 590 2984 erit.
615 2907 657 2983 Si
679 2913 808 2982 autem
829 2931 942 3004 pares
964 2929 1124 2980 numero
1146 2913 1184 2982 et
1206 2902 1436 3002 dignitate,¹⁴
1457 2905 1531 2982 erit
1552 2930 1625 3004 pro
1647 2914 1754 2982 carta
1775 2905 1842 2982 et¹'
1866 2906 1983 2983 dona·

390 3031 495 3107 tione
517 3028 775 3117 iudicandum,
797 3037 841 3104 ut
863 3026 1048 3103 donati0²⁸
1070 3026 1194 3125 magis
1215 3027 1342 3103 valeat
1365 3051 1481 3125 quam
1503 3036 1648 3126 pereat.
1674 3028 1777 3103 Item
1800 3028 1831 3104 si
1853 3027 1983 3104 dicant

389 3160 508 3227 testes
532 3151 636 3250 quod
659 3149 909 3226 interfuerint
933 3149 999 3224 ubi
1023 3147 1266 3248 prolocutio¹⁷
1291 3148 1507 3225 donationis
1534 3147 1783 3235 factafuit,²⁸
1808 3149 1869 3226 vel
1893 3174 1982 3224 con-

391 3270 550 3348 fectioni
576 3279 616 3347 et
643 3270 856 3347 recitationi
883 3270 1038 3360 notulae,
1067 3269 1163 3346 nec²⁰
1191 3270 1261 3346 hoc
1290 3269 1439 3358 sufficit,
1469 3269 1587 3367 quia⁸⁰
1616 3269 1766 3345 adhuc⁸²
1796 3269 1981 3370 possent³²

389 3402 522 3492 partes
540 3391 695 3468 resilire.
717 3393 821 3469 Item
839 3417 918 3469 non
937 3391 1075 3470 sufficit
1095 3402 1242 3469 cartam
1261 3418 1342 3470 esse
1363 3393 1508 3469 factam
1527 3402 1566 3470 et
1587 3393 1780 3490 signatam
1799 3393 1872 3471 nisi
1892 3419 1980 3493 pro-

389 3502 503 3591 betur
521 3513 767 3590 donationem
786 3540 867 3590 esse
885 3515 1112 3613 perfectam,
1133 3524 1171 3591 et
1191 3516 1295 3612 quod
1313 3514 1442 3590 omnia
1461 3539 1545 3613 quae
1565 3515 1810 3591 donationem
1832 3516 1980 3592 faciunt

388 3634 462 3711 rite
494 3634 783 3735 praecesserint·⁸
815 3645 854 3713 et
887 3635 1129 3712 subsecutam
1161 3660 1242 3712 esse
1274 3635 1533 3724 traditionem,
1567 3635 1737 3734 alioquin
1770 3662 1981 3736 numquam

387 3758 593 3833 transferri
611 3756 753 3855 poterit
771 3783 831 3833 res
847 3756 994 3833 donata
1011 3758 1060 3834 ad
1077 3757 1334 3834 donatarium.
1354 3759 1507 3834 Poterit
1525 3758 1626 3834 enim
1643 3758 1866 3857 homagium
1883 3783 1979 3858 prae·

388 3877 554 3967 cessisse,
577 3887 616 3955 et
638 3880 741 3977 quod
763 3885 872 3955 carta
895 3879 967 3956 rite
990 3880 1097 3955 facta
1120 3879 1169 3956 sit
1192 3889 1232 3956 et
1253 3905 1345 3956 vera
1367 3889 1407 3957 et
1429 3878 1541 3968 bona,
1566 3889 1605 3957 et
1628 3905 1716 3956 cum
1739 3879 1979 3957 solemnitate

390 3996 420 4073 f.
434 3997 530 4092 88b]
585 3998 748 4076 recitata
776 4008 815 4077 et
845 3999 989 4088 audita,
1019 4011 1152 4077 tamen
1181 4025 1394 4099 numquam
1424 4001 1565 4078 valebit
1597 4001 1753 4078 donatio
1783 4002 1856 4077 nisi
1885 4010 1979 4078 tunc

387 4119 543 4197 demum
563 4145 651 4198 cum
672 4120 792 4198 fuerit
812 4122 970 4200 traditio
992 4121 1206 4212 subsecuta,
1228 4132 1267 4200 et
1289 4121 1342 4198 sic
1362 4121 1507 4222 poterit
1527 4131 1637 4199 carta
1657 4147 1737 4200 esse
1759 4147 1861 4211 vera,
1884 4121 1979 4199 sed⁸⁴

388 4239 468 4317 sine
487 4241 651 4318 seisina⁸⁸
669 4242 786 4319 nuda.
808 4244 911 4321 Item
930 4242 1137 4342 aliquando
1156 4243 1238 4320 vice
1257 4270 1368 4320 versa
1386 4243 1531 4343 poterit
1550 4242 1708 4321 donatio
1730 4269 1808 4321 esse
1828 4269 1920 4320 vera
1939 4252 1979 4320 et

387 4361 563 4460 perfecta
578 4371 618 4439 et
632 4372 740 4438 carta
756 4361 868 4450 falsa,
882 4372 928 4438 ut
944 4362 974 4439 si
991 4363 1076 4461 quis
1092 4388 1180 4438 cum
1196 4362 1442 4440 donationem
1459 4362 1594 4439 fecerit
1610 4373 1649 4441 et
1667 4362 1842 4439 seisinam
1860 4363 1977 4440 dona·

386 4577 413 4613 ¹⁰
426 4579 506 4652 orn,
525 4578 594 4652 OB,
611 4579 687 4654 MA,
706 4580 782 4652 ΜΒ,
801 4579 867 4653 CE,
886 4581 925 4640 Y.
965 4579 991 4613 ²²
1004 4584 1196 4659 consignata,
1217 4581 1294 4656 MG,
1314 4582 1387 4641 cM.
1427 4579 1455 4614 ¹²
1466 4581 1597 4643 testibus
1617 4581 1785 4658 advocatis,
1806 4582 1883 4657 MG,
1903 4583 1976 4643 CM.

386 4677 414 4712 ²⁸
425 4685 539 4752 tamen,
556 4678 650 4740 MSS.
666 4699 731 4740 var.
770 4677 889 4756 14οηι.,
907 4681 984 4756 MG,
1001 4683 1075 4758 CM,
1092 4681 1158 4743 OC.
1197 4681 1223 4716 ²⁶
1235 4681 1391 4758 deficiunt,
1411 4683 1487 4757 MG,
1506 4683 1579 4744 CM.
1619 4682 1645 4716 ²⁸
1657 4683 1738 4758 Om,
1756 4684 1825 4760 OB,
1843 4685 1919 4761 ΜΒ,
1936 4684 1977 4760 Υ,

387 4779 658 4853 CE;idem,CM.
697 4779 722 4813 ²²
735 4780 864 4856 inducit,
881 4783 959 4857 MG,
977 4784 1050 4844 CM.
1089 4783 1208 4859 ²⁸0m,
1226 4784 1295 4858 OB,
1313 4784 1389 4858 MA,
1408 4784 1484 4858 ΜΒ,
1502 4785 1570 4861 cE,
1588 4785 1628 4859 Y,
1648 4785 1720 4846 MC.
1761 4784 1977 4862 florano,

386 4879 460 4941 CM.
502 4878 529 4912 ²⁰
541 4889 654 4956 tamen,
675 4881 741 4957 LA,
763 4883 841 4955 MG,
863 4883 935 4942 MC.
978 4882 1149 4946 ²²·²²trIum
1171 4892 1244 4960 stat,
1267 4886 1343 4961 MG,
1366 4887 1446 4959 cM;
1468 4891 1562 4948 trium
1583 4887 1975 4965 cerimoniarumque.

386 4978 482 5058 ”pro
500 4987 597 5056 carta,
616 4982 656 5056 V,
674 4981 741 5042 OB.
783 4982 975 5062 ²⁴dfgnItate
993 4993 1035 5059 et,
1055 4986 1132 5061 MG,
1151 4987 1225 5047 CM.
1267 4985 1348 5062 ²lin,
1368 4987 1437 5062 OB,
1457 4989 1531 5049 ΜΒ.
1574 4986 1693 5065 ¹⁸0m,
1713 4990 1782 5065 ΟΒ,
1803 4985 1878 5064 MA,
1899 4992 1974 5052 ΜΒ.

387 5079 412 5113 ¹*
424 5081 613 5157 praelocutio,
626 5083 666 5157 V,
679 5083 748 5158 OB,
762 5083 839 5158 ΜΒ,
852 5084 893 5158 Υ,
906 5086 983 5162 MG,
998 5087 1071 5147 cM.
1107 5084 1134 5119 ²⁸
1147 5085 1253 5164 fuerit,
1266 5089 1306 5162 V,
1321 5090 1396 5150 ΜΒ.
1432 5088 1459 5123 ²⁰
1470 5109 1543 5165 non,
1558 5092 1627 5168 OB,
1642 5092 1718 5167 MA,
1734 5093 1808 5153 ΜΒ,
1846 5091 1976 5171 ⁸⁰quod,

387 5179 551 5254 MG,CM.
586 5180 652 5217 ⁸⁰⁴²
664 5183 870 5261 quiaadboc,
885 5185 978 5247 MSS.
993 5207 1058 5247 rar.
1094 5185 1120 5221 ⁸¹
1132 5195 1272 5266 possunt,
1287 5190 1327 5263 V,
1342 5191 1418 5267 MA,
1433 5192 1510 5268 ΜΒ,
1525 5194 1602 5270 MG,
1618 5193 1692 5270 CM,
1708 5193 1775 5267 00,
1789 5195 1829 5255 Y.
1867 5193 1977 5273 ⁸⁸pro-

385 5289 553 5359 cesserunt,
572 5283 655 5355 MG;
675 5290 893 5363 processerint,
912 5287 985 5349 CM.
1024 5286 1090 5322 ⁸⁴⁴⁸
1102 5289 1158 5350 aed
1176 5295 1243 5351 sine
1262 5291 1347 5353 facta
1366 5296 1491 5368 selsina,
1511 5295 1539 5356 V
1546 5317 1555 5369 ;
1575 5295 1629 5357 sed
1650 5296 1735 5356 facta
1754 5299 1878 5371 saisina,
1898 5297 1977 5373 MG,

386 5380 466 5453 cM;
481 5382 536 5442 sed
550 5387 617 5444 sine
632 5387 745 5445 seisiua
760 5385 857 5463 facta,
871 5386 937 5448 OC.
