<?xml version="1.0" encoding="UTF-8"?>
<!DOCTYPE html PUBLIC "-//W3C//DTD XHTML 1.0 Transitional//EN"
    "http://www.w3.org/TR/xhtml1/DTD/xhtml1-transitional.dtd">
<html xmlns="http://www.w3.org/1999/xhtml" xml:lang="en" lang="en">
 <head>
  <title>
</title>
<meta http-equiv="Content-Type" content="text/html;charset=utf-8" />
  <meta name='ocr-system' content='tesseract 3.04.00' />
  <meta name='ocr-capabilities' content='ocr_page ocr_carea ocr_par ocr_line ocrx_word'/>
</head>
<body>
  <div class='ocr_page' id='page_1' title='image "./bractondelegibu01histgoog_0236.png"; bbox 0 0 4432 6340; ppageno 0'>
   <div class='ocr_carea' id='block_1_1' title="bbox 415 433 1470 510">
    <p class='ocr_par' dir='ltr' id='par_1_1' title="bbox 415 433 1470 510">
     <span class='ocr_line' id='line_1_1' title="bbox 415 433 1470 510; baseline -0.011 -2"><span class='ocrx_word' id='word_1_1' title='bbox 415 440 489 510; x_wconf 78' lang='lat'><strong>218</strong></span> <span class='ocrx_word' id='word_1_2' title='bbox 948 433 1170 496; x_wconf 86' lang='lat' dir='ltr'><strong>BRACTON:</strong></span> <span class='ocrx_word' id='word_1_3' title='bbox 1193 434 1254 495; x_wconf 85' lang='lat' dir='ltr'><strong>DE</strong></span> <span class='ocrx_word' id='word_1_4' title='bbox 1277 434 1470 496; x_wconf 85' lang='lat' dir='ltr'>LEGIBUS</span> 
     </span>
    </p>
   </div>
   <div class='ocr_carea' id='block_1_2' title="bbox 414 583 2008 4732">
    <p class='ocr_par' dir='ltr' id='par_1_2' title="bbox 414 583 2008 1971">
     <span class='ocr_line' id='line_1_2' title="bbox 414 583 2008 684; baseline 0.001 -23"><span class='ocrx_word' id='word_1_5' title='bbox 414 583 658 661; x_wconf 79' lang='lat' dir='ltr'><strong>suetudinem</strong></span> <span class='ocrx_word' id='word_1_6' title='bbox 679 583 789 681; x_wconf 81' lang='lat' dir='ltr'><strong>regni</strong></span> <span class='ocrx_word' id='word_1_7' title='bbox 810 585 932 660; x_wconf 86' lang='lat' dir='ltr'>nostri</span> <span class='ocrx_word' id='word_1_8' title='bbox 954 584 1111 683; x_wconf 83' lang='lat' dir='ltr'><strong>Angliae</strong></span> <span class='ocrx_word' id='word_1_9' title='bbox 1133 584 1281 662; x_wconf 88' lang='lat' dir='ltr'><strong>faciant</strong></span> <span class='ocrx_word' id='word_1_10' title='bbox 1303 583 1580 684; x_wconf 79' lang='lat' dir='ltr'><strong>partitionem⁸⁹</strong></span> <span class='ocrx_word' id='word_1_11' title='bbox 1604 586 1651 662; x_wconf 94' lang='lat' dir='ltr'><strong>de</strong></span> <span class='ocrx_word' id='word_1_12' title='bbox 1675 585 1872 662; x_wconf 81' lang='lat' dir='ltr'><strong>dominicis</strong></span> <span class='ocrx_word' id='word_1_13' title='bbox 1894 587 2008 663; x_wconf 90' lang='lat' dir='ltr'><strong>terris</strong></span> 
     </span>
     <span class='ocr_line' id='line_1_3' title="bbox 415 701 2006 804; baseline -0.001 -24"><span class='ocrx_word' id='word_1_14' title='bbox 415 729 499 804; x_wconf 88' lang='lat' dir='ltr'><strong>quae</strong></span> <span class='ocrx_word' id='word_1_15' title='bbox 522 704 682 781; x_wconf 82' lang='lat' dir='ltr'><strong>ruerunt</strong></span> <span class='ocrx_word' id='word_1_16' title='bbox 703 705 757 778; x_wconf 89' lang='lat' dir='ltr'><strong>A.</strong></span> <span class='ocrx_word' id='word_1_17' title='bbox 779 703 820 779; x_wconf 90' lang='lat' dir='ltr'><strong>in</strong></span> <span class='ocrx_word' id='word_1_18' title='bbox 841 701 1027 779; x_wconf 90' lang='lat' dir='ltr'><strong>comitatu</strong></span> <span class='ocrx_word' id='word_1_19' title='bbox 1048 713 1130 793; x_wconf 88' lang='lat' dir='ltr'><strong>tuo,</strong></span> <span class='ocrx_word' id='word_1_20' title='bbox 1152 713 1191 780; x_wconf 94' lang='lat' dir='ltr'><strong>et</strong></span> <span class='ocrx_word' id='word_1_21' title='bbox 1214 728 1298 802; x_wconf 86' lang='lat' dir='ltr'><strong>quae</strong></span> <span class='ocrx_word' id='word_1_22' title='bbox 1319 703 1547 782; x_wconf 76' lang='lat' dir='ltr'><strong>hereditarie</strong></span> <span class='ocrx_word' id='word_1_23' title='bbox 1568 703 1801 802; x_wconf 81' lang='lat' dir='ltr'><strong>contingunt</strong></span> <span class='ocrx_word' id='word_1_24' title='bbox 1823 705 1872 780; x_wconf 93' lang='grc' dir='ltr'><strong>Β.</strong></span> <span class='ocrx_word' id='word_1_25' title='bbox 1895 712 1936 782; x_wconf 87' lang='lat' dir='ltr'><strong>et</strong></span> <span class='ocrx_word' id='word_1_26' title='bbox 1960 705 2006 788; x_wconf 90' lang='lat' dir='ltr'><strong>C.</strong></span> 
     </span>
     <span class='ocr_line' id='line_1_4' title="bbox 415 821 2007 922; baseline 0.001 -23"><span class='ocrx_word' id='word_1_27' title='bbox 415 848 584 899; x_wconf 90' lang='lat' dir='ltr'><strong>sororem</strong></span> <span class='ocrx_word' id='word_1_28' title='bbox 601 848 722 899; x_wconf 89' lang='lat' dir='ltr'><strong>suam.</strong></span> <span class='ocrx_word' id='word_1_29' title='bbox 739 822 797 899; x_wconf 85' lang='lat' dir='ltr'><strong>Et</strong></span> <span class='ocrx_word' id='word_1_30' title='bbox 814 832 907 899; x_wconf 90' lang='lat' dir='ltr'><strong>tunc</strong></span> <span class='ocrx_word' id='word_1_31' title='bbox 923 821 1115 922; x_wconf 71' lang='lat' dir='ltr'><strong>praedictis</strong></span> <span class='ocrx_word' id='word_1_32' title='bbox 1131 823 1180 898; x_wconf 94' lang='lat' dir='ltr'><strong>B.</strong></span> <span class='ocrx_word' id='word_1_33' title='bbox 1198 833 1237 900; x_wconf 93' lang='lat' dir='ltr'><strong>et</strong></span> <span class='ocrx_word' id='word_1_34' title='bbox 1254 824 1300 900; x_wconf 90' lang='lat' dir='ltr'><strong>C.</strong></span> <span class='ocrx_word' id='word_1_35' title='bbox 1319 821 1439 900; x_wconf 83' lang='lat' dir='ltr'><strong>facias</strong></span> <span class='ocrx_word' id='word_1_36' title='bbox 1456 821 1595 900; x_wconf 85' lang='lat' dir='ltr'><strong>habere</strong></span> <span class='ocrx_word' id='word_1_37' title='bbox 1613 823 1858 900; x_wconf 80' lang='lat' dir='ltr'><strong>rationabiles</strong></span> <span class='ocrx_word' id='word_1_38' title='bbox 1875 833 2007 922; x_wconf 85' lang='lat' dir='ltr'><strong>partes</strong></span> 
     </span>
     <span class='ocr_line' id='line_1_5' title="bbox 415 940 2008 1040; baseline 0 -20"><span class='ocrx_word' id='word_1_39' title='bbox 415 967 516 1030; x_wconf 75' lang='lat' dir='ltr'><strong>arras,</strong></span> <span class='ocrx_word' id='word_1_40' title='bbox 540 942 750 1017; x_wconf 89' lang='lat' dir='ltr'><strong>secundum</strong></span> <span class='ocrx_word' id='word_1_41' title='bbox 772 941 875 1040; x_wconf 92' lang='lat' dir='ltr'><strong>quod</strong></span> <span class='ocrx_word' id='word_1_42' title='bbox 898 940 1057 1039; x_wconf 86' lang='lat' dir='ltr'><strong>partitio</strong></span> <span class='ocrx_word' id='word_1_43' title='bbox 1080 940 1147 1017; x_wconf 86' lang='lat' dir='ltr'><strong>illa</strong></span> <span class='ocrx_word' id='word_1_44' title='bbox 1169 941 1277 1018; x_wconf 87' lang='lat' dir='ltr'><strong>facta</strong></span> <span class='ocrx_word' id='word_1_45' title='bbox 1299 941 1420 1018; x_wconf 83' lang='lat' dir='ltr'><strong>fuerit</strong></span> <span class='ocrx_word' id='word_1_46' title='bbox 1442 967 1513 1040; x_wconf 91' lang='lat' dir='ltr'><strong>per</strong></span> <span class='ocrx_word' id='word_1_47' title='bbox 1536 941 1690 1028; x_wconf 87' lang='lat' dir='ltr'><strong>eosdem</strong></span> <span class='ocrx_word' id='word_1_48' title='bbox 1712 940 1864 1018; x_wconf 77' lang='lat' dir='ltr'><strong>milites.</strong></span> <span class='ocrx_word' id='word_1_49' title='bbox 1889 942 2008 1020; x_wconf 86' lang='lat' dir='ltr'><strong>Teste</strong></span> 
     </span>
     <span class='ocr_line' id='line_1_6' title="bbox 415 1059 2008 1159; baseline 0.001 -23"><span class='ocrx_word' id='word_1_50' title='bbox 415 1067 592 1136; x_wconf 85' lang='lat' dir='ltr'><strong>etcetera.</strong></span> <span class='ocrx_word' id='word_1_51' title='bbox 610 1059 668 1137; x_wconf 86' lang='lat' dir='ltr'><strong>Et</strong></span> <span class='ocrx_word' id='word_1_52' title='bbox 684 1068 820 1159; x_wconf 87' lang='lat' dir='ltr'><strong>postea</strong></span> <span class='ocrx_word' id='word_1_53' title='bbox 836 1060 867 1136; x_wconf 93' lang='lat' dir='ltr'><strong>si</strong></span> <span class='ocrx_word' id='word_1_54' title='bbox 883 1068 1063 1136; x_wconf 79' lang='lat' dir='ltr'><strong>causetur</strong></span> <span class='ocrx_word' id='word_1_55' title='bbox 1080 1059 1240 1159; x_wconf 88' lang='lat' dir='ltr'><strong>partitio</strong></span> <span class='ocrx_word' id='word_1_56' title='bbox 1256 1059 1324 1136; x_wconf 87' lang='lat' dir='ltr'><strong>illa</strong></span> <span class='ocrx_word' id='word_1_57' title='bbox 1340 1061 1443 1158; x_wconf 94' lang='lat' dir='ltr'><strong>quod</strong></span> <span class='ocrx_word' id='word_1_58' title='bbox 1460 1059 1586 1137; x_wconf 92' lang='lat' dir='ltr'><strong>minus</strong></span> <span class='ocrx_word' id='word_1_59' title='bbox 1603 1059 1884 1137; x_wconf 80' lang='lat' dir='ltr'><strong>rationabiliter</strong></span> <span class='ocrx_word' id='word_1_60' title='bbox 1901 1061 2008 1138; x_wconf 84' lang='lat' dir='ltr'><strong>facta</strong></span> 
     </span>
     <span class='ocr_line' id='line_1_7' title="bbox 415 1180 2006 1280; baseline 0.001 -23"><span class='ocrx_word' id='word_1_61' title='bbox 415 1180 476 1269; x_wconf 93' lang='lat' dir='ltr'><strong>sit,</strong></span> <span class='ocrx_word' id='word_1_62' title='bbox 491 1181 632 1257; x_wconf 88' lang='lat' dir='ltr'><strong>iterum</strong></span> <span class='ocrx_word' id='word_1_63' title='bbox 647 1180 845 1280; x_wconf 80' lang='lat' dir='ltr'><strong>praecipiat</strong></span> <span class='ocrx_word' id='word_1_64' title='bbox 861 1180 1071 1257; x_wconf 83' lang='lat' dir='ltr'><strong>vicecomiti</strong></span> <span class='ocrx_word' id='word_1_65' title='bbox 1086 1180 1190 1280; x_wconf 93' lang='lat' dir='ltr'><strong>quod</strong></span> <span class='ocrx_word' id='word_1_66' title='bbox 1205 1180 1467 1258; x_wconf 86' lang='lat' dir='ltr'><strong>extensionem</strong></span> <span class='ocrx_word' id='word_1_67' title='bbox 1482 1188 1524 1256; x_wconf 92' lang='lat' dir='ltr'><strong>et</strong></span> <span class='ocrx_word' id='word_1_68' title='bbox 1537 1180 1787 1280; x_wconf 85' lang='lat' dir='ltr'><strong>partitionem</strong></span> <span class='ocrx_word' id='word_1_69' title='bbox 1803 1180 1909 1258; x_wconf 87' lang='lat' dir='ltr'><strong>illam</strong></span> <span class='ocrx_word' id='word_1_70' title='bbox 1926 1206 2006 1260; x_wconf 91' lang='lat' dir='ltr'><strong>cor-</strong></span> 
     </span>
     <span class='ocr_line' id='line_1_8' title="bbox 415 1297 2006 1399; baseline 0 -22"><span class='ocrx_word' id='word_1_71' title='bbox 415 1302 445 1378; x_wconf 90' lang='lat' dir='ltr'><strong>f.</strong></span> <span class='ocrx_word' id='word_1_72' title='bbox 460 1308 483 1382; x_wconf 83' lang='lat'>7</span> <span class='ocrx_word' id='word_1_73' title='bbox 486 1303 529 1394; x_wconf 87' lang='lat'><strong>5]</strong></span> <span class='ocrx_word' id='word_1_74' title='bbox 585 1299 688 1399; x_wconf 84' lang='lat' dir='ltr'><strong>rigat</strong></span> <span class='ocrx_word' id='word_1_75' title='bbox 709 1309 748 1376; x_wconf 89' lang='lat' dir='ltr'><strong>et</strong></span> <span class='ocrx_word' id='word_1_76' title='bbox 769 1299 957 1389; x_wconf 88' lang='lat' dir='ltr'><strong>emendet,</strong></span> <span class='ocrx_word' id='word_1_77' title='bbox 977 1298 1066 1375; x_wconf 89' lang='lat' dir='ltr'><strong>vel⁴⁰</strong></span> <span class='ocrx_word' id='word_1_78' title='bbox 1087 1299 1119 1376; x_wconf 90' lang='lat' dir='ltr'><strong>si</strong></span> <span class='ocrx_word' id='word_1_79' title='bbox 1138 1307 1339 1398; x_wconf 87' lang='lat' dir='ltr'><strong>suspectus</strong></span> <span class='ocrx_word' id='word_1_80' title='bbox 1359 1297 1558 1388; x_wconf 86' lang='lat' dir='ltr'><strong>habeatur,</strong></span> <span class='ocrx_word' id='word_1_81' title='bbox 1579 1299 1879 1377; x_wconf 86' lang='lat' dir='ltr'><strong>constituantur¹</strong></span> <span class='ocrx_word' id='word_1_82' title='bbox 1900 1301 2006 1377; x_wconf 89' lang='lat' dir='ltr'><strong>iusti·</strong></span> 
     </span>
     <span class='ocr_line' id='line_1_9' title="bbox 414 1418 2006 1518; baseline -0.001 -21"><span class='ocrx_word' id='word_1_83' title='bbox 414 1420 529 1509; x_wconf 87' lang='lat' dir='ltr'><strong>tiarii,</strong></span> <span class='ocrx_word' id='word_1_84' title='bbox 552 1421 762 1496; x_wconf 89' lang='lat' dir='ltr'><strong>secundum</strong></span> <span class='ocrx_word' id='word_1_85' title='bbox 784 1419 887 1518; x_wconf 92' lang='lat' dir='ltr'><strong>quod</strong></span> <span class='ocrx_word' id='word_1_86' title='bbox 910 1418 1085 1517; x_wconf 91' lang='lat' dir='ltr'><strong>superius</strong></span> <span class='ocrx_word' id='word_1_87' title='bbox 1109 1418 1206 1495; x_wconf 92' lang='lat' dir='ltr'><strong>sumi</strong></span> <span class='ocrx_word' id='word_1_88' title='bbox 1229 1418 1373 1518; x_wconf 89' lang='lat' dir='ltr'><strong>poterit</strong></span> <span class='ocrx_word' id='word_1_89' title='bbox 1395 1419 1628 1517; x_wconf 85' lang='lat' dir='ltr'><strong>exemplum.</strong></span> <span class='ocrx_word' id='word_1_90' title='bbox 1655 1420 1698 1494; x_wconf 92' lang='lat' dir='ltr'><strong>Si</strong></span> <span class='ocrx_word' id='word_1_91' title='bbox 1722 1429 1852 1496; x_wconf 88' lang='lat' dir='ltr'><strong>autem</strong></span> <span class='ocrx_word' id='word_1_92' title='bbox 1875 1429 2006 1518; x_wconf 87' lang='lat' dir='ltr'><strong>partes</strong></span> 
     </span>
     <span class='ocr_line' id='line_1_10' title="bbox 415 1536 2005 1637; baseline 0 -23"><span class='ocrx_word' id='word_1_93' title='bbox 415 1540 598 1615; x_wconf 88' lang='lat' dir='ltr'><strong>interesse</strong></span> <span class='ocrx_word' id='word_1_94' title='bbox 615 1537 809 1615; x_wconf 88' lang='lat' dir='ltr'><strong>noluerint</strong></span> <span class='ocrx_word' id='word_1_95' title='bbox 828 1538 931 1614; x_wconf 85' lang='lat' dir='ltr'><strong>forte</strong></span> <span class='ocrx_word' id='word_1_96' title='bbox 949 1536 1162 1613; x_wconf 85' lang='lat' dir='ltr'><strong>extensioni</strong></span> <span class='ocrx_word' id='word_1_97' title='bbox 1181 1547 1220 1614; x_wconf 93' lang='lat' dir='ltr'><strong>et</strong></span> <span class='ocrx_word' id='word_1_98' title='bbox 1239 1536 1526 1636; x_wconf 86' lang='lat' dir='ltr'><strong>appretiationi,</strong></span> <span class='ocrx_word' id='word_1_99' title='bbox 1544 1537 1606 1614; x_wconf 91' lang='lat' dir='ltr'><strong>vel</strong></span> <span class='ocrx_word' id='word_1_100' title='bbox 1625 1537 1827 1636; x_wconf 87' lang='lat' dir='ltr'><strong>partitioni</strong></span> <span class='ocrx_word' id='word_1_101' title='bbox 1847 1539 1898 1614; x_wconf 90' lang='lat' dir='ltr'><strong>ad</strong></span> <span class='ocrx_word' id='word_1_102' title='bbox 1918 1564 2005 1637; x_wconf 86' lang='lat' dir='ltr'><strong>par-</strong></span> 
     </span>
     <span class='ocr_line' id='line_1_11' title="bbox 414 1655 2006 1756; baseline -0.001 -22"><span class='ocrx_word' id='word_1_103' title='bbox 414 1666 494 1734; x_wconf 85' lang='lat' dir='ltr'><strong>tem</strong></span> <span class='ocrx_word' id='word_1_104' title='bbox 511 1682 620 1734; x_wconf 88' lang='lat' dir='ltr'><strong>suam</strong></span> <span class='ocrx_word' id='word_1_105' title='bbox 636 1655 906 1756; x_wconf 87' lang='lat' dir='ltr'><strong>recipiendam,</strong></span> <span class='ocrx_word' id='word_1_106' title='bbox 924 1655 1169 1733; x_wconf 88' lang='lat' dir='ltr'><strong>nihilominus</strong></span> <span class='ocrx_word' id='word_1_107' title='bbox 1187 1656 1400 1756; x_wconf 86' lang='lat' dir='ltr'><strong>procedant</strong></span> <span class='ocrx_word' id='word_1_108' title='bbox 1418 1657 1468 1732; x_wconf 93' lang='lat' dir='ltr'><strong>ad</strong></span> <span class='ocrx_word' id='word_1_109' title='bbox 1486 1665 1723 1755; x_wconf 72' lang='lat' dir='ltr'><strong>preceptum</strong></span> <span class='ocrx_word' id='word_1_110' title='bbox 1742 1657 1887 1733; x_wconf 90' lang='lat' dir='ltr'><strong>domini</strong></span> <span class='ocrx_word' id='word_1_111' title='bbox 1905 1657 2006 1755; x_wconf 80' lang='lat' dir='ltr'><strong>regis</strong></span> 
     </span>
     <span class='ocr_line' id='line_1_12' title="bbox 414 1773 2006 1875; baseline 0 -23"><span class='ocrx_word' id='word_1_112' title='bbox 414 1775 607 1852; x_wconf 90' lang='lat' dir='ltr'><strong>iustitiarii</strong></span> <span class='ocrx_word' id='word_1_113' title='bbox 627 1775 687 1851; x_wconf 89' lang='lat' dir='ltr'><strong>vel</strong></span> <span class='ocrx_word' id='word_1_114' title='bbox 707 1775 912 1852; x_wconf 89' lang='lat' dir='ltr'><strong>vicecomes</strong></span> <span class='ocrx_word' id='word_1_115' title='bbox 933 1773 1018 1874; x_wconf 83' lang='lat' dir='ltr'><strong>per²</strong></span> <span class='ocrx_word' id='word_1_116' title='bbox 1038 1773 1116 1852; x_wconf 89' lang='lat' dir='ltr'><strong>tale</strong></span> <span class='ocrx_word' id='word_1_117' title='bbox 1136 1773 1261 1864; x_wconf 89' lang='lat' dir='ltr'><strong>breve,</strong></span> <span class='ocrx_word' id='word_1_118' title='bbox 1282 1799 1370 1851; x_wconf 92' lang='lat' dir='ltr'><strong>cum</strong></span> <span class='ocrx_word' id='word_1_119' title='bbox 1390 1800 1490 1851; x_wconf 93' lang='lat' dir='ltr'><strong>uuus</strong></span> <span class='ocrx_word' id='word_1_120' title='bbox 1511 1773 1720 1875; x_wconf 85' lang='lat' dir='ltr'><strong>particeps⁸</strong></span> <span class='ocrx_word' id='word_1_121' title='bbox 1742 1784 1907 1873; x_wconf 84' lang='lat' dir='ltr'><strong>negetur</strong></span> <span class='ocrx_word' id='word_1_122' title='bbox 1926 1801 2006 1852; x_wconf 87' lang='lat' dir='ltr'><strong>esse</strong></span> 
     </span>
     <span class='ocr_line' id='line_1_13' title="bbox 415 1893 579 1971; baseline 0.018 -3"><span class='ocrx_word' id='word_1_123' title='bbox 415 1893 579 1971; x_wconf 90' lang='lat' dir='ltr'><strong>coheres.</strong></span> 
     </span>
    </p>

    <p class='ocr_par' dir='ltr' id='par_1_3' title="bbox 514 2013 2005 2116">
     <span class='ocr_line' id='line_1_14' title="bbox 514 2013 2005 2116; baseline 0.001 -25"><span class='ocrx_word' id='word_1_124' title='bbox 514 2017 642 2094; x_wconf 85' lang='lat' dir='ltr'><strong>Breve</strong></span> <span class='ocrx_word' id='word_1_125' title='bbox 664 2016 713 2092; x_wconf 86' lang='lat' dir='ltr'><strong>de</strong></span> <span class='ocrx_word' id='word_1_126' title='bbox 734 2015 890 2115; x_wconf 82' lang='lat' dir='ltr'><strong>querela</strong></span> <span class='ocrx_word' id='word_1_127' title='bbox 911 2014 1001 2114; x_wconf 79' lang='lat' dir='ltr'><strong>filice</strong></span> <span class='ocrx_word' id='word_1_128' title='bbox 1022 2015 1291 2116; x_wconf 77' lang='lat' dir='ltr'><strong>primopeoitoe</strong></span> <span class='ocrx_word' id='word_1_129' title='bbox 1312 2025 1351 2094; x_wconf 92' lang='lat' dir='ltr'><strong>et</strong></span> <span class='ocrx_word' id='word_1_130' title='bbox 1374 2014 1575 2116; x_wconf 75' lang='lat' dir='ltr'><strong>partieipia</strong></span> <span class='ocrx_word' id='word_1_131' title='bbox 1598 2039 1684 2114; x_wconf 78' lang='lat' dir='ltr'><strong>quc</strong></span> <span class='ocrx_word' id='word_1_132' title='bbox 1706 2039 1786 2094; x_wconf 85' lang='lat' dir='ltr'><strong>ooo</strong></span> <span class='ocrx_word' id='word_1_133' title='bbox 1808 2013 1923 2092; x_wconf 86' lang='lat' dir='ltr'><strong>babet</strong></span> <span class='ocrx_word' id='word_1_134' title='bbox 1946 2041 2005 2092; x_wconf 73' lang='lat' dir='ltr'><strong>ro</strong></span> 
     </span>
    </p>

    <p class='ocr_par' dir='ltr' id='par_1_4' title="bbox 516 2133 2007 2235">
     <span class='ocr_line' id='line_1_15' title="bbox 516 2133 2007 2235; baseline 0.001 -25"><span class='ocrx_word' id='word_1_135' title='bbox 516 2133 736 2212; x_wconf 79' lang='lat' dir='ltr'><strong>tiooohilem</strong></span> <span class='ocrx_word' id='word_1_136' title='bbox 752 2143 905 2235; x_wconf 84' lang='lat' dir='ltr'><strong>partem</strong></span> <span class='ocrx_word' id='word_1_137' title='bbox 921 2159 1031 2212; x_wconf 73' lang='lat' dir='ltr'><strong>mam</strong></span> <span class='ocrx_word' id='word_1_138' title='bbox 1048 2157 1118 2210; x_wconf 80' lang='lat' dir='ltr'><strong>aec</strong></span> <span class='ocrx_word' id='word_1_139' title='bbox 1134 2133 1364 2223; x_wconf 78' lang='lat' dir='ltr'><strong>aeaoeaeiam,</strong></span> <span class='ocrx_word' id='word_1_140' title='bbox 1380 2143 1420 2212; x_wconf 88' lang='lat' dir='ltr'><strong>et</strong></span> <span class='ocrx_word' id='word_1_141' title='bbox 1437 2135 1485 2212; x_wconf 85' lang='lat' dir='ltr'><strong>de</strong></span> <span class='ocrx_word' id='word_1_142' title='bbox 1501 2135 1711 2234; x_wconf 77' lang='lat' dir='ltr'><strong>partitione</strong></span> <span class='ocrx_word' id='word_1_143' title='bbox 1729 2133 2007 2212; x_wconf 79' lang='lat' dir='ltr'><strong>rationabiliter</strong></span> 
     </span>
    </p>

    <p class='ocr_par' dir='ltr' id='par_1_5' title="bbox 415 2253 2008 4732">
     <span class='ocr_line' id='line_1_16' title="bbox 514 2253 943 2352; baseline 0 -22"><span class='ocrx_word' id='word_1_144' title='bbox 514 2253 694 2348; x_wconf 67' lang='lat' dir='ltr'><strong>facienda</strong></span> <span class='ocrx_word' id='word_1_145' title='bbox 707 2278 779 2352; x_wconf 86' lang='lat' dir='ltr'><strong>per</strong></span> <span class='ocrx_word' id='word_1_146' title='bbox 794 2253 943 2331; x_wconf 83' lang='lat' dir='ltr'><strong>militer.</strong></span> 
     </span>
     <span class='ocr_line' id='line_1_17' title="bbox 415 2373 2005 2474; baseline 0.001 -23"><span class='ocrx_word' id='word_1_147' title='bbox 415 2375 512 2451; x_wconf 71' lang='lat' dir='ltr'><strong>Rex</strong></span> <span class='ocrx_word' id='word_1_148' title='bbox 528 2373 738 2451; x_wconf 85' lang='lat' dir='ltr'><strong>vicecomiti</strong></span> <span class='ocrx_word' id='word_1_149' title='bbox 754 2375 929 2452; x_wconf 89' lang='lat' dir='ltr'><strong>salutem.</strong></span> <span class='ocrx_word' id='word_1_150' title='bbox 947 2375 1159 2452; x_wconf 90' lang='lat' dir='ltr'><strong>Ostensum</strong></span> <span class='ocrx_word' id='word_1_151' title='bbox 1175 2384 1234 2451; x_wconf 89' lang='lat' dir='ltr'><strong>est</strong></span> <span class='ocrx_word' id='word_1_152' title='bbox 1250 2374 1358 2452; x_wconf 94' lang='lat' dir='ltr'><strong>nobis</strong></span> <span class='ocrx_word' id='word_1_153' title='bbox 1375 2399 1423 2451; x_wconf 84' lang='lat' dir='ltr'><strong>ex</strong></span> <span class='ocrx_word' id='word_1_154' title='bbox 1441 2383 1553 2474; x_wconf 87' lang='lat' dir='ltr'><strong>parte</strong></span> <span class='ocrx_word' id='word_1_155' title='bbox 1569 2376 1623 2450; x_wconf 88' lang='lat' dir='ltr'><strong>A.</strong></span> <span class='ocrx_word' id='word_1_156' title='bbox 1642 2384 1681 2451; x_wconf 91' lang='lat' dir='ltr'><strong>et</strong></span> <span class='ocrx_word' id='word_1_157' title='bbox 1698 2374 1747 2451; x_wconf 93' lang='grc' dir='ltr'><strong>Β.</strong></span> <span class='ocrx_word' id='word_1_158' title='bbox 1765 2375 1896 2452; x_wconf 84' lang='lat' dir='ltr'><strong>uxoris</strong></span> <span class='ocrx_word' id='word_1_159' title='bbox 1914 2374 2005 2464; x_wconf 90' lang='lat' dir='ltr'><strong>eius,</strong></span> 
     </span>
     <span class='ocr_line' id='line_1_18' title="bbox 416 2492 2006 2594; baseline 0 -26"><span class='ocrx_word' id='word_1_160' title='bbox 416 2492 519 2592; x_wconf 93' lang='lat' dir='ltr'><strong>quod</strong></span> <span class='ocrx_word' id='word_1_161' title='bbox 533 2517 622 2569; x_wconf 91' lang='lat' dir='ltr'><strong>cum</strong></span> <span class='ocrx_word' id='word_1_162' title='bbox 635 2494 721 2593; x_wconf 92' lang='lat' dir='ltr'><strong>ipsa</strong></span> <span class='ocrx_word' id='word_1_163' title='bbox 735 2493 785 2570; x_wconf 91' lang='grc' dir='ltr'><strong>Β.</strong></span> <span class='ocrx_word' id='word_1_164' title='bbox 800 2492 995 2594; x_wconf 87' lang='lat' dir='ltr'><strong>particeps</strong></span> <span class='ocrx_word' id='word_1_165' title='bbox 1011 2493 1060 2570; x_wconf 88' lang='lat' dir='ltr'><strong>sit</strong></span> <span class='ocrx_word' id='word_1_166' title='bbox 1076 2502 1115 2570; x_wconf 88' lang='lat' dir='ltr'><strong>et</strong></span> <span class='ocrx_word' id='word_1_167' title='bbox 1130 2492 1283 2570; x_wconf 88' lang='lat' dir='ltr'><strong>coheres</strong></span> <span class='ocrx_word' id='word_1_168' title='bbox 1300 2493 1345 2570; x_wconf 93' lang='lat' dir='ltr'><strong>C.</strong></span> <span class='ocrx_word' id='word_1_169' title='bbox 1362 2503 1402 2570; x_wconf 89' lang='lat' dir='ltr'><strong>et</strong></span> <span class='ocrx_word' id='word_1_170' title='bbox 1417 2493 1485 2581; x_wconf 80' lang='lat' dir='ltr'><strong>D,</strong></span> <span class='ocrx_word' id='word_1_171' title='bbox 1502 2493 1670 2569; x_wconf 89' lang='lat' dir='ltr'><strong>filiarum</strong></span> <span class='ocrx_word' id='word_1_172' title='bbox 1686 2493 1924 2570; x_wconf 89' lang='lat' dir='ltr'><strong>etheredum</strong></span> <span class='ocrx_word' id='word_1_173' title='bbox 1940 2493 2006 2568; x_wconf 58' lang='lat' dir='ltr'><strong>Est</strong></span> 
     </span>
     <span class='ocr_line' id='line_1_19' title="bbox 416 2610 2005 2711; baseline 0.001 -24"><span class='ocrx_word' id='word_1_174' title='bbox 416 2612 465 2688; x_wconf 93' lang='lat' dir='ltr'><strong>de</strong></span> <span class='ocrx_word' id='word_1_175' title='bbox 484 2620 569 2688; x_wconf 89' lang='lat' dir='ltr'><strong>tota</strong></span> <span class='ocrx_word' id='word_1_176' title='bbox 589 2611 802 2689; x_wconf 88' lang='lat' dir='ltr'><strong>hereditate</strong></span> <span class='ocrx_word' id='word_1_177' title='bbox 821 2611 941 2711; x_wconf 92' lang='lat' dir='ltr'><strong>ipsius</strong></span> <span class='ocrx_word' id='word_1_178' title='bbox 962 2612 1027 2700; x_wconf 80' lang='lat' dir='ltr'><strong>E,</strong></span> <span class='ocrx_word' id='word_1_179' title='bbox 1049 2621 1088 2689; x_wconf 88' lang='lat' dir='ltr'><strong>et</strong></span> <span class='ocrx_word' id='word_1_180' title='bbox 1110 2611 1191 2688; x_wconf 86' lang='lat' dir='ltr'><strong>filia</strong></span> <span class='ocrx_word' id='word_1_181' title='bbox 1211 2613 1331 2710; x_wconf 91' lang='lat' dir='ltr'><strong>ipsius</strong></span> <span class='ocrx_word' id='word_1_182' title='bbox 1354 2611 1406 2687; x_wconf 85' lang='lat' dir='ltr'><strong>E.</strong></span> <span class='ocrx_word' id='word_1_183' title='bbox 1430 2610 1699 2710; x_wconf 84' lang='lat' dir='ltr'><strong>primogenita,</strong></span> <span class='ocrx_word' id='word_1_184' title='bbox 1722 2612 1796 2711; x_wconf 93' lang='lat' dir='ltr'><strong>ipsi</strong></span> <span class='ocrx_word' id='word_1_185' title='bbox 1818 2614 1872 2688; x_wconf 89' lang='lat' dir='ltr'><strong>A.</strong></span> <span class='ocrx_word' id='word_1_186' title='bbox 1895 2621 1935 2688; x_wconf 92' lang='lat' dir='ltr'><strong>et</strong></span> <span class='ocrx_word' id='word_1_187' title='bbox 1956 2613 2005 2688; x_wconf 92' lang='lat' dir='ltr'><strong>B.</strong></span> 
     </span>
     <span class='ocr_line' id='line_1_20' title="bbox 415 2729 2007 2830; baseline 0.002 -25"><span class='ocrx_word' id='word_1_188' title='bbox 415 2729 632 2807; x_wconf 87' lang='lat' dir='ltr'><strong>aesnesciam</strong></span> <span class='ocrx_word' id='word_1_189' title='bbox 645 2731 766 2830; x_wconf 91' lang='lat' dir='ltr'><strong>ipsius</strong></span> <span class='ocrx_word' id='word_1_190' title='bbox 780 2731 829 2806; x_wconf 97' lang='grc' dir='ltr'><strong>Β.</strong></span> <span class='ocrx_word' id='word_1_191' title='bbox 844 2756 923 2807; x_wconf 90' lang='lat' dir='ltr'><strong>non</strong></span> <span class='ocrx_word' id='word_1_192' title='bbox 935 2730 1077 2808; x_wconf 88' lang='lat' dir='ltr'><strong>habent</strong></span> <span class='ocrx_word' id='word_1_193' title='bbox 1093 2756 1162 2807; x_wconf 90' lang='lat' dir='ltr'><strong>nec</strong></span> <span class='ocrx_word' id='word_1_194' title='bbox 1176 2739 1328 2829; x_wconf 90' lang='lat' dir='ltr'><strong>partem</strong></span> <span class='ocrx_word' id='word_1_195' title='bbox 1344 2755 1453 2807; x_wconf 88' lang='lat' dir='ltr'><strong>suam</strong></span> <span class='ocrx_word' id='word_1_196' title='bbox 1469 2731 1746 2820; x_wconf 87' lang='lat' dir='ltr'><strong>rationabilem,</strong></span> <span class='ocrx_word' id='word_1_197' title='bbox 1763 2741 1808 2808; x_wconf 91' lang='lat' dir='ltr'><strong>ut</strong></span> <span class='ocrx_word' id='word_1_198' title='bbox 1824 2731 2007 2808; x_wconf 89' lang='lat' dir='ltr'><strong>deberent</strong></span> 
     </span>
     <span class='ocr_line' id='line_1_21' title="bbox 416 2848 2007 2949; baseline 0.001 -23"><span class='ocrx_word' id='word_1_199' title='bbox 416 2850 626 2926; x_wconf 90' lang='lat' dir='ltr'><strong>secundum</strong></span> <span class='ocrx_word' id='word_1_200' title='bbox 652 2849 761 2947; x_wconf 82' lang='lat' dir='ltr'><strong>regni</strong></span> <span class='ocrx_word' id='word_1_201' title='bbox 787 2848 922 2926; x_wconf 77' lang='lat' dir='ltr'><strong>nostri⁸</strong></span> <span class='ocrx_word' id='word_1_202' title='bbox 949 2849 1274 2927; x_wconf 89' lang='lat' dir='ltr'><strong>consuetudinem.</strong></span> <span class='ocrx_word' id='word_1_203' title='bbox 1302 2848 1474 2926; x_wconf 87' lang='lat' dir='ltr'><strong>Etcum</strong></span> <span class='ocrx_word' id='word_1_204' title='bbox 1500 2858 1702 2926; x_wconf 88' lang='lat' dir='ltr'><strong>teneamur</strong></span> <span class='ocrx_word' id='word_1_205' title='bbox 1728 2849 1933 2949; x_wconf 89' lang='lat' dir='ltr'><strong>unicuique</strong></span> <span class='ocrx_word' id='word_1_206' title='bbox 1959 2850 2007 2927; x_wconf 89' lang='lat' dir='ltr'><strong>de</strong></span> 
     </span>
     <span class='ocr_line' id='line_1_22' title="bbox 416 2966 2008 3067; baseline 0.001 -25"><span class='ocrx_word' id='word_1_207' title='bbox 416 2992 537 3064; x_wconf 85' lang='lat' dir='ltr'><strong>regno</strong></span> <span class='ocrx_word' id='word_1_208' title='bbox 553 2977 686 3044; x_wconf 87' lang='lat' dir='ltr'><strong>nostro</strong></span> <span class='ocrx_word' id='word_1_209' title='bbox 699 2966 885 3045; x_wconf 88' lang='lat' dir='ltr'><strong>iustitiam</strong></span> <span class='ocrx_word' id='word_1_210' title='bbox 900 2967 1088 3058; x_wconf 85' lang='lat' dir='ltr'><strong>exhibere,</strong></span> <span class='ocrx_word' id='word_1_211' title='bbox 1104 2968 1174 3045; x_wconf 88' lang='lat' dir='ltr'><strong>tibi</strong></span> <span class='ocrx_word' id='word_1_212' title='bbox 1190 2967 1432 3066; x_wconf 89' lang='lat' dir='ltr'><strong>praecipimus</strong></span> <span class='ocrx_word' id='word_1_213' title='bbox 1449 2968 1553 3066; x_wconf 94' lang='lat' dir='ltr'><strong>quod</strong></span> <span class='ocrx_word' id='word_1_214' title='bbox 1568 2967 1663 3044; x_wconf 91' lang='lat' dir='ltr'><strong>scire</strong></span> <span class='ocrx_word' id='word_1_215' title='bbox 1680 2967 1800 3044; x_wconf 83' lang='lat' dir='ltr'><strong>facias</strong></span> <span class='ocrx_word' id='word_1_216' title='bbox 1816 2968 2008 3067; x_wconf 75' lang='lat' dir='ltr'><strong>praedictis</strong></span> 
     </span>
     <span class='ocr_line' id='line_1_23' title="bbox 418 3084 2007 3185; baseline -0.001 -21"><span class='ocrx_word' id='word_1_217' title='bbox 418 3089 463 3164; x_wconf 89' lang='lat' dir='ltr'><strong>C.</strong></span> <span class='ocrx_word' id='word_1_218' title='bbox 482 3097 521 3164; x_wconf 90' lang='lat' dir='ltr'><strong>et</strong></span> <span class='ocrx_word' id='word_1_219' title='bbox 537 3087 592 3163; x_wconf 93' lang='lat' dir='ltr'><strong>D.</strong></span> <span class='ocrx_word' id='word_1_220' title='bbox 611 3089 713 3185; x_wconf 93' lang='lat' dir='ltr'><strong>quod</strong></span> <span class='ocrx_word' id='word_1_221' title='bbox 732 3087 809 3164; x_wconf 93' lang='lat' dir='ltr'><strong>sint</strong></span> <span class='ocrx_word' id='word_1_222' title='bbox 826 3112 955 3163; x_wconf 87' lang='lat' dir='ltr'><strong>coram</strong></span> <span class='ocrx_word' id='word_1_223' title='bbox 973 3086 1082 3163; x_wconf 91' lang='lat' dir='ltr'><strong>nobis</strong></span> <span class='ocrx_word' id='word_1_224' title='bbox 1100 3086 1161 3162; x_wconf 90' lang='lat' dir='ltr'><strong>vel</strong></span> <span class='ocrx_word' id='word_1_225' title='bbox 1178 3084 1231 3162; x_wconf 81' lang='lat' dir='ltr'><strong>te⁰</strong></span> <span class='ocrx_word' id='word_1_226' title='bbox 1249 3087 1319 3162; x_wconf 87' lang='lat' dir='ltr'><strong>tali</strong></span> <span class='ocrx_word' id='word_1_227' title='bbox 1336 3087 1420 3163; x_wconf 90' lang='lat' dir='ltr'><strong>loco</strong></span> <span class='ocrx_word' id='word_1_228' title='bbox 1437 3086 1508 3163; x_wconf 87' lang='lat' dir='ltr'><strong>tali</strong></span> <span class='ocrx_word' id='word_1_229' title='bbox 1526 3085 1588 3162; x_wconf 88' lang='lat' dir='ltr'><strong>die</strong></span> <span class='ocrx_word' id='word_1_230' title='bbox 1606 3087 1638 3163; x_wconf 93' lang='lat' dir='ltr'><strong>si</strong></span> <span class='ocrx_word' id='word_1_231' title='bbox 1656 3087 1859 3176; x_wconf 89' lang='lat' dir='ltr'><strong>voluerint,</strong></span> <span class='ocrx_word' id='word_1_232' title='bbox 1879 3097 1918 3164; x_wconf 90' lang='lat' dir='ltr'><strong>et</strong></span> <span class='ocrx_word' id='word_1_233' title='bbox 1937 3087 2007 3164; x_wconf 90' lang='lat' dir='ltr'><strong>sibi</strong></span> 
     </span>
     <span class='ocr_line' id='line_1_24' title="bbox 416 3204 2007 3305; baseline 0.001 -25"><span class='ocrx_word' id='word_1_234' title='bbox 416 3205 582 3283; x_wconf 88' lang='lat' dir='ltr'><strong>viderint</strong></span> <span class='ocrx_word' id='word_1_235' title='bbox 596 3205 789 3305; x_wconf 88' lang='lat' dir='ltr'><strong>expedire,</strong></span> <span class='ocrx_word' id='word_1_236' title='bbox 803 3215 841 3282; x_wconf 88' lang='lat' dir='ltr'><strong>et</strong></span> <span class='ocrx_word' id='word_1_237' title='bbox 854 3205 1042 3281; x_wconf 75' lang='lat' dir='ltr'><strong>auditurae</strong></span> <span class='ocrx_word' id='word_1_238' title='bbox 1055 3204 1304 3303; x_wconf 88' lang='lat' dir='ltr'><strong>partitionem</strong></span> <span class='ocrx_word' id='word_1_239' title='bbox 1317 3205 1418 3280; x_wconf 94' lang='lat' dir='ltr'><strong>illius</strong></span> <span class='ocrx_word' id='word_1_240' title='bbox 1431 3204 1665 3294; x_wconf 88' lang='lat' dir='ltr'><strong>hereditatis,</strong></span> <span class='ocrx_word' id='word_1_241' title='bbox 1679 3215 1718 3283; x_wconf 90' lang='lat' dir='ltr'><strong>et</strong></span> <span class='ocrx_word' id='word_1_242' title='bbox 1731 3215 1886 3304; x_wconf 86' lang='lat' dir='ltr'><strong>partem</strong></span> <span class='ocrx_word' id='word_1_243' title='bbox 1899 3231 2007 3282; x_wconf 88' lang='lat' dir='ltr'><strong>suam</strong></span> 
     </span>
     <span class='ocr_line' id='line_1_25' title="bbox 415 3324 2006 3424; baseline -0.001 -22"><span class='ocrx_word' id='word_1_244' title='bbox 415 3325 683 3403; x_wconf 83' lang='lat' dir='ltr'><strong>rationabilem</strong></span> <span class='ocrx_word' id='word_1_245' title='bbox 700 3325 732 3402; x_wconf 91' lang='lat' dir='ltr'><strong>si</strong></span> <span class='ocrx_word' id='word_1_246' title='bbox 748 3325 939 3403; x_wconf 89' lang='lat' dir='ltr'><strong>voluerint</strong></span> <span class='ocrx_word' id='word_1_247' title='bbox 958 3333 1179 3424; x_wconf 74' lang='lat' dir='ltr'><strong>recepturae.</strong></span> <span class='ocrx_word' id='word_1_248' title='bbox 1199 3324 1386 3424; x_wconf 89' lang='lat' dir='ltr'><strong>Ahoquin</strong></span> <span class='ocrx_word' id='word_1_249' title='bbox 1405 3325 1445 3400; x_wconf 95' lang='lat' dir='ltr'><strong>in</strong></span> <span class='ocrx_word' id='word_1_250' title='bbox 1464 3324 1674 3424; x_wconf 88' lang='lat' dir='ltr'><strong>partitione</strong></span> <span class='ocrx_word' id='word_1_251' title='bbox 1692 3325 1760 3403; x_wconf 86' lang='lat' dir='ltr'><strong>illa</strong></span> <span class='ocrx_word' id='word_1_252' title='bbox 1778 3336 1817 3402; x_wconf 89' lang='lat' dir='ltr'><strong>et</strong></span> <span class='ocrx_word' id='word_1_253' title='bbox 1837 3324 2006 3423; x_wconf 87' lang='lat' dir='ltr'><strong>assigna·</strong></span> 
     </span>
     <span class='ocr_line' id='line_1_26' title="bbox 415 3443 2007 3543; baseline 0 -22"><span class='ocrx_word' id='word_1_254' title='bbox 415 3444 520 3521; x_wconf 88' lang='lat' dir='ltr'><strong>tione</strong></span> <span class='ocrx_word' id='word_1_255' title='bbox 537 3443 725 3533; x_wconf 81' lang='lat' dir='ltr'><strong>iacienda,</strong></span> <span class='ocrx_word' id='word_1_256' title='bbox 741 3453 859 3542; x_wconf 88' lang='lat' dir='ltr'><strong>prout</strong></span> <span class='ocrx_word' id='word_1_257' title='bbox 874 3445 1019 3520; x_wconf 91' lang='lat' dir='ltr'><strong>iustum</strong></span> <span class='ocrx_word' id='word_1_258' title='bbox 1035 3445 1166 3532; x_wconf 88' lang='lat' dir='ltr'><strong>fuerit,</strong></span> <span class='ocrx_word' id='word_1_259' title='bbox 1183 3443 1428 3520; x_wconf 91' lang='lat' dir='ltr'><strong>nihilominus</strong></span> <span class='ocrx_word' id='word_1_260' title='bbox 1446 3444 1495 3519; x_wconf 90' lang='lat' dir='ltr'><strong>ad</strong></span> <span class='ocrx_word' id='word_1_261' title='bbox 1513 3444 1613 3520; x_wconf 91' lang='lat' dir='ltr'><strong>diem</strong></span> <span class='ocrx_word' id='word_1_262' title='bbox 1630 3443 1740 3519; x_wconf 94' lang='lat' dir='ltr'><strong>illum</strong></span> <span class='ocrx_word' id='word_1_263' title='bbox 1757 3445 2007 3543; x_wconf 90' lang='lat' dir='ltr'><strong>procedemus</strong></span> 
     </span>
     <span class='ocr_line' id='line_1_27' title="bbox 416 3562 2006 3661; baseline 0.001 -24"><span class='ocrx_word' id='word_1_264' title='bbox 416 3562 477 3638; x_wconf 90' lang='lat' dir='ltr'><strong>vel</strong></span> <span class='ocrx_word' id='word_1_265' title='bbox 500 3563 697 3661; x_wconf 88' lang='lat' dir='ltr'><strong>procedas.</strong></span> <span class='ocrx_word' id='word_1_266' title='bbox 722 3562 840 3638; x_wconf 87' lang='lat' dir='ltr'><strong>Teste</strong></span> <span class='ocrx_word' id='word_1_267' title='bbox 863 3571 1040 3639; x_wconf 86' lang='lat' dir='ltr'><strong>etcetera.</strong></span> <span class='ocrx_word' id='word_1_268' title='bbox 1067 3563 1125 3638; x_wconf 88' lang='lat' dir='ltr'><strong>Et</strong></span> <span class='ocrx_word' id='word_1_269' title='bbox 1149 3588 1226 3660; x_wconf 96' lang='lat' dir='ltr'><strong>quo</strong></span> <span class='ocrx_word' id='word_1_270' title='bbox 1249 3586 1340 3638; x_wconf 86' lang='lat' dir='ltr'><strong>casu</strong></span> <span class='ocrx_word' id='word_1_271' title='bbox 1364 3562 1461 3639; x_wconf 91' lang='lat' dir='ltr'><strong>tales</strong></span> <span class='ocrx_word' id='word_1_272' title='bbox 1485 3562 1661 3639; x_wconf 88' lang='lat' dir='ltr'><strong>venerint</strong></span> <span class='ocrx_word' id='word_1_273' title='bbox 1686 3572 1774 3661; x_wconf 91' lang='lat' dir='ltr'><strong>post</strong></span> <span class='ocrx_word' id='word_1_274' title='bbox 1800 3563 2006 3639; x_wconf 93' lang='lat' dir='ltr'><strong>summoni-</strong></span> 
     </span>
     <span class='ocr_line' id='line_1_28' title="bbox 415 3681 2007 3782; baseline 0 -23"><span class='ocrx_word' id='word_1_275' title='bbox 415 3683 572 3771; x_wconf 88' lang='lat' dir='ltr'><strong>tionem,</strong></span> <span class='ocrx_word' id='word_1_276' title='bbox 587 3683 858 3782; x_wconf 88' lang='lat' dir='ltr'><strong>inquirendum</strong></span> <span class='ocrx_word' id='word_1_277' title='bbox 874 3682 947 3760; x_wconf 88' lang='lat' dir='ltr'><strong>erit</strong></span> <span class='ocrx_word' id='word_1_278' title='bbox 964 3683 1011 3758; x_wconf 91' lang='lat' dir='ltr'><strong>ab</strong></span> <span class='ocrx_word' id='word_1_279' title='bbox 1027 3683 1079 3759; x_wconf 90' lang='lat' dir='ltr'><strong>eis</strong></span> <span class='ocrx_word' id='word_1_280' title='bbox 1095 3681 1282 3782; x_wconf 92' lang='lat' dir='ltr'><strong>imprimis</strong></span> <span class='ocrx_word' id='word_1_281' title='bbox 1299 3683 1330 3759; x_wconf 90' lang='lat' dir='ltr'><strong>si</strong></span> <span class='ocrx_word' id='word_1_282' title='bbox 1347 3681 1491 3781; x_wconf 91' lang='lat' dir='ltr'><strong>aliquid</strong></span> <span class='ocrx_word' id='word_1_283' title='bbox 1507 3683 1628 3760; x_wconf 87' lang='lat' dir='ltr'><strong>sciant</strong></span> <span class='ocrx_word' id='word_1_284' title='bbox 1645 3683 1781 3772; x_wconf 90' lang='lat' dir='ltr'><strong>dicere,</strong></span> <span class='ocrx_word' id='word_1_285' title='bbox 1798 3710 1917 3782; x_wconf 88' lang='lat' dir='ltr'><strong>quare</strong></span> <span class='ocrx_word' id='word_1_286' title='bbox 1932 3683 2007 3782; x_wconf 93' lang='lat' dir='ltr'><strong>ipsi</strong></span> 
     </span>
     <span class='ocr_line' id='line_1_29' title="bbox 416 3802 2005 3903; baseline 0.001 -25"><span class='ocrx_word' id='word_1_287' title='bbox 416 3813 618 3903; x_wconf 89' lang='lat' dir='ltr'><strong>querentes</strong></span> <span class='ocrx_word' id='word_1_288' title='bbox 645 3804 852 3902; x_wconf 86' lang='lat' dir='ltr'><strong>participes</strong></span> <span class='ocrx_word' id='word_1_289' title='bbox 879 3829 959 3881; x_wconf 89' lang='lat' dir='ltr'><strong>esse</strong></span> <span class='ocrx_word' id='word_1_290' title='bbox 985 3828 1064 3879; x_wconf 94' lang='lat' dir='ltr'><strong>non</strong></span> <span class='ocrx_word' id='word_1_291' title='bbox 1090 3802 1256 3879; x_wconf 86' lang='lat' dir='ltr'><strong>debeant</strong></span> <span class='ocrx_word' id='word_1_292' title='bbox 1282 3813 1320 3880; x_wconf 89' lang='lat' dir='ltr'><strong>et</strong></span> <span class='ocrx_word' id='word_1_293' title='bbox 1346 3811 1500 3902; x_wconf 89' lang='lat' dir='ltr'><strong>partem</strong></span> <span class='ocrx_word' id='word_1_294' title='bbox 1525 3828 1635 3880; x_wconf 89' lang='lat' dir='ltr'><strong>suam</strong></span> <span class='ocrx_word' id='word_1_295' title='bbox 1660 3828 1749 3880; x_wconf 91' lang='lat' dir='ltr'><strong>cum</strong></span> <span class='ocrx_word' id='word_1_296' title='bbox 1775 3805 1828 3881; x_wconf 92' lang='lat' dir='ltr'><strong>eis</strong></span> <span class='ocrx_word' id='word_1_297' title='bbox 1854 3802 2005 3892; x_wconf 90' lang='lat' dir='ltr'><strong>habere,</strong></span> 
     </span>
     <span class='ocr_line' id='line_1_30' title="bbox 416 3920 2006 4022; baseline -0.001 -24"><span class='ocrx_word' id='word_1_298' title='bbox 416 3923 626 3998; x_wconf 91' lang='lat' dir='ltr'><strong>secundum</strong></span> <span class='ocrx_word' id='word_1_299' title='bbox 644 3924 747 4021; x_wconf 93' lang='lat' dir='ltr'><strong>quod</strong></span> <span class='ocrx_word' id='word_1_300' title='bbox 767 3922 924 4022; x_wconf 89' lang='lat' dir='ltr'><strong>quilibet</strong></span> <span class='ocrx_word' id='word_1_301' title='bbox 944 3947 1076 3998; x_wconf 91' lang='lat' dir='ltr'><strong>eorum</strong></span> <span class='ocrx_word' id='word_1_302' title='bbox 1094 3922 1216 3998; x_wconf 87' lang='lat' dir='ltr'><strong>maior</strong></span> <span class='ocrx_word' id='word_1_303' title='bbox 1236 3921 1356 3997; x_wconf 89' lang='lat' dir='ltr'><strong>fuerit</strong></span> <span class='ocrx_word' id='word_1_304' title='bbox 1374 3920 1483 3998; x_wconf 84' lang='lat' dir='ltr'><strong>natu⁷</strong></span> <span class='ocrx_word' id='word_1_305' title='bbox 1502 3921 1564 3998; x_wconf 91' lang='lat' dir='ltr'><strong>vel</strong></span> <span class='ocrx_word' id='word_1_306' title='bbox 1582 3922 1719 4012; x_wconf 91' lang='lat' dir='ltr'><strong>minor,</strong></span> <span class='ocrx_word' id='word_1_307' title='bbox 1740 3922 1880 3999; x_wconf 88' lang='lat' dir='ltr'><strong>scilicet</strong></span> <span class='ocrx_word' id='word_1_308' title='bbox 1900 3929 2006 3998; x_wconf 86' lang='lat' dir='ltr'><strong>ante·</strong></span> 
     </span>
     <span class='ocr_line' id='line_1_31' title="bbox 416 4033 2007 4141; baseline -0.001 -24"><span class='ocrx_word' id='word_1_309' title='bbox 416 4052 532 4119; x_wconf 85' lang='lat' dir='ltr'><strong>natus</strong></span> <span class='ocrx_word' id='word_1_310' title='bbox 545 4043 605 4117; x_wconf 92' lang='lat' dir='ltr'><strong>vel</strong></span> <span class='ocrx_word' id='word_1_311' title='bbox 621 4049 838 4141; x_wconf 86' lang='lat' dir='ltr'><strong>postnatus,</strong></span> <span class='ocrx_word' id='word_1_312' title='bbox 853 4052 892 4118; x_wconf 90' lang='lat' dir='ltr'><strong>et</strong></span> <span class='ocrx_word' id='word_1_313' title='bbox 907 4066 1025 4140; x_wconf 85' lang='lat' dir='ltr'><strong>quare</strong></span> <span class='ocrx_word' id='word_1_314' title='bbox 1040 4040 1104 4117; x_wconf 90' lang='lat' dir='ltr'><strong>ille</strong></span> <span class='ocrx_word' id='word_1_315' title='bbox 1119 4040 1184 4140; x_wconf 92' lang='lat' dir='ltr'><strong>qui</strong></span> <span class='ocrx_word' id='word_1_316' title='bbox 1200 4039 1374 4139; x_wconf 88' lang='lat' dir='ltr'><strong>queritur</strong></span> <span class='ocrx_word' id='word_1_317' title='bbox 1388 4039 1528 4116; x_wconf 88' lang='lat' dir='ltr'><strong>habere</strong></span> <span class='ocrx_word' id='word_1_318' title='bbox 1544 4065 1622 4116; x_wconf 92' lang='lat' dir='ltr'><strong>non</strong></span> <span class='ocrx_word' id='word_1_319' title='bbox 1637 4039 1775 4117; x_wconf 86' lang='lat' dir='ltr'><strong>debeat</strong></span> <span class='ocrx_word' id='word_1_320' title='bbox 1791 4033 2007 4116; x_wconf 81' lang='lat' dir='ltr'><strong>aesnesciam</strong></span> 
     </span>
     <span class='ocr_line' id='line_1_32' title="bbox 416 4158 2007 4247; baseline -0.003 -9"><span class='ocrx_word' id='word_1_321' title='bbox 416 4187 536 4238; x_wconf 88' lang='lat' dir='ltr'><strong>suam.</strong></span> <span class='ocrx_word' id='word_1_322' title='bbox 553 4162 610 4237; x_wconf 88' lang='lat' dir='ltr'><strong>Et</strong></span> <span class='ocrx_word' id='word_1_323' title='bbox 625 4161 656 4237; x_wconf 90' lang='lat' dir='ltr'><strong>si</strong></span> <span class='ocrx_word' id='word_1_324' title='bbox 670 4161 763 4236; x_wconf 94' lang='lat' dir='ltr'><strong>nihil</strong></span> <span class='ocrx_word' id='word_1_325' title='bbox 777 4160 901 4236; x_wconf 87' lang='lat' dir='ltr'><strong>dicere</strong></span> <span class='ocrx_word' id='word_1_326' title='bbox 916 4161 1037 4236; x_wconf 85' lang='lat' dir='ltr'><strong>sciant</strong></span> <span class='ocrx_word' id='word_1_327' title='bbox 1052 4161 1093 4235; x_wconf 94' lang='lat' dir='ltr'><strong>in</strong></span> <span class='ocrx_word' id='word_1_328' title='bbox 1107 4159 1344 4235; x_wconf 90' lang='lat' dir='ltr'><strong>contrarium</strong></span> <span class='ocrx_word' id='word_1_329' title='bbox 1358 4184 1446 4234; x_wconf 91' lang='lat' dir='ltr'><strong>cum</strong></span> <span class='ocrx_word' id='word_1_330' title='bbox 1461 4158 1647 4247; x_wconf 88' lang='lat' dir='ltr'><strong>venerint,</strong></span> <span class='ocrx_word' id='word_1_331' title='bbox 1662 4159 1722 4235; x_wconf 91' lang='lat' dir='ltr'><strong>vel</strong></span> <span class='ocrx_word' id='word_1_332' title='bbox 1739 4158 1770 4235; x_wconf 92' lang='lat' dir='ltr'><strong>si</strong></span> <span class='ocrx_word' id='word_1_333' title='bbox 1785 4159 2007 4235; x_wconf 92' lang='lat' dir='ltr'><strong>summoniti</strong></span> 
     </span>
     <span class='ocr_line' id='line_1_33' title="bbox 415 4276 2006 4377; baseline -0.003 -20"><span class='ocrx_word' id='word_1_334' title='bbox 415 4307 494 4358; x_wconf 93' lang='lat' dir='ltr'><strong>non</strong></span> <span class='ocrx_word' id='word_1_335' title='bbox 511 4280 698 4368; x_wconf 88' lang='lat' dir='ltr'><strong>venerint,</strong></span> <span class='ocrx_word' id='word_1_336' title='bbox 719 4304 848 4357; x_wconf 90' lang='lat' dir='ltr'><strong>secure</strong></span> <span class='ocrx_word' id='word_1_337' title='bbox 868 4279 1052 4377; x_wconf 86' lang='lat' dir='ltr'><strong>procedat</strong></span> <span class='ocrx_word' id='word_1_338' title='bbox 1072 4277 1242 4376; x_wconf 87' lang='lat' dir='ltr'><strong>partitio,</strong></span> <span class='ocrx_word' id='word_1_339' title='bbox 1262 4276 1395 4353; x_wconf 87' lang='lat' dir='ltr'><strong>habita</strong></span> <span class='ocrx_word' id='word_1_340' title='bbox 1413 4287 1545 4353; x_wconf 89' lang='lat' dir='ltr'><strong>tamen</strong></span> <span class='ocrx_word' id='word_1_341' title='bbox 1564 4277 1713 4354; x_wconf 90' lang='lat' dir='ltr'><strong>ratione</strong></span> <span class='ocrx_word' id='word_1_342' title='bbox 1733 4277 2006 4354; x_wconf 86' lang='lat' dir='ltr'><strong>meliorationis</strong></span> 
     </span>
     <span class='ocr_line' id='line_1_34' title="bbox 415 4395 2007 4496; baseline -0.004 -19"><span class='ocrx_word' id='word_1_343' title='bbox 415 4409 456 4477; x_wconf 92' lang='lat' dir='ltr'><strong>et</strong></span> <span class='ocrx_word' id='word_1_344' title='bbox 479 4397 784 4476; x_wconf 87' lang='lat' dir='ltr'><strong>deteriorationis</strong></span> <span class='ocrx_word' id='word_1_345' title='bbox 809 4398 849 4473; x_wconf 95' lang='lat' dir='ltr'><strong>in</strong></span> <span class='ocrx_word' id='word_1_346' title='bbox 874 4422 1039 4495; x_wconf 86' lang='lat' dir='ltr'><strong>persona</strong></span> <span class='ocrx_word' id='word_1_347' title='bbox 1062 4395 1262 4473; x_wconf 89' lang='lat' dir='ltr'><strong>cuiushbet</strong></span> <span class='ocrx_word' id='word_1_348' title='bbox 1287 4395 1447 4483; x_wconf 90' lang='lat' dir='ltr'><strong>heredis,</strong></span> <span class='ocrx_word' id='word_1_349' title='bbox 1474 4397 1521 4472; x_wconf 90' lang='lat' dir='ltr'><strong>de</strong></span> <span class='ocrx_word' id='word_1_350' title='bbox 1545 4404 1720 4496; x_wconf 90' lang='lat' dir='ltr'><strong>tempore</strong></span> <span class='ocrx_word' id='word_1_351' title='bbox 1745 4421 1822 4494; x_wconf 95' lang='lat' dir='ltr'><strong>quo</strong></span> <span class='ocrx_word' id='word_1_352' title='bbox 1848 4395 2007 4494; x_wconf 89' lang='lat' dir='ltr'><strong>quilibet</strong></span> 
     </span>
     <span class='ocr_line' id='line_1_35' title="bbox 416 4513 2007 4616; baseline -0.003 -23"><span class='ocrx_word' id='word_1_353' title='bbox 416 4516 603 4616; x_wconf 81' lang='lat' dir='ltr'><strong>ipsorum⁸</strong></span> <span class='ocrx_word' id='word_1_354' title='bbox 625 4514 816 4592; x_wconf 78' lang='lat' dir='ltr'><strong>habuerit·</strong></span> <span class='ocrx_word' id='word_1_355' title='bbox 838 4514 879 4590; x_wconf 92' lang='lat' dir='ltr'><strong>in</strong></span> <span class='ocrx_word' id='word_1_356' title='bbox 901 4540 1019 4590; x_wconf 85' lang='lat' dir='ltr'><strong>manu</strong></span> <span class='ocrx_word' id='word_1_357' title='bbox 1043 4539 1113 4590; x_wconf 91' lang='lat' dir='ltr'><strong>sua</strong></span> <span class='ocrx_word' id='word_1_358' title='bbox 1136 4522 1289 4612; x_wconf 86' lang='lat' dir='ltr'><strong>partem</strong></span> <span class='ocrx_word' id='word_1_359' title='bbox 1313 4539 1434 4590; x_wconf 87' lang='lat' dir='ltr'><strong>suam.</strong></span> <span class='ocrx_word' id='word_1_360' title='bbox 1463 4513 1505 4590; x_wconf 91' lang='lat' dir='ltr'><strong>Si</strong></span> <span class='ocrx_word' id='word_1_361' title='bbox 1531 4522 1660 4590; x_wconf 90' lang='lat' dir='ltr'><strong>autem</strong></span> <span class='ocrx_word' id='word_1_362' title='bbox 1684 4523 1904 4591; x_wconf 87' lang='lat' dir='ltr'><strong>extensores</strong></span> <span class='ocrx_word' id='word_1_363' title='bbox 1928 4539 2007 4590; x_wconf 92' lang='lat' dir='ltr'><strong>non</strong></span> 
     </span>
     <span class='ocr_line' id='line_1_36' title="bbox 415 4632 2006 4732; baseline -0.001 -22"><span class='ocrx_word' id='word_1_364' title='bbox 415 4635 590 4710; x_wconf 90' lang='lat' dir='ltr'><strong>venerint</strong></span> <span class='ocrx_word' id='word_1_365' title='bbox 609 4635 658 4711; x_wconf 88' lang='lat' dir='ltr'><strong>ad</strong></span> <span class='ocrx_word' id='word_1_366' title='bbox 676 4633 966 4709; x_wconf 89' lang='lat' dir='ltr'><strong>certificandum</strong></span> <span class='ocrx_word' id='word_1_367' title='bbox 985 4657 1116 4731; x_wconf 81' lang='lat' dir='ltr'><strong>regem</strong></span> <span class='ocrx_word' id='word_1_368' title='bbox 1134 4632 1195 4708; x_wconf 89' lang='lat' dir='ltr'><strong>vel</strong></span> <span class='ocrx_word' id='word_1_369' title='bbox 1213 4632 1472 4709; x_wconf 85' lang='lat' dir='ltr'><strong>vicecomitem</strong></span> <span class='ocrx_word' id='word_1_370' title='bbox 1492 4634 1539 4709; x_wconf 91' lang='lat' dir='ltr'><strong>de</strong></span> <span class='ocrx_word' id='word_1_371' title='bbox 1559 4633 1790 4722; x_wconf 87' lang='lat' dir='ltr'><strong>extensione,</strong></span> <span class='ocrx_word' id='word_1_372' title='bbox 1812 4634 2006 4732; x_wconf 86' lang='lat' dir='ltr'><strong>appretia·</strong></span> 
     </span>
    </p>
   </div>
   <div class='ocr_carea' id='block_1_3' title="bbox 415 4847 2007 5433">
    <p class='ocr_par' dir='ltr' id='par_1_6' title="bbox 415 4847 2006 5130">
     <span class='ocr_line' id='line_1_37' title="bbox 416 4847 2006 4930; baseline -0.001 -18"><span class='ocrx_word' id='word_1_373' title='bbox 416 4850 442 4885; x_wconf 79' lang='lat'><strong>⁸⁹</strong></span> <span class='ocrx_word' id='word_1_374' title='bbox 453 4855 735 4930; x_wconf 89' lang='lat' dir='ltr'><strong>participationem,</strong></span> <span class='ocrx_word' id='word_1_375' title='bbox 756 4850 849 4912; x_wconf 90' lang='lat' dir='ltr'><strong>MSS.</strong></span> <span class='ocrx_word' id='word_1_376' title='bbox 870 4869 935 4910; x_wconf 88' lang='lat' dir='ltr'><strong>var.</strong></span> <span class='ocrx_word' id='word_1_377' title='bbox 979 4847 1030 4884; x_wconf 65' lang='lat'><strong>⁴⁰⁴</strong></span> <span class='ocrx_word' id='word_1_378' title='bbox 1042 4850 1091 4910; x_wconf 90' lang='lat' dir='ltr'><strong>vel</strong></span> <span class='ocrx_word' id='word_1_379' title='bbox 1112 4853 1139 4910; x_wconf 90' lang='lat' dir='ltr'><strong>si</strong></span> <span class='ocrx_word' id='word_1_380' title='bbox 1159 4857 1321 4928; x_wconf 87' lang='lat' dir='ltr'><strong>suspectus</strong></span> <span class='ocrx_word' id='word_1_381' title='bbox 1341 4847 1491 4909; x_wconf 84' lang='lat' dir='ltr'><strong>habeatur</strong></span> <span class='ocrx_word' id='word_1_382' title='bbox 1513 4851 1751 4924; x_wconf 85' lang='lat' dir='ltr'><strong>constituantur,</strong></span> <span class='ocrx_word' id='word_1_383' title='bbox 1772 4849 1811 4922; x_wconf 89' lang='lat' dir='ltr'><strong>V,</strong></span> <span class='ocrx_word' id='word_1_384' title='bbox 1833 4849 1900 4925; x_wconf 88' lang='lat' dir='ltr'><strong>OC,</strong></span> <span class='ocrx_word' id='word_1_385' title='bbox 1923 4850 2006 4921; x_wconf 91' lang='lat' dir='ltr'><strong>MG;</strong></span> 
     </span>
     <span class='ocr_line' id='line_1_38' title="bbox 415 4949 2006 5031; baseline -0.001 -19"><span class='ocrx_word' id='word_1_386' title='bbox 415 4954 464 5012; x_wconf 89' lang='lat' dir='ltr'><strong>vel</strong></span> <span class='ocrx_word' id='word_1_387' title='bbox 483 4959 644 5031; x_wconf 86' lang='lat' dir='ltr'><strong>suspectus</strong></span> <span class='ocrx_word' id='word_1_388' title='bbox 663 4950 814 5013; x_wconf 89' lang='lat' dir='ltr'><strong>habeatur</strong></span> <span class='ocrx_word' id='word_1_389' title='bbox 832 4954 1069 5025; x_wconf 86' lang='lat' dir='ltr'><strong>constituantur,</strong></span> <span class='ocrx_word' id='word_1_390' title='bbox 1089 4950 1166 5026; x_wconf 89' lang='lat' dir='ltr'><strong>MA,</strong></span> <span class='ocrx_word' id='word_1_391' title='bbox 1186 4951 1253 5027; x_wconf 79' lang='grc' dir='ltr'><strong>ΟΕ,</strong></span> <span class='ocrx_word' id='word_1_392' title='bbox 1273 4951 1313 5025; x_wconf 93' lang='lat' dir='ltr'><strong>Y,</strong></span> <span class='ocrx_word' id='word_1_393' title='bbox 1332 4952 1401 5026; x_wconf 87' lang='lat' dir='ltr'><strong>OA,</strong></span> <span class='ocrx_word' id='word_1_394' title='bbox 1422 4951 1497 5026; x_wconf 89' lang='lat' dir='ltr'><strong>CM,</strong></span> <span class='ocrx_word' id='word_1_395' title='bbox 1516 4950 1593 5025; x_wconf 85' lang='grc' dir='ltr'><strong>ΜΒ,</strong></span> <span class='ocrx_word' id='word_1_396' title='bbox 1614 4949 1689 5024; x_wconf 88' lang='lat' dir='ltr'><strong>MC,</strong></span> <span class='ocrx_word' id='word_1_397' title='bbox 1710 4951 1767 5012; x_wconf 89' lang='lat' dir='ltr'><strong>LA</strong></span> <span class='ocrx_word' id='word_1_398' title='bbox 1791 4949 2006 5029; x_wconf 86' lang='lat' dir='ltr'><strong>(suspensus),</strong></span> 
     </span>
     <span class='ocr_line' id='line_1_39' title="bbox 416 5051 747 5130; baseline -0.003 -16"><span class='ocrx_word' id='word_1_399' title='bbox 416 5054 473 5114; x_wconf 91' lang='lat' dir='ltr'><strong>OB</strong></span> <span class='ocrx_word' id='word_1_400' title='bbox 494 5051 747 5130; x_wconf 85' lang='lat' dir='ltr'><strong>(constituatur).</strong></span> 
     </span>
    </p>

    <p class='ocr_par' dir='ltr' id='par_1_7' title="bbox 416 5151 2007 5433">
     <span class='ocr_line' id='line_1_40' title="bbox 499 5151 2006 5232; baseline 0.001 -19"><span class='ocrx_word' id='word_1_401' title='bbox 499 5151 536 5186; x_wconf 60' lang='grc' dir='ltr'>Η</span> <span class='ocrx_word' id='word_1_402' title='bbox 547 5172 605 5231; x_wconf 90' lang='lat' dir='ltr'><strong>per</strong></span> <span class='ocrx_word' id='word_1_403' title='bbox 623 5153 657 5214; x_wconf 89' lang='lat' dir='ltr'><strong>C.</strong></span> <span class='ocrx_word' id='word_1_404' title='bbox 676 5154 714 5214; x_wconf 96' lang='lat' dir='ltr'><strong>B.</strong></span> <span class='ocrx_word' id='word_1_405' title='bbox 731 5156 901 5231; x_wconf 87' lang='lat' dir='ltr'><strong>particeps,</strong></span> <span class='ocrx_word' id='word_1_406' title='bbox 918 5152 987 5228; x_wconf 90' lang='lat' dir='ltr'><strong>OB,</strong></span> <span class='ocrx_word' id='word_1_407' title='bbox 1004 5152 1086 5226; x_wconf 87' lang='lat' dir='ltr'><strong>MA;</strong></span> <span class='ocrx_word' id='word_1_408' title='bbox 1103 5172 1160 5231; x_wconf 88' lang='lat' dir='ltr'><strong>per</strong></span> <span class='ocrx_word' id='word_1_409' title='bbox 1178 5153 1215 5215; x_wconf 92' lang='lat' dir='ltr'><strong>B.</strong></span> <span class='ocrx_word' id='word_1_410' title='bbox 1235 5153 1270 5213; x_wconf 90' lang='lat' dir='ltr'><strong>C.</strong></span> <span class='ocrx_word' id='word_1_411' title='bbox 1288 5173 1345 5230; x_wconf 87' lang='lat' dir='ltr'><strong>per</strong></span> <span class='ocrx_word' id='word_1_412' title='bbox 1362 5156 1531 5232; x_wconf 86' lang='lat' dir='ltr'><strong>particeps,</strong></span> <span class='ocrx_word' id='word_1_413' title='bbox 1549 5153 1624 5214; x_wconf 90' lang='grc' dir='ltr'><strong>ΜΒ.</strong></span> <span class='ocrx_word' id='word_1_414' title='bbox 1663 5153 1730 5229; x_wconf 86' lang='lat' dir='ltr'><strong>⁴et,</strong></span> <span class='ocrx_word' id='word_1_415' title='bbox 1748 5154 1817 5228; x_wconf 90' lang='lat' dir='ltr'><strong>OB,</strong></span> <span class='ocrx_word' id='word_1_416' title='bbox 1836 5154 1912 5230; x_wconf 90' lang='lat' dir='ltr'><strong>MA,</strong></span> <span class='ocrx_word' id='word_1_417' title='bbox 1930 5154 2006 5229; x_wconf 85' lang='grc' dir='ltr'><strong>ΜΒ,</strong></span> 
     </span>
     <span class='ocr_line' id='line_1_41' title="bbox 417 5252 2007 5331; baseline 0.003 -19"><span class='ocrx_word' id='word_1_418' title='bbox 417 5252 484 5330; x_wconf 79' lang='grc' dir='ltr'><strong>ΟΕ,</strong></span> <span class='ocrx_word' id='word_1_419' title='bbox 501 5254 540 5328; x_wconf 86' lang='grc' dir='ltr'><strong>Υ,</strong></span> <span class='ocrx_word' id='word_1_420' title='bbox 557 5254 634 5314; x_wconf 91' lang='lat' dir='ltr'><strong>MG.</strong></span> <span class='ocrx_word' id='word_1_421' title='bbox 672 5253 777 5329; x_wconf 75' lang='lat' dir='ltr'><strong>⁸0m.,</strong></span> <span class='ocrx_word' id='word_1_422' title='bbox 794 5255 871 5330; x_wconf 90' lang='lat' dir='ltr'><strong>MA,</strong></span> <span class='ocrx_word' id='word_1_423' title='bbox 888 5255 965 5330; x_wconf 86' lang='grc' dir='ltr'><strong>ΜΒ,</strong></span> <span class='ocrx_word' id='word_1_424' title='bbox 982 5256 1022 5330; x_wconf 87' lang='grc' dir='ltr'><strong>Υ,</strong></span> <span class='ocrx_word' id='word_1_425' title='bbox 1039 5256 1118 5330; x_wconf 92' lang='lat' dir='ltr'><strong>MG,</strong></span> <span class='ocrx_word' id='word_1_426' title='bbox 1135 5255 1275 5327; x_wconf 83' lang='lat' dir='ltr'><strong>CM3et,</strong></span> <span class='ocrx_word' id='word_1_427' title='bbox 1292 5254 1359 5316; x_wconf 92' lang='lat' dir='ltr'><strong>OB.</strong></span> <span class='ocrx_word' id='word_1_428' title='bbox 1399 5253 1473 5331; x_wconf 73' lang='lat' dir='ltr'><strong>⁶de,</strong></span> <span class='ocrx_word' id='word_1_429' title='bbox 1490 5255 1560 5330; x_wconf 91' lang='lat' dir='ltr'><strong>OB,</strong></span> <span class='ocrx_word' id='word_1_430' title='bbox 1577 5255 1747 5330; x_wconf 80' lang='lat' dir='ltr'><strong>MA3etc,</strong></span> <span class='ocrx_word' id='word_1_431' title='bbox 1765 5257 1839 5316; x_wconf 91' lang='grc' dir='ltr'><strong>ΜΒ.</strong></span> <span class='ocrx_word' id='word_1_432' title='bbox 1880 5253 2007 5330; x_wconf 58' lang='lat' dir='ltr'><strong>&#39;natue</strong></span> 
     </span>
     <span class='ocr_line' id='line_1_42' title="bbox 416 5352 1779 5433; baseline 0.003 -19"><span class='ocrx_word' id='word_1_433' title='bbox 416 5353 456 5430; x_wconf 89' lang='lat' dir='ltr'><strong>V,</strong></span> <span class='ocrx_word' id='word_1_434' title='bbox 473 5355 550 5431; x_wconf 93' lang='lat' dir='ltr'><strong>MG,</strong></span> <span class='ocrx_word' id='word_1_435' title='bbox 567 5357 641 5430; x_wconf 89' lang='lat' dir='ltr'><strong>CM,</strong></span> <span class='ocrx_word' id='word_1_436' title='bbox 658 5355 733 5416; x_wconf 90' lang='lat' dir='ltr'><strong>MA.</strong></span> <span class='ocrx_word' id='word_1_437' title='bbox 771 5352 911 5430; x_wconf 69' lang='lat' dir='ltr'><strong>‘eorum</strong></span> <span class='ocrx_word' id='word_1_438' title='bbox 928 5355 1007 5430; x_wconf 90' lang='lat' dir='ltr'><strong>MG,</strong></span> <span class='ocrx_word' id='word_1_439' title='bbox 1024 5356 1064 5430; x_wconf 90' lang='lat' dir='ltr'><strong>Y,</strong></span> <span class='ocrx_word' id='word_1_440' title='bbox 1082 5357 1154 5417; x_wconf 91' lang='lat' dir='ltr'><strong>CM.</strong></span> <span class='ocrx_word' id='word_1_441' title='bbox 1193 5354 1336 5432; x_wconf 61' lang='lat' dir='ltr'><strong>&#39;habuit</strong></span> <span class='ocrx_word' id='word_1_442' title='bbox 1354 5355 1394 5431; x_wconf 93' lang='lat' dir='ltr'><strong>V,</strong></span> <span class='ocrx_word' id='word_1_443' title='bbox 1413 5357 1479 5433; x_wconf 76' lang='grc' dir='ltr'><strong>ΟΕ,</strong></span> <span class='ocrx_word' id='word_1_444' title='bbox 1497 5358 1543 5431; x_wconf 84' lang='grc' dir='ltr'><strong>Υ;</strong></span> <span class='ocrx_word' id='word_1_445' title='bbox 1561 5357 1684 5433; x_wconf 88' lang='lat' dir='ltr'><strong>habeat,</strong></span> <span class='ocrx_word' id='word_1_446' title='bbox 1702 5357 1779 5418; x_wconf 90' lang='lat' dir='ltr'><strong>MG.</strong></span> 
     </span>
    </p>
   </div>
   <div class='ocr_carea' id='block_1_4' title="bbox 0 0 2222 6340">
    <p class='ocr_par' dir='ltr' id='par_1_8' title="bbox 0 0 2222 6340">
     <span class='ocr_line' id='line_1_43' title="bbox 0 0 2222 6340; baseline 0 0"><span class='ocrx_word' id='word_1_447' title='bbox 0 0 2222 6340; x_wconf 95' lang='lat' dir='ltr'><strong> </strong></span> 
     </span>
    </p>
   </div>
  </div>
 </body>
</html>
