4392 6352
850 504 911 565 DE
933 503 1208 566 ACTIONIBUS
1753 511 1827 580 805

339 655 409 732 Aa
425 654 519 755 qaid
537 664 687 732 creatas
704 654 755 732 sit
771 679 853 744 res,
870 665 909 734 et
927 655 1121 732 ordinaria
1138 655 1407 732 iurisdictione.

239 776 306 851 An
325 775 397 851 boc
416 784 546 852 autem
566 786 718 852 creatus
738 786 796 853 est
816 775 900 851 rex'
921 786 959 853 et
980 776 1135 865 electus,
1157 784 1202 852 ut
1222 775 1408 852 iustitiam
1430 776 1548 852 faciat
1569 776 1767 864 universis,
1790 784 1829 852 et
1904 875 1907 882 Ι

239 905 284 973 ut
302 896 343 971 in
361 923 406 973 co
425 896 602 974 dominus
621 897 763 986 sedeat,
782 907 822 974 et
840 923 912 996 per
930 896 1059 996 ipsum
1077 922 1147 973 sua
1166 897 1305 973 iudicia
1324 897 1527 985 discernat,
1546 906 1585 974 et
1606 898 1709 995 quod
1730 897 1829 973 iuste

239 1019 463 1096 iudicaverit
476 1019 663 1096 sustineat
676 1025 715 1094 et
729 1018 926 1107 defendat,
941 1015 1044 1116 quia⁸
1059 1018 1090 1095 si
1104 1043 1182 1094 non
1195 1028 1294 1094 esset
1308 1019 1373 1116 qui
1387 1019 1573 1094 iustitiam
1588 1018 1733 1094 faceret
1749 1041 1829 1116 pax

238 1141 287 1217 de
309 1140 413 1216 facili
434 1150 565 1241 posset
586 1141 844 1230 exterminari,
866 1150 905 1217 et
927 1164 1208 1239 supervacuum
1229 1150 1328 1217 esset
1350 1141 1453 1238 leges
1476 1140 1639 1217 condere
1660 1149 1699 1217 et
1722 1141 1828 1217 iusti·

238 1263 335 1338 tiam
350 1263 478 1339 facere
493 1263 566 1340 nisi
581 1272 679 1340 esset
696 1264 761 1362 qui
776 1264 880 1362 leges
896 1271 1082 1339 tueretur.
1102 1264 1293 1362 Separare
1310 1272 1441 1339 autem
1452 1263 1571 1368 'debet
1588 1289 1657 1340 rex
1674 1288 1762 1339 cum
1779 1263 1829 1340 sit

240 1388 300 1464 dei
316 1388 479 1463 vicarius
494 1387 536 1462 in
550 1395 657 1463 terra
672 1386 731 1462 ius
748 1386 798 1462 ab
814 1384 964 1473 iniuria,
981 1410 1129 1483 aequam
1146 1386 1194 1461 ab
1211 1385 1354 1485 iniquo,
1371 1395 1415 1462 ut
1433 1411 1564 1463 omnes
1583 1385 1653 1462 sibi
1671 1385 1829 1463 subiecti

239 1510 397 1586 honeste
413 1508 546 1584 vivant
565 1518 603 1586 et
622 1507 726 1607 quod
744 1508 873 1585 nullus
892 1508 1010 1584 alium
1027 1507 1154 1597 laedat,
1174 1517 1213 1585 et
1233 1506 1350 1607 quod⁰
1369 1509 1573 1606 unicuique
1592 1508 1697 1606 quod
1716 1535 1829 1585 suum

240 1630 360 1707 fuerit
372 1639 478 1707 recta
489 1630 771 1707 contributione
784 1630 981 1707 reddatur.
997 1630 1182 1708 Potentia
1194 1657 1285 1706 vero
1299 1656 1428 1708 omnes
1443 1630 1514 1707 sibi
1528 1631 1700 1708 subditos
1716 1630 1829 1707 debet

239 1754 466 1856 praecellere.
487 1753 630 1830 Parem
651 1761 781 1830 autem
800 1753 940 1829 habere
960 1779 1038 1829 non
1060 1754 1173 1829 debet
1194 1778 1263 1829 nec
1283 1753 1407 1830 multo
1430 1753 1571 1828 fortius
1592 1753 1829 1851 superiorem

238 1877 405 1953 maxime
429 1877 470 1952 in
494 1876 641 1953 iustitia
665 1875 889 1964 exhibenda,
914 1885 959 1952 ut
986 1875 1137 1951 dicatur
1162 1875 1277 1951 vere²⁰
1303 1877 1351 1952 de
1377 1902 1433 1964 ec,
1460 1902 1624 1973 magnus
1652 1876 1828 1952 dominus

239 2006 381 2089 noster,
402 2007 441 2074 et
460 2023 604 2096 magna
624 1997 747 2075 virtus
768 1999 849 2074 eius
871 2007 1047 2074 etceters.
1070 1998 1182 2074 Licet
1202 1998 1244 2074 in
1264 1998 1411 2075 iustitia
1432 1998 1650 2097 recipienda
1671 1997 1828 2074 minimo

238 2122 288 2198 de
301 2148 423 2221 regno
437 2148 506 2199 suo
521 2130 778 2220 comparetur,
794 2131 834 2196 et
849 2121 937 2197 licet
954 2146 1084 2197 omnes
1100 2120 1274 2218 potentia
1290 2120 1495 2219 praecellat,
1512 2130 1643 2197 tamen
1658 2146 1746 2196 cum
1763 2145 1829 2196 cor

238 2245 340 2341 regis
364 2245 405 2319 in
426 2269 545 2320 manu
570 2245 630 2319 dei
654 2269 735 2320 esse
759 2243 908 2332 debeat,
932 2242 1009 2322 ne¹¹
1033 2243 1083 2319 sit
1108 2241 1327 2319 effrenata²²
1352 2242 1508 2319 frenum
1533 2252 1708 2342 apponat
1732 2252 1827 2319 tem·

238 2364 423 2463 perantiae
444 2375 482 2442 et
500 2364 612 2440 lora²⁸
630 2365 889 2454 moderantia,
909 2391 958 2441 ne
978 2389 1066 2441 cum
1087 2365 1279 2441 effrenata
1298 2365 1348 2442 sit
1367 2365 1546 2442 trahatur
1568 2365 1616 2440 ad
1637 2364 1827 2442 iniuriam.

238 2489 348 2564 Nihil
366 2489 469 2565 enim
487 2488 592 2564 aliud
610 2496 740 2587 potest
759 2513 827 2563 rex
847 2487 887 2561 in
906 2487 1030 2575 terris,
1051 2512 1139 2563 cum
1158 2487 1208 2564 sit
1227 2488 1288 2563 dei
1307 2487 1481 2564 minister
1501 2497 1539 2564 et
1559 2487 1734 2576 vicarius,
1755 2487 1828 2564 nisi

238 2609 277 2686 id
296 2610 419 2686 solum
436 2609 540 2708 quod
557 2610 606 2685 de
622 2611 705 2686 iure
722 2618 862 2708 potest,
880 2634 950 2685 nec
968 2609 1096 2686 obstat
1114 2609 1217 2707 quod
1236 2609 1376 2685 dicitur
1393 2611 1496 2707 quod
1515 2609 1681 2708 principi
1700 2609 1828 2708 placet

237 2732 333 2830 legis
356 2731 471 2808 habet
493 2733 678 2830 vigorem,
701 2731 791 2830 quia
813 2731 986 2840 sequitur
1009 2730 1050 2806 in
1072 2730 1150 2807 fine
1172 2730 1269 2828 legis
1291 2755 1380 2807 cum
1402 2731 1515 2829 lege²⁴
1540 2731 1649 2829 regia
1671 2757 1756 2830 quae
1780 2731 1828 2808 de

235 2855 397 2954 imperio
427 2854 508 2932 eius
538 2855 620 2930 lata
649 2862 719 2942 est,
752 2854 792 2928 id
823 2861 881 2928 est
912 2878 990 2929 non
1021 2852 1208 2951 quidquid
1240 2852 1288 2928 de
1318 2854 1518 2930 voluntate
1551 2855 1653 2951 regis
1684 2863 1829 2930 temere

236 2975 266 3050 f.
283 2975 401 3068 1071)]
457 2984 738 3074 praesumptum
760 2981 830 3063 est,
851 2973 945 3052 sed²⁵
967 2973 1098 3074 quod²⁶
1119 2984 1348 3073 magnatum
1369 3001 1527 3052 suorum
1548 2976 1715 3065 consilio,
1737 3002 1829 3075 rege

237 3096 507 3174 auctoritatem
524 3106 732 3196 prestante
749 3108 788 3175 et
805 3097 937 3174 habita
953 3123 1070 3196 super
1087 3097 1157 3172 hoc
1176 3098 1447 3175 deliberatione
1466 3108 1505 3176 et
1524 3107 1706 3189 tractatu,
1724 3109 1827 3176 recte

237 3223 357 3298 fuerit
374 3221 587 3298 definitum.
606 3221 787 3297 Potestas
805 3221 934 3317 itaque
953 3245 1023 3296 sua
1039 3219 1131 3296 iuris
1150 3229 1207 3297 est
1226 3230 1265 3296 et
1282 3246 1361 3296 non
1377 3221 1534 3310 iniuria,
1553 3230 1698 3298 etcum
1717 3220 1827 3320 ipse²⁷

237 3342 287 3420 sit
299 3352 434 3420 auctor
445 3343 538 3418 iuris
551 3368 629 3418 non
643 3342 756 3418 debet
768 3342 858 3419 inde
870 3342 1096 3418 iniuriarum
1109 3342 1214 3418 nasci
1228 3343 1374 3418 occasio
1386 3343 1490 3418 unde
1503 3343 1589 3419 iura
1603 3354 1826 3433 nascuntur,

236 3473 275 3541 et
292 3465 410 3541 etiam
426 3464 492 3562 qui
508 3490 557 3540 ex
575 3462 697 3539 officio
715 3490 783 3541 suo
801 3463 895 3540 alios
913 3464 1114 3562 prohibere
1132 3489 1283 3541 necesse
1301 3463 1427 3553 habet,
1445 3464 1513 3541 id¹⁸
1531 3466 1659 3564 ipsum
1677 3466 1718 3541 in
1736 3490 1826 3565 pro·

236 3589 323 3687 pria
340 3612 506 3686 persona
522 3587 760 3663 committere
777 3611 857 3661 non
875 3585 1000 3662 debet.
1020 3585 1215 3662 Exercere
1233 3586 1353 3684 igitur
1373 3586 1486 3664 debet
1504 3613 1574 3663 rex
1593 3595 1826 3688 potestatem

236 3709 329 3786 iuris
352 3710 450 3786 sicut
472 3708 533 3785 dei
553 3707 716 3784 vicarius
740 3716 779 3784 et
801 3706 1001 3783 minister²⁹
1025 3707 1065 3782 in
1087 3716 1203 3796 terra,
1228 3709 1318 3805 quia
1339 3709 1407 3784 illa
1429 3718 1601 3808 potestas
1625 3710 1740 3787 solius
1764 3710 1826 3787 dei

235 3840 305 3918 est,
321 3838 492 3929 potestas
507 3838 638 3906 autem
651 3828 798 3904 iniuriae
810 3827 978 3905 diaboli²⁰
994 3838 1033 3905 et
1047 3853 1126 3905 non
1139 3829 1212 3918 dei,
1228 3839 1267 3906 et
1282 3830 1389 3907 cuius
1403 3829 1541 3906 horum
1556 3857 1676 3930 opera
1690 3833 1825 3909 fecerit

235 3977 305 4028 rex
317 3953 398 4028 eius
410 3951 585 4028 minister
598 3952 671 4028 erit
684 3951 791 4028 cuius
805 3976 923 4049 opera
938 3951 1083 4026 fecerit.
1100 3952 1231 4049 Igitur
1245 3951 1337 4028 dum
1353 3952 1448 4028 facit
1461 3953 1648 4030 iustitiam
1662 3953 1825 4032 vicarius

236 4082 295 4150 est
309 4073 410 4171 regis
426 4073 569 4162 aterni,
585 4072 758 4149 minister
774 4081 904 4148 autem
920 4071 1060 4149 diaboli
1076 4074 1170 4148 dum
1187 4073 1376 4149 declinet²¹
1395 4074 1446 4150 ad
1461 4075 1651 4151 iniuriam.
1667 4075 1826 4152 Dicitur

236 4193 337 4271 enim
355 4221 424 4270 rex
442 4221 466 4269 a
483 4195 578 4271 bene
597 4195 766 4291 regendo
784 4203 823 4271 et
840 4219 919 4269 non
938 4219 961 4268 a
980 4195 1191 4291 regnand0,
1211 4195 1301 4293 quia
1319 4221 1388 4271 rex
1407 4205 1465 4273 est
1485 4196 1578 4272 dum
1597 4197 1693 4274 bene
1711 4199 1823 4297 regit,

233 4325 423 4416 tyrannus
439 4316 532 4392 dum
546 4316 736 4416 populum
751 4315 821 4392 sibi
836 4315 1024 4392 creditum
1038 4316 1206 4392 violenta
1220 4317 1406 4416 opprimit
1422 4317 1691 4396 dominatione.
1710 4322 1824 4397 Tem·

235 4446 345 4536 peret
363 4437 484 4535 igitur
502 4437 717 4536 potentiam
735 4463 845 4514 suam
863 4462 933 4537 per
951 4438 1077 4535 legem
1097 4463 1180 4535 quae
1200 4438 1383 4515 frenum²²
1403 4449 1461 4517 est
1479 4440 1701 4539 potentiae,¹⁸
1720 4443 1824 4542 quod

235 4557 446 4634 secundum
468 4558 572 4656 leges
596 4557 742 4645 vivat,²⁴
767 4557 897 4656 quod²⁶
922 4559 993 4635 hoc
1018 4560 1147 4636 sanxit
1172 4561 1235 4636 lex
1259 4561 1428 4638 humana
1453 4564 1557 4661 quod
1582 4563 1685 4662 leges
1711 4592 1824 4643 suum

234 4680 357 4779 ligent
371 4679 545 4768 latorem,
561 4689 599 4756 et
615 4680 704 4756 olibi
719 4679 759 4756 in
772 4681 917 4768 eadem,
935 4681 1053 4779 digna
1067 4707 1144 4757 vox
1159 4683 1359 4760 maiestate
1374 4686 1572 4783 regnantis
1589 4696 1647 4764 est
1662 4687 1824 4786 legibus,

234 4896 339 4974 τΟΜ,
356 4900 395 4974 V,
412 4899 485 4960 cM.
524 4897 611 4978 ⁸qnt,
628 4899 698 4976 OB,
715 4899 791 4974 MA,
809 4900 885 4960 ΜΒ.
923 4897 1029 4977 ⁹Om.,
1045 4899 1115 4976 OB,
1133 4902 1209 4975 MA,
1227 4903 1303 4963 ΜΒ.
1342 4902 1462 4981 ²⁰Om.,
1480 4905 1550 4980 OB,
1568 4907 1644 4982 ΜΔ,
1662 4907 1738 4984 ΜΒ,
1756 4907 1823 4983 CE,

235 4999 309 5074 CM,
324 4999 364 5075 Y,
380 4999 453 5061 MC.
490 4998 557 5033 ²²²²²
568 5007 599 5061 et
613 5019 676 5060 non
691 5003 772 5061 aient
788 4999 952 5074 effrenata,
968 5001 1042 5061 MA.
1080 4999 1106 5034 ²²
1118 5001 1314 5079 effrenatum,
1332 5005 1398 5080 ΟΕ,
1414 5004 1455 5079 Y,
1471 5006 1552 5078 MC;
1569 5006 1767 5083 ineffrenata,
1783 5010 1822 5070 V.

234 5097 366 5174 ”lorea
381 5100 450 5175 OA,
464 5100 531 5175 OC,
547 5099 615 5174 ΟΕ,
629 5100 668 5174 Y,
683 5099 757 5174 MC,
773 5100 851 5176 MG,
867 5101 939 5161 CM.
977 5098 1005 5134 ²⁴
1014 5101 1108 5178 legia,
1125 5102 1203 5176 MG,
1218 5103 1285 5164 OC.
1322 5102 1388 5138 ²²²²²
1399 5105 1454 5166 aed
1470 5110 1571 5168 animo
1587 5106 1738 5169 condendi
1754 5114 1823 5169 iura

234 5198 288 5259 sed
302 5199 521 5279 quod,V;sed
534 5199 619 5279 quid,
633 5200 702 5273 OB,
716 5201 792 5274 MA,
806 5201 881 5263 ΜΒ.
917 5199 944 5234 ²²
956 5201 1036 5276 ΟΜ,
1050 5199 1119 5275 ΟΒ,
1133 5203 1210 5277 ΜΛ,
1225 5203 1299 5264 ΜΒ.
1338 5201 1608 5282 ²⁸ad,MG,CM.
1645 5207 1823 5272 ¹⁹miniater

234 5297 295 5374 aa,
313 5300 382 5374 oa,
400 5299 476 5376 MA,
494 5299 570 5375 Ma,
589 5299 657 5375 cu,
675 5300 714 5375 r,
734 5300 806 5360 οΜ.
846 5298 872 5334 ²⁰
884 5299 1000 5361 nanu
1018 5307 1076 5376 est,
1095 5303 1163 5377 on,
1183 5286 1259 5379 ΜΑ,
1279 5304 1355 5379 ΜΒ,
1374 5306 1414 5380 r,
1435 5308 1507 5369 cru.
1550 5307 1576 5344 ²²
1588 5308 1734 5386 dauns,
1753 5313 1823 5390 oa,

235 5400 311 5476 MA,
327 5401 403 5462 ΜΒ.
441 5399 506 5434 ’Μ’
519 5399 643 5463 frenum
658 5407 827 5479 potentem,
843 5402 912 5476 ΟΒ,
930 5403 1007 5479 MA,
1024 5402 1100 5464 ΜΒ.
1139 5402 1302 5469 ¹⁴·²⁸ruvat
1320 5410 1402 5485 quia,
1420 5409 1489 5485 OB,
1508 5411 1584 5487 ΜΒ,
1602 5412 1669 5474 ΜΛ
1691 5414 1822 5494 (vivat).
