4432 6340
640 530 701 590 DE
724 529 1027 603 ADQUIBENDO
1050 531 1208 592 RERUM
1231 531 1433 594 DOMINiO
1763 539 1835 610 198

245 703 377 755 rorum
394 679 570 757 seisinam
587 681 891 778 recuperaverit?
908 683 1001 757 Non
1019 692 1182 782 propter
1198 682 1270 760 hoc
1286 682 1359 760 erit
1376 681 1437 759 ei¹⁰
1456 682 1592 759 saisina
1611 683 1834 773 auferenda,

245 798 313 874 sed
329 797 364 874 ei
382 807 421 875 et
436 798 636 876 heredibus
656 799 733 878 suis
751 801 1037 898 imperpetuum
1054 800 1306 878 remanebit.¹¹
1325 801 1384 878 Et
1401 801 1482 877 vice
1500 827 1610 877 versa
1629 801 1659 878 si
1678 826 1767 877 cum
1786 801 1835 877 ab

244 915 353 992 initio
376 926 581 994 antenatus
603 942 743 1016 pueros
765 918 943 995 habuerit
964 928 1004 995 et
1027 945 1142 1017 agere
1164 921 1389 1019 inceperint,
1413 929 1452 996 et
1475 920 1668 1018 pendente
1692 920 1836 1017 placito

244 1059 325 1111 esse
341 1035 533 1124 desierint,
548 1045 689 1113 extunc
705 1037 836 1113 statim
851 1037 1008 1136 incipiet
1024 1038 1123 1114 actio
1140 1038 1181 1113 in
1195 1063 1361 1138 persona
1377 1039 1511 1115 fratris
1527 1038 1654 1126 medii,
1672 1039 1769 1114 sicut
1787 1038 1837 1113 ab

244 1155 354 1232 initio
373 1157 404 1232 si
423 1155 632 1255 puerinon
652 1165 841 1244 extarent,
862 1165 902 1232 et
921 1156 1022 1232 idem
1042 1157 1101 1232 ius
1121 1157 1225 1255 quod
1246 1155 1430 1254 competit
1452 1156 1567 1232 fratri
1586 1155 1712 1233 medio
1734 1182 1834 1233 com·

244 1274 345 1372 petit
362 1273 563 1350 heredibus
582 1275 660 1351 suis
678 1274 721 1349 in
737 1273 943 1350 infinitum.
966 1276 1068 1350 Item
1088 1283 1169 1351 esto
1190 1275 1292 1372 quod
1313 1276 1437 1351 frater
1456 1275 1605 1352 medius
1625 1301 1713 1351 cum
1732 1274 1834 1352 seisi·

243 1417 335 1468 nam
350 1391 572 1491 adquisierit
588 1392 669 1469 sine
683 1391 822 1468 herede
837 1392 885 1469 de
900 1419 940 1469 se
955 1391 1154 1482 moriatur,
1171 1393 1295 1469 adhuc
1311 1393 1407 1469 illud
1423 1393 1526 1470 idem
1541 1393 1614 1471 erit
1631 1393 1835 1470 dicendum

243 1511 292 1586 de
307 1510 431 1587 fratre
443 1511 570 1587 medio
585 1511 689 1610 quod
704 1511 850 1588 dictum
865 1518 923 1588 est
937 1511 985 1586 de
1000 1520 1194 1609 postnato,
1211 1509 1352 1588 scilicet
1368 1513 1472 1609 quod
1488 1512 1612 1588 frater
1629 1520 1834 1589 antenatus

243 1638 302 1705 est
322 1628 402 1706 eius
420 1629 529 1706 heres
549 1629 814 1729 propinquior.
838 1631 916 1706 Sed
937 1629 1030 1728 quid
1051 1630 1083 1707 si
1102 1631 1245 1706 fratres
1267 1631 1347 1706 sine
1367 1629 1505 1707 herede
1527 1630 1767 1718 decesserint,
1788 1638 1835 1706 ut

243 1749 471 1848 pradictum
492 1757 561 1836 est,
583 1773 653 1822 nec
674 1755 878 1824 antenatus
900 1747 1037 1824 liberos
1059 1747 1256 1824 habuerit?
1279 1750 1392 1824 Tunc
1415 1748 1576 1824 vocandi
1598 1758 1689 1825 sunt
1711 1774 1833 1825 remo·

243 1867 371 1945 tiores.
389 1868 447 1945 Et
464 1867 556 1965 quid
572 1867 604 1943 si
619 1866 715 1942 nulli
731 1866 886 1942 omnino
903 1866 1158 1965 apparuerint
1173 1865 1330 1942 heredes
1348 1865 1414 1964 qui
1431 1867 1589 1964 petant?
1609 1865 1672 1942 Sic
1689 1867 1834 1965 poterit

244 1986 383 2062 seisina
397 2010 594 2062 remanere
612 2009 700 2061 cum
719 1992 902 2060 antenato
920 2010 999 2060 non
1017 1984 1195 2086 obstante
1212 1984 1402 2082 homagio,
1422 1985 1512 2082 quia
1529 1984 1618 2060 licet
1637 1985 1736 2062 actio
1755 2011 1834 2062 non

244 2103 397 2181 deficiat
414 2128 537 2202 neque
553 2103 624 2191 ius,
644 2102 772 2179 deficit
789 2112 921 2179 tamen
938 2102 1116 2201 probatio
1134 2128 1222 2178 cum
1238 2128 1317 2178 non
1335 2103 1385 2178 sit
1403 2103 1469 2201 qui
1487 2110 1608 2201 petat.
1630 2104 1733 2180 Item
1750 2113 1834 2181 esto

243 2223 347 2321 quod
370 2223 494 2298 frater
513 2221 661 2298 medius
683 2220 819 2297 fecerit
839 2220 1094 2320 perquisitum
1115 2229 1154 2296 et
1175 2221 1364 2296 moriatur
1386 2221 1466 2297 sine
1488 2220 1627 2296 herede
1649 2222 1697 2298 de
1720 2247 1771 2310 se,
1794 2231 1834 2299 et

243 2339 418 2438 capitalis
442 2339 619 2416 dominus
643 2337 704 2415 vel
728 2346 935 2415 extraneus
959 2365 999 2414 se
1023 2338 1196 2438 posuerit
1221 2339 1262 2413 in
1286 2339 1475 2427 seisinam,
1501 2339 1625 2414 adhuc
1649 2341 1834 2438 competit

243 2459 362 2536 assisa
383 2458 518 2535 mortis
544 2459 792 2535 antecessoris
817 2457 933 2533 fratri
958 2465 1142 2534 antenato
1166 2483 1245 2534 non
1271 2458 1447 2534 obstante
1473 2457 1663 2555 homagio,
1690 2467 1729 2534 et
1755 2483 1833 2534 non

242 2576 358 2653 fratri
375 2585 568 2675 postnato.
586 2577 644 2652 Et
661 2601 748 2651 cum
765 2600 837 2674 per
852 2576 1010 2652 assisam
1027 2575 1269 2674 recuperavit
1286 2584 1504 2664 antenatus,
1522 2585 1665 2653 extunc
1682 2601 1832 2674 compe-

241 2694 291 2771 tit
310 2692 409 2771 actio
427 2719 499 2792 per
516 2693 631 2770 brevo
650 2695 697 2770 de
716 2703 832 2783 recto,
850 2694 911 2769 vel
930 2693 1061 2791 pueris
1081 2693 1281 2770 antenati²²
1300 2695 1361 2769 vel
1380 2695 1495 2770 fratri
1516 2703 1699 2792 postnato
1717 2695 1833 2770 modo

242 2837 319 2912 quo
344 2813 571 2911 pradictum
596 2821 665 2889 est.
692 2813 750 2889 Et
775 2838 855 2887 non
878 2823 923 2888 ut
948 2837 997 2888 ex
1022 2812 1092 2889 tali
1119 2812 1261 2911 placito
1287 2810 1547 2910 procedatur¹³
1574 2812 1624 2888 ad
1649 2838 1833 2910 magnam

242 2931 400 3007 assisam
416 2933 477 3007 vel
492 2931 675 3021 duellum,
693 2932 760 3008 sed
776 2932 879 3030 quod
895 2931 966 3007 fiat
982 2930 1283 3029 propinquitatis
1300 2941 1339 3008 et
1357 2931 1565 3029 parentela
1582 2931 1831 3030 computatio.

244 3053 323 3129 Sed
343 3051 435 3149 quid
454 3051 485 3128 si
504 3059 710 3150 postnatus
730 3051 855 3126 frater
874 3050 1040 3149 primam
1061 3049 1237 3125 habuerit
1258 3050 1434 3126 seisinam
1455 3049 1655 3148 pacificam
1676 3059 1715 3126 et
1736 3059 1831 3127 tem·

242 3196 328 3270 pus,
343 3170 447 3269 quod
462 3170 543 3246 sine
558 3169 663 3244 brevi
679 3178 718 3246 et
733 3169 871 3244 iudicio
886 3169 954 3244 eici
971 3192 1049 3243 non
1064 3167 1206 3267 possit?
1221 3168 1383 3243 Extunc
1400 3167 1584 3267 competit
1601 3168 1700 3244 actio
1717 3168 1832 3244 fratri

242 3298 425 3366 antenato
447 3287 536 3364 vel²⁴
558 3286 638 3365 eius
659 3286 861 3363 heredibus
883 3288 914 3363 si
937 3289 1019 3385 ipse
1042 3287 1322 3386 praemoriatur,
1345 3312 1415 3385 per
1438 3286 1552 3362 breve
1576 3287 1624 3362 de
1647 3296 1763 3375 recto,
1786 3295 1832 3363 ut

242 3407 350 3484 facta
362 3406 649 3505 computatione
667 3406 809 3482 sciatur
826 3406 910 3504 quis
925 3430 1058 3481 eorum
1074 3405 1124 3482 sit
1139 3396 1247 3482 heres
1264 3404 1528 3504 propinquior.
1547 3404 1638 3494 Quo
1655 3405 1832 3504 probatu,

241 3551 321 3602 non
341 3525 413 3602 erit
434 3534 639 3625 postnatus
660 3535 705 3600 ut
727 3523 880 3599 videtur
902 3522 1120 3600 eiciendus²⁶
1142 3548 1213 3621 per
1234 3523 1428 3611 iudicium,
1452 3522 1542 3622 quia
1565 3523 1597 3599 si
1618 3523 1832 3600 constiterit

242 3645 346 3744 quod
362 3644 486 3720 frater
502 3650 707 3720 antenatus
724 3642 773 3718 sit
789 3640 896 3718 heres
913 3641 1177 3740 propinquior,
1194 3650 1326 3717 tamen
1342 3641 1460 3740 quia²⁶
1476 3640 1699 3739 homagium
1715 3642 1831 3717 inter·

241 3761 428 3849 venerit,²⁷
450 3760 698 3836 iudicandum
720 3759 793 3838 erit
815 3759 856 3834 in
877 3760 1011 3837 eodem
1033 3759 1172 3834 iudicio
1194 3760 1298 3857 quod
1320 3768 1525 3857 postnatus
1549 3759 1589 3835 in
1613 3759 1749 3836 seisina
1773 3785 1831 3835 re·

129 3893 135 3905 '
240 3888 407 3968 maneat,
421 3904 508 3954 cum
523 3879 660 3955 seisina
672 3903 760 3954 cum
775 3887 959 3954 antenato
973 3903 1052 3953 non
1066 3877 1187 3976 possit
1202 3886 1364 3976 propter
1378 3877 1602 3974 homagium
1616 3903 1831 3954 remaneres

241 4023 312 4074 nec
333 3996 409 4075 alia
430 3997 579 4074 actione
601 4022 699 4095 opus
721 3995 795 4073 erit
817 4020 889 4093 per
911 3995 1025 4071 breve
1048 3995 1095 4073 de
1119 4004 1235 4084 recto,
1259 3994 1363 4093 quod
1387 4019 1504 4092 super
1526 3995 1660 4071 eodem
1685 3996 1767 4072 iure
1792 4005 1832 4072 et

239 4116 342 4192 inter
357 4116 510 4193 easdem
526 4140 710 4214 personas
726 4114 855 4190 veniat
873 4113 972 4189 actio
989 4138 1107 4211 super
1124 4113 1322 4200 actionem,
1341 4137 1419 4187 non
1436 4113 1560 4211 magis
1579 4139 1694 4210 quam
1714 4113 1833 4189 assisa

241 4259 358 4333 super
377 4234 545 4310 assisam.
569 4233 647 4309 Sed
666 4257 754 4308 cum
774 4233 898 4308 frater
918 4239 1122 4308 antenatus
1144 4231 1192 4306 ab
1211 4230 1319 4306 initio
1341 4231 1504 4307 fratrem
1526 4239 1752 4328 postnatum
1772 4256 1830 4306 re·

239 4360 372 4430 center
382 4351 502 4428 eicere
513 4349 628 4428 vellet
640 4376 719 4426 non
731 4347 901 4448 posset,¹⁸
912 4360 952 4425 et
965 4348 1096 4425 statim
1110 4348 1180 4424 sibi
1193 4347 1460 4448 perquireret¹⁹
1474 4373 1544 4446 per
1558 4347 1715 4425 assisam
1729 4374 1829 4424 mor·

239 4472 289 4548 tis
311 4470 570 4558 antecessoris,
592 4480 799 4568 antequam
819 4477 1024 4567 postnatus
1046 4466 1208 4543 liberum
1229 4476 1492 4544 tenementum
1512 4466 1652 4542 habere
1673 4465 1830 4566 posset²⁰

239 4615 288 4665 ex
305 4598 491 4688 tempore,
509 4587 540 4664 si
557 4612 629 4685 per
645 4587 802 4663 assisam
820 4585 1010 4664 obtineret
1027 4593 1233 4662 antenatus
1251 4585 1291 4660 in
1308 4585 1390 4661 iure
1408 4586 1640 4684 possessorio
1659 4595 1697 4662 et
1715 4610 1830 4662 causa

240 4706 499 4806 possessionis,
519 4704 762 4781 nihilominus
783 4704 889 4802 sequi
907 4712 1037 4803 posset
1057 4704 1156 4779 actio
1174 4705 1216 4779 in
1234 4727 1399 4800 persona
1419 4704 1592 4802 postnati
1613 4730 1729 4803 super
1748 4704 1830 4780 iure

242 4824 272 4901 f.
287 4823 382 4917 66b]
437 4824 699 4923 proprietatis,
726 4821 798 4898 nisi
826 4821 874 4898 sit
901 4822 966 4920 qui
993 4820 1096 4896 dicat
1122 4819 1253 4919 quod²¹
1281 4830 1416 4897 contra
1444 4821 1601 4897 assisam
1628 4830 1668 4897 et
1695 4831 1830 4897 contra

239 4998 359 5073 ιοΟῐιι,
383 4998 423 5074 V,
447 4998 517 5073 OB,
542 4997 618 5071 MA,
644 4996 721 5070 ΜΒ,
747 4995 820 5055 MC.
867 4993 1109 5073 ²¹permanehit,
1135 4994 1204 5068 OB,
1230 4994 1307 5067 MA,
1332 4993 1407 5054 ΜΒ.
1456 4991 1660 5068 ²²antenatia,
1686 4993 1725 5067 V,
1753 4994 1829 5067 ΜΒ,

241 5099 314 5160 ΟΜ.
362 5096 480 5173 1Ὀιιι,
505 5098 575 5172 OB,
601 5097 678 5171 ΜΒ,
703 5097 771 5173 CB,
795 5096 837 5172 Y,
862 5096 937 5170 CM,
963 5095 1041 5170 MG,
1068 5096 1135 5156 MA
1164 5095 1219 5171 Η-
1233 5093 1433 5173 procedant).
1483 5093 1563 5172 ²⁴et,
1590 5094 1629 5169 V,
1656 5094 1725 5169 OB,
1753 5095 1830 5170 MA,

240 5200 317 5275 ΜΒ,
345 5200 386 5274 Υ,
414 5199 492 5273 MO,
521 5199 593 5259 CM.
644 5196 763 5273 ²⁶Om.,
791 5197 884 5259 MSS.
916 5217 1001 5276 gen.;
1031 5199 1086 5268 sic,
1115 5198 1189 5269 ΟΛ,
1223 5197 1416 5274 (†eiectus,
1446 5195 1541 5274 MA).
1592 5195 1724 5275 ²⁸quod,
1753 5197 1829 5274 MA,

241 5299 322 5372 MB;
346 5307 378 5361 et
401 5300 493 5377 quod,
516 5299 583 5360 OB.
629 5296 655 5332 ²⁷
667 5303 844 5373 intervenit,
868 5299 934 5375 LA,
959 5297 1024 5359 CB.
1071 5294 1097 5331 ¹⁸
1109 5303 1219 5376 possit,
1243 5299 1283 5374 V,
1307 5298 1376 5375 OB,
1402 5300 1477 5360 ΜΒ.
1523 5297 1730 5377 ¹⁰perquiret,
1756 5299 1829 5372 ΟΕ,

239 5403 411 5477 perquirat,
434 5399 513 5475 MG,
535 5399 577 5476 Y,
600 5398 680 5473 CM;
704 5398 892 5478 adquireret,
915 5400 988 5473 OC;
1012 5399 1164 5476 adquiret,
1188 5397 1258 5476 OB,
1282 5399 1359 5474 MA,
1383 5402 1464 5473 MB;
1489 5401 1544 5473 sic,
1568 5401 1638 5477 OA,
1662 5401 1730 5476 LA,
1754 5401 1828 5462 MC.

240 5499 266 5534 ²⁰
277 5505 405 5579 poterit,
421 5503 460 5576 V,
475 5501 545 5576 OB,
561 5501 637 5576 MA,
652 5502 727 5562 ΜΒ.
764 5499 789 5534 ²²
803 5501 882 5576 Om,
898 5501 967 5574 OB,
983 5501 1059 5575 MA,
1076 5501 1150 5561 ΜΒ.
