4392 6352
848 458 909 518 DE
931 457 1206 521 ACTlONlBUS
1752 468 1826 538 295
1939 515 1947 545 a

337 608 402 686 Dc
417 607 630 684 actionibus
644 607 870 685 antibasis
882 632 1101 707 personam,
1115 609 1281 707 qualiter
1294 618 1517 688 irascuntur.

239 733 351 808 Iram
368 732 562 808 actiormm
577 731 745 808 civilium
759 732 801 807 in
816 758 1020 831 personam
1037 732 1113 809 ex²²
1130 742 1332 810 contractu
1348 734 1409 810 vel
1425 735 1534 831 quasi
1551 735 1725 833 quadam
1741 761 1828 812 nas·

237 853 407 931 cuntur²⁸
427 863 621 954 expecto.
642 854 710 930 Ex
730 855 839 953 quasi
859 863 1060 931 contractu
1081 856 1185 931 nasci
1206 856 1387 932 dicuntur
1408 881 1491 955 quae
1512 883 1582 933 nec
1602 859 1758 936 omnino
1780 884 1829 934 ex

238 987 355 1076 pacto
377 1002 447 1054 nec
470 978 626 1053 omnino
649 1003 697 1054 ex
720 977 919 1067 maleficio,
944 978 1010 1054 sed
1034 977 1192 1054 tamen²⁴
1217 978 1400 1055 maiorem
1425 1003 1513 1055 cum
1537 981 1662 1078 pactis
1685 980 1828 1057 habent

238 1101 465 1180 affinitatem
485 1126 602 1200 quam
622 1124 710 1176 eum
731 1099 936 1176 maleficiis.
961 1099 1028 1175 Ex
1050 1100 1245 1176 maleficiis
1267 1111 1479 1178 nascuntur
1501 1102 1668 1180 actiones
1691 1104 1829 1202 quibus

238 1224 378 1300 delicta
393 1224 590 1299 hominum
607 1231 841 1310 coercentur,
860 1221 956 1298 sicut
974 1221 1163 1299 condictio
1180 1223 1235 1298 rei
1253 1221 1418 1311 furtiva,
1438 1223 1536 1300 actio
1555 1223 1621 1299 vi²⁸
1640 1225 1828 1301 bonorum

239 1353 453 1444 raptorum,
470 1345 570 1421 aetio
585 1343 681 1442 legis
696 1343 876 1442 Aquiliae,
892 1351 931 1420 et
948 1343 1185 1421 iniuriarum.
1204 1344 1271 1420 Ex
1290 1346 1398 1443 quasi
1414 1346 1601 1423 maleficio
1618 1356 1831 1424 nascuntur

239 1468 269 1544 f.
286 1468 404 1561 10th
460 1466 627 1544 actiones
642 1492 725 1565 quae
739 1490 810 1544 nee
824 1466 875 1542 ad
889 1475 1005 1566 pacta
1020 1466 1206 1544 accedunt
1221 1493 1291 1543 nec
1307 1467 1465 1566 proprie
1480 1469 1531 1545 ad
1546 1469 1745 1559 maleficia,
1763 1471 1830 1547 sed

239 1589 421 1668 similiora
437 1598 528 1667 sunt
543 1588 738 1666 maleficiis
755 1614 870 1687 quam
888 1590 1022 1688 pactis.
1041 1589 1108 1664 Ex
1125 1598 1326 1666 contractu
1344 1599 1384 1666 et
1400 1590 1634 1688 obligatione
1651 1592 1830 1669 oriuntur

239 1713 419 1801 actiones,
439 1712 648 1789 secuudum
666 1711 771 1810 quod
788 1712 963 1810 superius
982 1711 1126 1788 dictum
1145 1721 1215 1800 est,
1235 1711 1318 1786 aliae
1336 1737 1390 1800 re,
1410 1712 1492 1788 aliae
1511 1713 1647 1802 verbis,
1667 1713 1749 1789 sliae
1767 1714 1829 1789 lit·

238 1834 343 1924 teris,
366 1833 448 1910 aliae
470 1858 667 1910 consensu.
690 1834 764 1922 Re,
785 1841 830 1909 ut
851 1831 1068 1908 condictio²⁶
1089 1833 1183 1909 certi
1206 1834 1253 1910 de
1274 1842 1422 1910 mutuo.
1447 1833 1677 1911 Condietio²'
1700 1844 1830 1912 autem

239 1957 333 2033 certi
352 1956 538 2055 competit
558 1956 729 2032 exomni
748 1979 863 2034 causa
883 1965 922 2032 et
942 1953 1176 2052 obligatione
1196 1981 1245 2031 ex
1265 1981 1342 2053 qua
1362 1955 1483 2054 quid²⁸
1502 1965 1651 2032 certum
1670 1957 1829 2055 petitur,

240 2079 318 2156 sive
339 2104 388 2155 ex
408 2087 610 2155 contractu
631 2087 736 2155 certo
757 2077 818 2154 vel
838 2078 995 2154 incerto.
1020 2079 1149 2155 Causa
1169 2102 1260 2153 vero
1283 2077 1500 2154 huiusmodi
1523 2079 1717 2155 actionum
1739 2087 1830 2155 sunt

240 2210 407 2300 quatuor
429 2209 649 2277 contractus
672 2198 940 2288 innominati,²⁰
964 2199 1013 2275 de
1036 2199 1174 2298 quibus
1198 2199 1374 2298 superius
1399 2199 1626 2276 dictumest
1651 2200 1691 2275 in
1715 2199 1831 2276 titulo

241 2325 288 2399 de
310 2322 591 2411 donationibus,
613 2332 658 2399 ut
681 2322 730 2398 do
751 2331 795 2399 ut
818 2322 896 2410 des,
918 2320 969 2397 do
991 2331 1035 2398 ut
1058 2321 1189 2409 iacias,
1213 2321 1314 2397 facio
1336 2330 1381 2398 ut
1404 2322 1482 2410 des,
1506 2321 1607 2398 facio
1630 2330 1675 2397 ut
1698 2322 1829 2398 iacias.

243 2446 346 2522 Item
362 2455 421 2522 est
438 2445 619 2544 petitoria
636 2444 858 2521 hereditatis
877 2444 988 2532 actia,
1008 2453 1047 2521 et
1065 2443 1250 2542 competit
1268 2442 1342 2519 illis
1362 2443 1499 2542 quibus
1519 2443 1578 2520 ius
1597 2468 1747 2519 merum
1767 2444 1830 2520 de·

241 2567 388 2644 scendit
405 2567 453 2643 ab
471 2566 771 2644 antecessoribus
791 2567 888 2642 sicut
905 2565 1105 2642 heredibus
1125 2564 1474 2664 propinquioribus.

341 2691 406 2768 De
423 2690 663 2790 possessorio
675 2688 897 2768 hereditatis
914 2689 1113 2789 petitionis,
1131 2712 1216 2787 quea
1234 2688 1310 2766 dici
1327 2688 1471 2788 poterit
1492 2687 1610 2765 osaea
1628 2711 1737 2764 noua
1756 2687 1832 2766 dis·

342 2831 499 2886 sanna.

243 2932 499 3008 Possussoum
512 2956 604 3008 vero
618 2931 840 3008 hereditatis
856 2931 992 3031 petitio
1008 2941 1067 3008 est
1083 2932 1131 3008 de
1146 2931 1383 3029 possessione
1399 2929 1571 3030 propria,
1586 2939 1625 3007 et
1643 2954 1726 3028 quae
1743 2929 1832 3005 dici-

243 3064 309 3131 tur
324 3055 424 3131 aetio
439 3055 541 3132 unde
555 3055 593 3130 vi
608 3080 681 3153 per
695 3081 812 3154 quam
826 3055 1044 3132 restituitur
1058 3054 1224 3154 spoliato
1240 3079 1310 3129 sua
1326 3053 1525 3152 possessio,
1542 3061 1582 3128 et
1599 3052 1672 3128 dici
1689 3051 1833 3152 poterit

244 3176 390 3253 assisa²⁰
416 3201 524 3252 novae
549 3176 764 3254 disseisinae.
796 3177 899 3253 Item
928 3176 1069 3253 dicitur
1095 3174 1329 3274 possessoris
1355 3173 1493 3273 petitio
1519 3173 1569 3250 de
1596 3174 1832 3273 possessione

244 3300 380 3389 aliena,
397 3301 495 3377 sicut
512 3299 671 3376 alicuius
688 3297 947 3387 antecessoris,
966 3297 1014 3374 de
1031 3297 1160 3396 aliquo
1177 3295 1225 3373 de
1244 3321 1320 3394 quo
1338 3305 1555 3372 antecessor
1571 3295 1666 3371 obiit
1684 3295 1833 3371 seisitus

243 3429 289 3497 ut
311 3421 363 3498 de
382 3421 510 3509 feodo,
532 3445 617 3519 quoe
640 3420 779 3497 dicitur
802 3419 901 3496 aetio
925 3444 1089 3517 quorum
1111 3417 1301 3493 bonorum
1324 3416 1403 3493 sive
1427 3417 1545 3493 assisa
1567 3416 1702 3493 mortis
1727 3422 1832 3492 ante·

244 3544 412 3621 cessoris.

345 3667 422 3744 Cui
437 3674 659 3765 competant
675 3664 842 3742 actiones
858 3687 944 3762 quoe
960 3663 1139 3740 otiamur
1154 3685 1203 3738 ec
1219 3659 1417 3759 maleficio,
1434 3670 1472 3738 ct
1490 3670 1626 3737 contra
1642 3683 1767 3758 qaam.

247 3791 358 3866 Iram
376 3789 584 3866 videndum
602 3788 663 3864 cui
681 3795 905 3886 competant
924 3786 1093 3861 actiones
1112 3809 1195 3883 quae
1215 3809 1264 3858 ex
1283 3782 1470 3860 maleficio
1490 3783 1669 3859 oriuntur
1688 3791 1727 3859 et
1746 3806 1834 3857 con·

245 3920 308 3988 tra
323 3936 448 4017 quem.
466 3909 524 3986 Et
541 3907 737 3985 sciendum
753 3905 857 4004 quod
873 3903 973 3981 actio
990 3903 1087 3979 furti
1105 3902 1183 3979 sive
1200 3901 1389 3977 condictio
1407 3900 1561 3977 domino
1579 3901 1633 3976 rei
1650 3899 1836 3998 competit

245 4029 406 4108 contra¹²
427 4031 556 4106 iurem
574 4038 613 4105 et
633 4027 713 4104 eius
733 4048 985 4104 successorem
1006 4032 1044 4099 et
1064 4030 1199 4098 contra
1219 4020 1425 4120 quemlibet
1446 4021 1695 4097 detentorem.
1716 4020 1835 4096 Actio

246 4155 284 4230 vi
308 4154 497 4230 bonorum
522 4158 725 4250 raptorum
751 4146 798 4223 de
824 4145 938 4222 rebus
963 4143 1165 4220 mobilibus
1191 4141 1229 4217 vi
1255 4140 1392 4217 ablatis
1418 4140 1497 4216 sive
1522 4138 1692 4215 rabbatis
1719 4139 1836 4216 datur

246 4274 401 4352 domino
418 4299 549 4349 rerum
566 4271 626 4347 vel
645 4270 694 4347 de
711 4270 817 4344 cuius
836 4265 1009 4343 custodia
1028 4271 1214 4361 surrepta
1232 4269 1334 4350 sunt,
1355 4270 1394 4337 et
1413 4260 1478 4358 qui
1498 4259 1658 4335 intravit
1675 4258 1716 4333 in
1735 4256 1834 4333 solu·

245 4399 391 4476 tionem
409 4421 502 4493 erga
519 4392 717 4470 dominum
733 4415 846 4466 suum
863 4388 919 4463 ita
935 4384 1039 4485 quod
1055 4384 1135 4461 eius
1153 4380 1331 4459 intersit²²
1349 4406 1475 4479 agere.
1494 4380 1613 4457 Actio
1630 4404 1722 4455 vero
1739 4377 1836 4476 legis

246 4517 414 4617 Aquilia
433 4515 482 4591 de
501 4512 717 4590 hominibus
737 4535 808 4609 per
829 4507 1012 4584 feloniam
1034 4505 1163 4581 occisis
1185 4503 1246 4579 vel
1267 4502 1477 4578 vulneratis
1500 4500 1655 4577 dabitur
1677 4499 1835 4598 propin·

246 4640 442 4741 quioribus
460 4633 696 4737 parentibus,
716 4630 777 4706 vel
796 4627 987 4707 extraneis
1005 4625 1184 4724 homagio
1204 4624 1264 4700 vel
1284 4621 1438 4700 servitio
1457 4621 1636 4719 obligatis
1657 4621 1712 4697 ita
1732 4620 1836 4719 quod

247 4786 380 4839 eorum
395 4757 545 4835 intersit
561 4778 687 4852 agere.

247 4978 313 5014 ²²²²²
324 4978 458 5058 qualiter
482 4979 661 5044 nascuntur,
685 4970 754 5044 OB,
779 4968 856 5042 MA,
880 4965 957 5039 ΜΒ,
981 4963 1048 5038 ΟΕ,
1073 4962 1112 5022 Y.
1158 4959 1278 5036 ²⁴0m.,
1303 4961 1373 5037 OB,
1398 4959 1474 5033 MA,
1499 4960 1576 5032 ΜΒ,
1602 4959 1669 5033 ΟΕ,
1694 4957 1769 5031 ΟΜ,
1795 4957 1834 5018 Y.

246 5078 437 5153 ²⁸videlieet,
456 5077 496 5152 V,
517 5075 594 5148 MA,
614 5071 688 5131 ΜΒ.
730 5065 796 5102 ²⁸⁴¹
808 5064 956 5138 condicio,
976 5065 1016 5138 V,
1037 5063 1130 5125 MSS.
1151 5083 1233 5135 var.;
1254 5058 1426 5134 conductio,
1447 5060 1522 5121 ΜΒ.
1565 5057 1592 5093 ²⁸
1603 5057 1736 5136 quidem,
1758 5058 1836 5133 MG,

247 5183 321 5254 CM,
336 5180 411 5241 MB.
448 5175 475 5210 ²⁹
486 5175 646 5247 nominati,
660 5170 729 5243 OA,
743 5168 812 5242 ΟΒ,
826 5168 893 5243 ΟΟ,
909 5167 985 5241 MA,
1001 5163 1077 5237 ΜΒ,
1092 5163 1170 5238 MG,
1186 5163 1253 5238 ΟΕ,
1269 5163 1343 5236 CM,
1360 5161 1439 5234 MC;
1457 5164 1598 5238 superius
1614 5164 1774 5236 nominati,
1789 5161 1835 5233 V;

246 5282 440 5352 innominati,
455 5275 525 5351 OG,
542 5274 619 5346 OM,
636 5271 710 5344 HA,
725 5270 766 5343 X,
783 5268 822 5329 Y.
860 5265 887 5300 ’⁰
899 5266 979 5341 Om,
996 5264 1065 5341 OB,
1082 5266 1158 5340 MA,
1176 5264 1250 5325 ΜΒ.
1290 5262 1316 5296 ¹²
1328 5262 1409 5336 om„
1426 5263 1495 5338 013,
1513 5263 1590 5338 Mn,
1608 5263 1674 5323 MA
1695 5261 1751 5340 (†
1764 5281 1835 5323 con-

246 5381 327 5461 tra).
368 5378 458 5452 ”sib
476 5375 545 5450 OB,
564 5375 640 5449 MA,
659 5370 736 5446 ΜΒ,
754 5368 829 5443 ΜΟ,
848 5367 915 5441 cii,
934 5367 979 5439 Y;
999 5371 1159 5440 intererat,
1178 5365 1244 5426 La
