4394 6342
867 467 927 527 ou
952 464 1169 528 ransorus
1770 470 1818 538 31

228 627 315 696 tum
329 627 398 696 est.
415 619 528 694 Bella
543 617 712 695 etenim²⁰
728 627 816 694 orta
830 627 920 694 sunt
937 627 975 694 et
990 616 1234 715 captivitates
1252 624 1389 692 secute
1405 626 1444 692 et
1461 622 1598 691 cetera.
1618 614 1687 692 Fit
1703 615 1820 692 etiam

230 739 325 815 liber
345 738 458 815 homo
479 764 610 814 servus
631 763 702 835 per
722 736 1000 814 confessionem
1021 737 1063 812 in
1083 736 1190 812 curia
1210 735 1340 833 regis²1
1362 734 1525 811 factam:
1548 742 1594 811 ut
1615 759 1703 810 cum
1724 734 1821 809 liber

229 857 343 933 homo
360 857 409 934 sit
426 857 467 931 in
483 857 589 933 curia
606 856 778 932 domini²²
795 856 897 954 regis
915 855 982 932 se¹⁸
1000 855 1234 954 cognoscat1⁴
1254 856 1304 931 ad
1322 854 1519 930 villanum.
1540 855 1643 932 Item
1661 854 1707 930 fit
1725 853 1821 930 liber

229 975 343 1053 homo
360 1002 503 1065 servus,
520 975 579 1052 si¹⁶
596 1001 685 1053 cum
701 976 817 1053 semel
832 974 1089 1054 manumissus
1106 975 1226 1051 fuerit
1244 974 1292 1049 ob
1309 973 1630 1071 ingratitudinem
1647 974 1687 1048 in
1705 973 1819 1049 servi·

229 1095 382 1172 tutem¹⁰
405 1103 615 1172 revocetur.
642 1098 745 1172 Item
769 1096 815 1171 fit
837 1094 1069 1171 liber‘homo
1092 1119 1235 1182 servus,
1260 1119 1347 1170 eum
1372 1093 1421 1169 ab
1444 1093 1554 1170 initio
1577 1093 1735 1170 clericus
1759 1090 1821 1168 vel

229 1217 437 1295 monachus
462 1217 582 1294 fuerit
606 1216 781 1304 effeetus,
807 1221 942 1315 postea
967 1215 1016 1291 ad
1043 1213 1251 1291 secularem
1276 1213 1397 1289 vitam
1422 1213 1589 1300 redierit,
1616 1213 1706 1311 quia
1730 1211 1819 1288 talis

229 1338 342 1414 debet
361 1337 512 1413 restitui
531 1335 687 1412 domino
707 1361 787 1411 suo.
808 1336 913 1411 Item
933 1358 1130 1410 servorum
1149 1356 1228 1408 una
1247 1331 1331 1408 est¹⁷
1354 1332 1524 1408 condicio
1546 1331 1819 1408 substantialis.

230 1455 473 1554 Quicumque
490 1455 591 1532 enim
609 1480 740 1531 servus
757 1464 815 1531 est
833 1454 890 1530 ita
905 1462 962 1531 est
979 1479 1111 1530 servus
1129 1451 1254 1528 sieut¹⁸
1272 1451 1381 1540 alius,
1399 1476 1469 1527 nee
1487 1452 1576 1551 plus
1593 1475 1663 1527 nec
1680 1452 1818 1527 minus.
1902 1529 1905 1538 .

331 1704 430 1797 Quia
444 1705 519 1782 diei
531 1703 653 1803 possit
667 1702 763 1781 liber
777 1713 815 1778 et
829 1703 914 1801 qaia
926 1702 1129 1801 ingenuos.

230 1823 361 1899 ana
374 1849 466 1900 vero
480 1833 519 1899 et
534 1824 724 1920 ingenuus
740 1823 812 1898 dici
827 1821 971 1919 poterit
987 1821 1051 1919 qui
1067 1821 1199 1897 statim
1215 1830 1259 1897 ut
1275 1827 1390 1896 natus
1406 1829 1463 1896 est
1479 1819 1575 1895 liber
1589 1827 1659 1907 est,
1677 1819 1755 1895 sive
1770 1844 1820 1894 ex

230 1942 380 2018 duobus
401 1941 529 2019 liberis
552 1951 592 2019 et
613 1941 802 2039 ingenuis,
824 1941 902 2017 sive
925 1966 973 2016 ex
997 1939 1146 2017 duobus
1169 1938 1368 2027 libertinis,
1393 1938 1533 2015 scilieet
1557 1939 1622 2037 qui
1646 1964 1694 2014 ex
1718 1939 1820 2015 iusta

230 2063 413 2141 servitute
427 2062 650 2139 manumissi
666 2070 767 2148 sunt,
783 2061 860 2137 sive
875 2086 923 2137 ex
938 2059 1105 2158 ingenuo
1121 2068 1159 2135 et
1174 2059 1297 2135 altero
1311 2058 1501 2146 libertino,
1517 2057 1595 2134 sive
1610 2056 1819 2134 nascatur²⁰

230 2209 278 2258 ex
294 2192 418 2261 matre
436 2181 575 2258 ancilla
591 2190 630 2258 et
648 2189 760 2278 patre
778 2179 909 2267 libero,
928 2179 1022 2255 dum
1038 2188 1169 2255 tamen
1186 2188 1299 2254 extra
1316 2177 1565 2275 villenagium
1583 2185 1624 2254 et
1641 2177 1683 2252 in
1700 2176 1820 2253 libero

229 2311 327 2391 toro,
351 2303 444 2377 dum
465 2311 596 2377 tamen
618 2325 667 2375 ex
689 2299 944 2376 matrimonio.
970 2300 1074 2374 Item
1097 2299 1127 2374 si
1146 2316 1200 2374 'ex
1222 2307 1347 2373 matre
1369 2297 1490 2372 libera
1513 2306 1552 2373 et
1575 2322 1685 2372 servo
1708 2304 1820 2372 extra

229 2419 528 2498 matrimonium.
552 2420 610 2495 Et
632 2418 770 2496 suffieit
791 2427 955 2496 matrem
977 2443 1057 2494 esse
1080 2416 1240 2493 liberam
1262 2415 1323 2492 vel
1344 2426 1519 2514 tempore
1541 2415 1608 2492 illo
1631 2442 1708 2514 quo
1731 2441 1818 2490 eon-

229 2541 344 2640 cepit,
367 2542 429 2617 vel
451 2537 653 2638 tempore²⁰
678 2564 755 2636 quo
778 2535 922 2637 parit,²¹
948 2537 1009 2612 vel
1034 2537 1170 2613 saltem
1193 2536 1234 2611 in
1258 2535 1384 2612 medio
1408 2535 1563 2611 illorum
1587 2545 1818 2634 temporum,

229 2659 344 2736 licet²²
362 2659 501 2736 ancilla
517 2659 624 2735 faeta
640 2657 771 2746 fuerit,
790 2657 880 2755 quia
897 2682 975 2732 non
992 2656 1106 2733 debet
1123 2655 1320 2731 calamitas
1336 2654 1471 2731 matris
1490 2655 1523 2730 ei
1541 2679 1676 2731 nocere
1696 2655 1761 2752 qui
1778 2653 1820 2730 in

229 2788 341 2856 utero
353 2787 423 2855 est.

331 2903 412 2996 Qoi
425 2902 607 2980 dieantur
622 2899 800 2978 libertini.

229 3027 375 3102 Fruar
389 3027 506 3104 etiam
519 3026 628 3102 liberi
643 3025 709 3124 qui
723 3024 904 3101 dicuntur
918 3022 1097 3112 libertini,
1114 3022 1168 3098 illi
1183 3022 1358 3099 videlicet
1373 3021 1438 3120 qui
1454 3047 1503 3099 ex
1518 3021 1620 3098 iusta
1635 3020 1819 3098 servitute

228 3144 450 3222 manumissi
467 3152 568 3221 sunt.
585 3145 644 3222 Et
658 3143 799 3220 dieitur
812 3143 1012 3219 libertinus
1028 3141 1136 3241 quasi
1151 3142 1335 3218 liberatus
1352 3167 1376 3216 a
1391 3139 1585 3218 servitute.

330 3270 411 3363 Qui
426 3270 501 3348 diei
515 3278 701 3368 poterant
717 3265 827 3346 liberi
841 3277 880 3344 et
898 3265 1115 3366 computari
1131 3264 1296 3344 debeant
1312 3266 1414 3343 irater
1430 3289 1572 3363 pueros
1589 3274 1628 3341 et
1645 3265 1712 3362 qai
1728 3287 1818 3341 ooo.

230 3390 342 3467 Itum
359 3390 424 3488 qui
439 3415 488 3466 ex
503 3390 686 3466 damnato
702 3387 806 3464 coitu
822 3394 1034 3463 nascuntur
1048 3387 1150 3462 inter
1165 3385 1303 3462 liberos
1320 3410 1399 3461 non
1414 3392 1703 3484 computantur,
1722 3383 1819 3460 sicut

228 3535 277 3586 ex
298 3507 487 3585 adulterio
508 3516 547 3585 et
567 3507 795 3584 huiusmodi.
820 3508 923 3582 Item
945 3504 1009 3604 qui
1031 3515 1167 3582 contra
1187 3505 1355 3581 formam
1376 3503 1533 3580 humani
1556 3502 1707 3602 generis
1729 3527 1818 3578 eon·

228 3653 339 3705 verso
357 3653 465 3704 more
486 3635 751 3726 procreantur,
773 3623 893 3702 veluti
915 3625 946 3702 si
968 3624 1105 3701 mulier
1126 3633 1414 3700 monstruosum
1435 3622 1531 3700 aut¹⁸
1554 3621 1818 3722 prodigiosum

229 3746 279 3823 sit
291 3747 416 3823 enixa.
432 3747 578 3823 Partus
593 3756 723 3822 autem
738 3743 832 3843 qui²⁴
845 3744 1106 3822 membrorum
1120 3742 1243 3820 officia
1258 3742 1469 3842 ampliavit,
1485 3751 1530 3820 ut
1547 3743 1579 3820 si
1594 3768 1661 3819 sex
1677 3741 1818 3840 digitos

228 3864 368 3943 babeat
389 3865 451 3941 vel
473 3863 531 3942 si²⁸
555 3873 722 3963 quatuor
743 3871 898 3941 tantum
919 3865 981 3941 vel
1003 3860 1061 3940 si²⁶
1084 3871 1240 3940 tantum
1261 3860 1422 3950 unum‚²⁷
1445 3862 1533 3940 talis
1556 3861 1658 3938 inter
1680 3861 1818 3937 liberos

228 3983 577 4061 connumerabitur.

329 4107 425 4186 Alia
440 4108 574 4187 divisio
591 4106 798 4184 hominum.

230 4232 315 4309 Esr
336 4229 493 4308 autem²⁸
515 4231 591 4309 alia
611 4231 747 4307 divisio
769 4229 993 4306 hominum²⁰
1017 4229 1120 4328 quod
1143 4229 1207 4304 alii
1231 4227 1350 4304 sunt³⁰
1372 4227 1543 4316 maseuli,
1568 4227 1631 4303 alii
1655 4226 1819 4315 feminae,

230 4350 294 4428 alii
313 4350 626 4450 hermaphroditi.
648 4352 706 4427 Et
727 4348 916 4427 differunt
937 4349 1088 4426 feminae
1108 4374 1133 4425 a
1152 4348 1329 4425 masculis
1351 4347 1391 4423 in
1410 4347 1553 4436 multis,
1575 4347 1666 4446 quia
1686 4371 1820 4423 earum

230 4470 396 4548 deterior
413 4475 471 4547 est
488 4470 659 4547 condicio
675 4495 792 4568 quam
808 4469 1077 4545 masculorum.

229 4686 256 4722 ²⁰
268 4691 360 4764 enim,
376 4687 416 4764 V,
432 4687 501 4763 OB,
518 4688 584 4748 ΟΕ.
623 4687 649 4722 ²²
661 4687 777 4749 domini
794 4691 888 4767 regis,
904 4689 982 4764 MG,
1000 4689 1075 4762 cM,
1091 4688 1132 4763 Y,
1150 4688 1222 4749 HA.
1262 4686 1289 4720 ²²
1301 4687 1382 4761 om,
1399 4687 1439 4761 V,
1457 4687 1533 4760 MA,
1552 4688 1628 4762 ΜΒ,
1649 4686 1722 4762 CM,
1742 4684 1818 4746 MG.

230 4787 300 4851 1⁸et
316 4807 359 4863 se,
375 4788 442 4865 00,
459 4791 535 4865 MA,
552 4790 624 4850 HA.
662 4788 689 4822 ²⁴
701 4796 735 4849 ut
751 4795 918 4867 eognoscat
934 4809 977 4861 se,
994 4788 1063 4862 OB,
1080 4789 1156 4864 ΜΒ,
1173 4788 1239 4849 MA
1260 4789 1311 4867 (ut
1328 4808 1405 4848 corr.
1425 4787 1492 4866 et);
1509 4794 1542 4848 et
1558 4792 1759 4866 recognoscat
1776 4805 1819 4859 se,

231 4889 269 4949 Y.
315 4888 419 4965 ²⁸sed,
442 4889 520 4963 MG,
543 4890 616 4949 CM.
662 4886 930 4964 ²⁶servttudinem,
953 4888 992 4962 V,
1017 4889 1089 4950 HA.
1135 4886 1253 4964 ¹²Om.,
1278 4888 1345 4963 LA,
1367 4888 1434 4954 ΟΕ.
1478 4886 1598 4948 ¹⁸aient
1621 4893 1664 4962 et,
1688 4887 1755 4960 GE,
1780 4886 1818 4948 Y.

230 4986 257 5023 ²⁹
269 4996 446 5063 nascantur,
464 4989 533 5064 OA,
550 4989 620 5064 ΟΒ,
638 4990 713 5065 MA,
731 4990 798 5065 CE,
817 4990 856 5063 Υ,
875 4988 941 5064 00,
960 4989 1032 5049 MC.
1073 4989 1099 5023 ²⁰
1110 4997 1249 5067 tempore
1267 4990 1332 5064 illo,
1351 4990 1432 5061 MB;
1452 5009 1521 5063 om,
1541 4987 1606 5049 (ΖΕ.
1647 4986 1673 5022 ²²
1686 4991 1820 5065 peperit,

230 5089 300 5164 OB,
319 5091 393 5151 MA.
435 5088 700 5166 22ιί,Μ(ὶ,()Μ.
741 5088 839 5166 ²'vel,
859 5091 935 5164 ΜΒ,
956 5091 1028 5151 CM.
1070 5088 1157 5150 “eui
1176 5096 1298 5164 natura,
1319 5089 1396 5163 MG,
1418 5090 1492 5164 cM,
1512 5090 1549 5162 P,
1570 5089 1644 5164 HA,
1665 5089 1732 5164 OC,
1753 5089 1820 5149 MA

234 5187 352 5265 (†cui
370 5190 512 5269 natura).
553 5187 671 5264 ²⁸Om.,
691 5190 760 5264 OB,
780 5191 856 5266 MA,
875 5192 950 5265 cM,
969 5191 1045 5253 MG.
1086 5188 1150 5224 Μ
1162 5194 1273 5265 miuus,
1292 5191 1359 5265 OC,
1378 5190 1453 5262 οΜ,
1473 5190 1556 5262 MG;
1577 5193 1603 5250 si
1622 5194 1733 5264 miuus,
1752 5189 1818 5250 LA.

230 5286 358 5365 ²¹unua,
376 5289 450 5364 OA3
468 5292 517 5352 vel
535 5309 624 5364 unus,
643 5292 679 5351 P.
719 5287 860 5365 ”etiam
878 5291 947 5364 OA,
967 5290 1041 5364 HA,
1060 5291 1138 5367 MG,
1158 5290 1225 5365 LA,
1243 5291 1323 5363 MG;
1342 5295 1415 5351 item
1433 5297 1481 5352 eat
1500 5289 1573 5366 alia,
1592 5288 1658 5352 OC.
1698 5288 1819 5365 ²⁹Om,

230 5390 299 5466 OB,
319 5392 394 5452 ΜΒ.
435 5389 650 5469 ⁸⁰Om.,MG,
671 5393 744 5454 cM.
