4392 6352
386 517 460 586 848
918 509 1142 573 BRACTON:
1164 509 1225 570 DE
1250 510 1442 574 LEGIBUS

387 660 526 749 locum,
542 659 731 737 invenerit
746 659 816 734 tibi
834 661 1034 736 duodecim
1050 660 1192 763 probos
1209 669 1249 737 et
1265 661 1408 758 legales
1426 661 1596 738 homines
1614 662 1662 739 de
1679 661 1864 739 comitatu
1881 661 1979 738 tuo²⁰

388 779 454 877 qui
480 778 755 876 manucapiant
782 777 947 855 habendi
974 805 1062 855 eum
1088 803 1218 856 coram
1244 779 1456 856 iustitiariis
1485 789 1663 868 etcetera,
1691 781 1742 856 od
1769 779 1979 858 standum²¹

387 897 520 974 reeto²²
536 898 584 974 de
599 907 724 973 morte
738 897 911 996 praedicti
926 898 976 973 B.
992 898 1095 974 unde
1111 897 1331 997 appellatus
1347 907 1417 986 est,
1433 907 1526 975 tunc
1542 900 1670 999 ipsum
1686 900 1740 975 A.
1757 901 1890 976 tradas
1907 925 1980 999 per

388 1014 572 1092 ballivum
583 1015 775 1114 praedictis
788 1014 988 1091 duodecim
1000 1015 1215 1093 hominibus
1229 1015 1423 1115 aprisona
1433 1015 1650 1105 liberatum,
1663 1018 1779 1093 modo
1793 1042 1868 1116 quo
1883 1042 1979 1117 prae-

390 1137 535 1212 dictum
554 1145 624 1224 est,
647 1145 686 1213 et
705 1135 846 1211 catalla
867 1161 937 1211 sua
957 1134 992 1211 ei
1014 1134 1133 1210 facias
1155 1133 1367 1211 deliberari.
1391 1135 1449 1210 Et
1470 1134 1610 1212 habeas
1632 1136 1683 1211 ibi
1707 1137 1863 1212 nomina
1885 1137 1979 1212 duo·

388 1253 512 1330 decim
534 1262 711 1330 eteetera.
738 1251 781 1329 Si
805 1252 890 1352 quis
913 1251 1070 1330 autem²⁸
1095 1254 1369 1351 imprisonatus
1395 1254 1513 1330 fuerit
1539 1253 1645 1330 infra
1669 1253 1886 1331 libertatem
1912 1256 1978 1331 ali·

389 1400 506 1473 quam
522 1399 595 1472 pro
611 1379 736 1449 morte
749 1372 912 1448 hominis
929 1371 990 1447 vel
1007 1370 1083 1448 alia
1099 1371 1254 1460 felonia,
1272 1381 1311 1449 et
1328 1370 1518 1449 ballivus¹⁴
1535 1371 1722 1451 libertatis
1739 1373 1857 1450 talem
1876 1374 1980 1449 forte

388 1520 468 1571 non
482 1493 749 1570 deliberaverit
763 1493 812 1568 ad
827 1492 1055 1568 mandatum
1069 1491 1310 1579 vicecomitis
1326 1498 1420 1566 tunc
1435 1491 1505 1566 fiat
1520 1490 1635 1569 breve
1650 1491 1860 1568 vicecomiti
1877 1491 1980 1590 quod

387 1638 477 1689 eum
492 1611 675 1688 deliberet
691 1635 768 1686 non
783 1609 961 1686 obstante
976 1609 1154 1686 libertate
1169 1609 1209 1684 in
1224 1610 1295 1685 hac
1310 1610 1449 1685 forma.

488 1735 536 1812 Si
557 1743 696 1834 captas
717 1733 823 1828 infra
845 1733 1062 1810 libertatern
1086 1744 1125 1811 at
1148 1733 1269 1810 dilato
1291 1733 1413 1828 fuant
1437 1733 1672 1822 deliberatio,
1697 1744 1737 1811 et
1760 1743 1898 1832 captor
1922 1744 1979 1810 ot·

490 1851 682 1929 taebiatar
694 1853 798 1952 qaod
811 1851 862 1929 sit
874 1853 926 1928 ad
938 1853 1249 1952 respondendam
1264 1876 1384 1952 quara
1398 1852 1515 1930 talam
1530 1855 1632 1952 cepit
1647 1863 1685 1930 et
1700 1853 1979 1951 impriaooovit.

389 1975 486 2052 Rux
507 1975 717 2052 vicecomiti
739 1976 913 2053 salutem.
940 1978 1043 2053 Satis
1066 1976 1266 2054 recolimus
1288 1976 1358 2053 tibi
1380 1977 1605 2077 praecepisse
1628 1977 1721 2054 alias
1745 1978 1806 2053 vel
1830 1977 1979 2075 saepius,

390 2093 494 2191 quod
505 2094 559 2170 A.
574 2095 639 2192 qui
651 2104 789 2193 captus
803 2105 861 2172 est
875 2095 981 2194 apud
993 2095 1112 2172 talem
1124 2095 1251 2172 locum
1265 2095 1370 2172 infra
1382 2095 1600 2172 libertatem
1613 2095 1702 2172 talis
1716 2105 1755 2172 et
1769 2097 1810 2170 in
1823 2096 1980 2194 prisona

389 2213 568 2290 detentus
587 2213 903 2302 deliberaretur,¹⁶
921 2213 1067 2290 desicut
1085 2222 1239 2290 nonest
1257 2223 1394 2313 captus
1412 2239 1485 2313 pro
1503 2223 1628 2292 morte
1645 2214 1807 2291 hominis
1824 2214 1886 2289 vel
1905 2213 1982 2290 ulia

389 2331 585 2408 occasione
600 2357 720 2430 quare
734 2357 812 2407 non
828 2331 877 2408 sit
892 2332 1160 2409 deliberandas
1175 2341 1215 2409 et
1230 2333 1515 2431 replegiandus,
1531 2342 1570 2410 et
1587 2332 1712 2408 adhuc
1727 2331 1767 2408 in
1784 2341 1979 2431 contemp·

389 2461 475 2529 tum
490 2451 612 2527 nostri
628 2461 667 2529 et
683 2461 819 2528 contra
834 2459 1071 2550 praeceptum
1087 2459 1264 2528 nostrum
1280 2452 1320 2526 in
1338 2450 1494 2550 prisona
1512 2451 1757 2527 nihilominus
1773 2451 1980 2538 detinetur,

390 2572 488 2648 sicut
511 2570 619 2647 nobis
643 2570 760 2646 datur
781 2569 964 2667 intelleffl',
988 2569 1057 2646 tibi
1081 2569 1323 2669 praecipimus
1347 2571 1450 2668 quod
1474 2571 1505 2646 si
1529 2570 1584 2647 ita
1608 2578 1677 2658 est,
1702 2569 1982 2646 nonobstante

390 2689 569 2766 libertate
591 2687 710 2788 ipsius
733 2689 833 2778 talis,
857 2689 897 2764 in
920 2689 1081 2788 propria
1102 2714 1267 2788 persona
1290 2696 1360 2765 tua
1383 2689 1463 2766 sine
1486 2689 1669 2765 dilatione
1694 2690 1850 2766 accedas
1875 2689 1982 2788 apud

390 2809 509 2886 talem
524 2809 662 2898 locum,
679 2817 719 2884 et
734 2807 961 2907 praedictum
977 2809 1030 2884 A.
1048 2807 1128 2885 sine
1145 2807 1327 2884 dilatione
1344 2807 1545 2883 deliberari
1563 2808 1694 2895 iacias,
1712 2833 1762 2883 ue
1779 2808 1829 2884 ad
1845 2833 1915 2883 nos
1933 2808 1981 2883 de

391 2951 436 3002 eo
451 2924 618 3002 iterato²⁸
632 2926 788 3025 querela
802 2926 1012 3025 perveniat.
1029 2927 1087 3002 Et
1103 2927 1134 3002 si
1149 2927 1198 3002 B.
1215 2952 1315 3001 uxor
1330 2926 1449 3024 ipsius
1464 2926 1518 3001 A.
1535 2926 1671 3002 fecerit
1685 2934 1724 3002 te
1742 2949 1918 3002 securum
1934 2926 1982 3001 de

391 3045 554 3123 elamio²'
573 3072 643 3122 suo
659 3045 938 3145 prosequendo,
958 3035 1083 3121 tune¹·'
1096 3070 1197 3144 pone
1216 3069 1287 3143 per
1305 3045 1462 3121 vadium
1481 3053 1520 3121 et
1539 3044 1664 3120 salvos
1682 3043 1830 3143 plegios
1850 3069 1982 3120 omnes

392 3166 551 3244 ballivos
575 3164 794 3266 praedictae²⁸
818 3164 1006 3240 libertatis
1030 3162 1146 3240 talis⁸⁰
1171 3164 1236 3262 qui
1262 3164 1314 3239 sic
1339 3162 1448 3240 illum
1472 3163 1514 3238 in
1538 3164 1695 3262 prisona
1720 3163 1981 3250 detinuerunt,

393 3289 496 3387 quod
523 3286 600 3364 sint
626 3311 754 3361 coram
780 3292 958 3371 etoetera,
985 3283 1035 3358 ad
1062 3282 1374 3380 respondendum
1401 3280 1613 3381 praedicto⁸¹
1640 3282 1693 3357 A.
1722 3281 1771 3356 de
1799 3281 1984 3380 praedicta

391 3403 694 3502 transgressione
712 3411 752 3479 et
768 3402 1120 3500 imprisonamento.
1141 3401 1198 3476 Et
1216 3399 1356 3476 habeas
1375 3408 1552 3478 etcetera
1572 3402 1690 3477 Teste
1709 3409 1887 3477 etcetera.

491 3529 539 3606 Si
553 3527 710 3603 clericas
725 3536 863 3624 captas
877 3525 998 3620 faerit
1013 3549 1086 3624 pro
1103 3533 1226 3602 morte
1241 3523 1403 3600 bominis
1419 3535 1458 3601 et
1472 3533 1633 3622 potator
1649 3525 1756 3602 caria
1771 3521 1982 3600 chardari-

493 3645 586 3722 tatis
601 3646 650 3721 de
667 3669 724 3733 eo,
742 3643 908 3744 qualiter
924 3644 1219 3720 committendas
1237 3643 1309 3720 erit
1329 3644 1521 3742 episcopo,
1540 3653 1578 3720 et
1597 3641 1763 3741 qualiter
1782 3643 1984 3742 episcopas

493 3764 630 3842 debeat
647 3789 735 3842 eam
751 3763 953 3840 crutodira.

394 3889 500 3966 Con
525 3914 616 3965 vero
640 3888 798 3965 clericus
822 3888 1093 3985 cuiuscumque
1119 3885 1262 3962 ordinis
1287 3887 1349 3962 vel
1375 3885 1575 3984 dignitatis
1600 3894 1738 3985 captus
1765 3886 1884 3962 fuerit
1911 3911 1985 3985 pro

393 4015 517 4084 morte
543 4005 706 4082 hominis
732 4005 792 4081 vel
819 4005 894 4081 alio
919 4005 1076 4080 crimine
1102 4013 1141 4081 et
1167 4003 1454 4103 imprisonatus,
1480 4014 1520 4080 et
1546 4005 1595 4080 de
1621 4029 1667 4079 eo
1692 4012 1852 4102 petatur
1878 4004 1986 4080 curia

393 4125 680 4204 christianitatis
698 4125 747 4200 ab
764 4123 958 4200 ordinario
974 4123 1058 4211 loci,
1078 4122 1176 4199 sicut
1193 4121 1478 4221 archiepiscopo
1494 4123 1556 4199 vel
1574 4123 1754 4222 episcopo
1772 4124 1833 4199 vel
1852 4149 1986 4200 eorum

392 4245 571 4322 officiali⁸¹
590 4246 651 4322 vel
670 4244 753 4322 aliis
772 4245 921 4320 litteras
941 4243 1213 4343 praedictorum
1232 4242 1505 4332 deferentibus,
1527 4243 1801 4342 imprisonatus
1822 4244 1887 4320 ille
1908 4254 1984 4321 sta·

393 4365 465 4444 tim
493 4366 546 4442 eis
575 4365 760 4440 liberetur
787 4361 868 4440 sine
897 4361 1027 4459 aliqua
1055 4361 1298 4458 inquisitione
1328 4362 1417 4437 inde
1449 4361 1638 4450 facienda,
1669 4386 1748 4437 non
1778 4371 1909 4439 tamen
1939 4371 1986 4438 ut

394 4487 551 4564 omnino
575 4481 861 4562 deliberentur⁸⁸
883 4482 945 4557 vel
968 4479 1184 4578 vagantes⁸⁴
1208 4480 1312 4557 sint⁸⁵
1336 4507 1407 4581 per
1433 4482 1612 4578 patriam,
1637 4484 1704 4559 sed
1729 4483 1834 4559 salvo
1859 4493 1984 4561 custo·

395 4603 580 4682 diantur⁸⁶
594 4604 655 4680 vel
668 4603 709 4677 in
723 4602 880 4701 prisona
893 4599 1062 4698 episcopi
1077 4599 1139 4674 vel
1153 4599 1272 4699 ipsius
1289 4598 1402 4698 regis,
1418 4601 1448 4677 si
1464 4600 1707 4677 ordinarius⁸'
1723 4602 1794 4676 hoc
1808 4602 1985 4692 voluerit,

396 4823 514 4898 ¹⁰Om.,
536 4821 605 4897 OB,
627 4820 703 4893 MA,
726 4819 800 4879 ΜΒ.
844 4815 1179 4894 ²¹¹²¹reapondcndum,
1202 4817 1269 4892 CB,
1292 4817 1365 4876 CM.
1412 4815 1438 4850 ²²
1450 4816 1530 4893 Om,
1553 4819 1623 4894 OB,
1646 4820 1722 4894 MA,
1746 4821 1821 4882 ΜΒ.
1867 4819 1987 4897 ²⁸0m,

395 4925 464 4999 OB,
482 4922 558 4997 MA,
577 4923 654 4996 ΜΒ,
671 4919 737 4994 ΟΕ,
755 4919 828 4980 CM.
867 4916 894 4951 ¹⁴
905 4915 1039 4994 ballivis,
1057 4919 1135 4991 MG,
1154 4918 1228 4992 CM,
1247 4918 1323 4992 MA,
1340 4917 1410 4993 OB,
1430 4920 1511 4992 MB;
1530 4919 1671 4997 ballivos,
1690 4921 1756 4983 OC.
1798 4919 1987 4983 ²⁸delrbere·

394 5033 458 5101 tur,
481 5024 551 5098 OB,
574 5023 651 5096 MA,
674 5021 751 5095 ΜΒ,
775 5020 854 5093 CM;
877 5018 1073 5094 liberaretur,
1098 5019 1170 5090 003
1195 5016 1362 5080 deliberari
1386 5019 1518 5095 iaceres,
1542 5020 1580 5081 V.
1627 5019 1786 5099 ¹⁸iterum,
1812 5024 1887 5097 cM,
1911 5024 1985 5096 00;

400 5123 501 5204 (quer.
517 5127 640 5198 iterata,
657 5119 755 5198 MG).
793 5117 820 5154 ¹²
831 5118 975 5195 clamore,
990 5118 1030 5192 V,
1046 5117 1126 5192 MC;
1142 5118 1243 5195 elam,
1259 5119 1353 5182 MSS.
1369 5140 1434 5180 var.
1473 5118 1539 5154 ’Μ’
1550 5120 1638 5184 clam.
1656 5130 1714 5184 etc.
1732 5131 1817 5199 tune,
1834 5125 1902 5200 OA,
1920 5125 1988 5200 LA,

396 5225 464 5300 OC,
481 5226 519 5287 Y.
558 5222 624 5258 ²⁹⁴⁰
635 5222 776 5302 predicti
792 5221 876 5298 talis,
893 5219 963 5295 oA,
979 5219 1046 5296 LA,
1061 5218 1130 5293 OC,
1148 5221 1177 5282 Y
1199 5220 1294 5298 (corr.
1312 5227 1388 5299 pte
1404 5221 1459 5282 lib.
1477 5221 1570 5301 tal.);
1589 5224 1729 5302 predicti
1747 5224 1802 5287 lib.
1820 5227 1887 5304 tal,
1905 5227 1986 5301 MC;

395 5327 464 5404 tal,
480 5327 556 5389 MG.
594 5324 621 5360 ⁸²
632 5324 776 5403 prefato,
794 5323 861 5399 LA,
876 5323 916 5395 Y,
933 5323 1007 5383 MC.
1046 5320 1073 5354 ⁸²
1085 5321 1199 5396 officiis,
1216 5322 1299 5394 MG;
1317 5322 1402 5398 offic,
1420 5322 1514 5385 MSS.
1532 5344 1596 5386 var.
1636 5323 1662 5358 ⁸³
1673 5324 1872 5402 deliberetur,
1889 5329 1928 5404 V,
1945 5328 1987 5403 Y,

398 5429 476 5505 MG,
490 5427 557 5490 OC.
595 5423 660 5460 '⁴⁵⁸⁶
672 5444 789 5503 vagans
805 5426 857 5496 sit,
873 5421 940 5497 OC,
956 5421 996 5496 Y,
1012 5421 1051 5483 V.
1089 5419 1116 5454 ⁸⁸
1127 5419 1329 5498 custodiatur,
1346 5423 1386 5499 V,
1402 5423 1470 5498 OC,
1486 5424 1525 5485 Y.
1563 5423 1591 5458 ⁸²
1601 5425 1756 5502 ordinare,
1775 5429 1853 5502 MG,
1870 5429 1944 5491 CM.
