4432 6336
378 492 451 560 160
908 485 1130 548 BRAC'I'ON:
1152 486 1214 547 DE
1236 487 1430 550 LEGIBUS

376 635 482 712 aliud
502 636 595 712 dare
615 635 916 714 advocationem.
938 635 1048 713 Laiei
1067 645 1199 714 tamen
1220 639 1430 715 secundum
1451 663 1693 716 communem
1713 665 1826 718 usum
1847 667 1965 740 prop·

375 761 437 830 ter
458 779 592 831 eorum
614 753 898 854 simplicitatem
920 755 1016 833 dant
1037 755 1224 845 ecclesias,
1248 757 1351 856 quod
1374 756 1468 833 nihil
1492 756 1598 834 aliud
1620 767 1679 836 est
1702 757 1826 836 dicere
1850 785 1967 858 quam

376 880 620 970 prasentare.
647 871 790 950 Laieus
816 873 965 970 igitru¹⁸
991 881 1200 973 presentat
1226 875 1278 951 ad
1305 873 1501 952 ecclesiam
1527 885 1730 952 vacantem
1756 877 1966 956 secundum

376 990 479 1089 quod
498 991 735 1068 construitur
753 989 896 1090 lignis²⁴
916 1002 955 1069 et
974 991 1179 1091 lapidibus,
1199 1003 1244 1070 ut
1264 1002 1519 1092 presentatus
1539 993 1762 1071 ecelesiam²⁸
1783 1005 1906 1094 regat,
1927 1006 1966 1074 et

374 1107 577 1207 episcopus
596 1108 708 1186 eam¹⁶
726 1109 806 1199 dat,
825 1109 966 1188 scilicet
984 1119 1260 1210 presentatum
1279 1111 1450 1190 admittit
1468 1114 1519 1190 ed
1538 1113 1710 1212 regimen
1728 1123 1768 1191 et
1786 1113 1964 1192 instituit.

378 1230 421 1306 Si
445 1237 575 1306 autem
596 1229 775 1306 dominus
797 1228 911 1305 fundi
935 1230 1225 1307 advocationem
1248 1230 1409 1321 dederit,
1433 1231 1574 1309 seilicet
1597 1232 1694 1308 illud
1717 1232 1777 1310 ius
1800 1257 1965 1332 praesen·

374 1347 496 1436 tandi,
514 1347 620 1424 aliud
636 1348 721 1425 erit.
741 1347 784 1424 Si
802 1347 886 1446 quis
903 1357 1034 1425 autem
1051 1349 1298 1426 donationem
1316 1350 1451 1427 feeerit
1468 1350 1559 1428 viris
1578 1350 1775 1449 religiosis,
1794 1361 1834 1429 et
1853 1352 1965 1428 dede·

375 1465 428 1542 rit
440 1467 493 1544 eis
507 1465 703 1544 ecclesiam
716 1467 771 1543 ita
785 1467 888 1566 quod
902 1466 1008 1543 illam
1021 1466 1189 1545 habeant
1203 1468 1243 1543 in
1256 1467 1436 1568 proprios
1450 1493 1555 1558 usus,
1570 1470 1623 1546 sie
1638 1470 1848 1547 remanebit
1864 1469 1965 1547 illisss

375 1583 533 1662 ecclesia
550 1585 848 1684 imperpetuum.
871 1585 949 1662 Sed
967 1583 1127 1662 tamen¹⁸
1146 1586 1205 1663 ius
1225 1587 1485 1664 advocationis
1505 1587 1555 1663 ad
1575 1587 1660 1666 illos
1680 1613 1759 1665 non
1777 1589 1965 1666 transfer·

376 1714 453 1792 tur,
481 1703 571 1803 quia
596 1703 654 1781 ius
681 1704 941 1782 advocationis
967 1729 1119 1804 semper
1144 1712 1318 1782 remanet
1344 1731 1432 1782 cum
1458 1715 1637 1805 patrono,
1663 1717 1704 1785 et
1730 1709 1833 1784 unde
1859 1707 1966 1784 illam

375 1821 536 1898 ulterius
558 1822 735 1899 conferre
756 1847 835 1898 non
856 1831 1042 1922 poterunt
1065 1823 1177 1900 alicui
1199 1822 1347 1914 clerico,
1370 1849 1458 1900 cum
1480 1825 1540 1900 ius
1563 1824 1822 1902 advocationis
1845 1835 1884 1903 et
1908 1825 1966 1902 ius

374 1941 634 2039 praesenundi
653 1965 804 2040 semper
822 1951 1020 2019 remaneat
1039 1967 1127 2018 cum
1146 1950 1324 2041 patrono.
1348 1942 1391 2019 Si
1410 1953 1541 2020 autem
1561 1942 1614 2020 eis
1635 1937 1783 2022 dederit
1802 1943 1887 2043 quis
1907 1944 1966 2020 ius

376 2061 635 2138 advocationis
652 2059 811 2136 alicuius
827 2059 1002 2150 ecclesiae,
1020 2059 1094 2160 ipsi
1110 2061 1159 2137 de
1175 2060 1304 2159 gratia
1321 2071 1360 2138 et
1378 2061 1662 2160 dispensatione
1680 2070 1864 2162 poterunt
1882 2087 1967 2140 eam

376 2181 417 2258 in
439 2181 619 2282 proprios
642 2207 734 2259 usus
758 2181 935 2271 retinere,
958 2181 1019 2258 vel
1044 2182 1094 2258 ad
1117 2207 1203 2258 eam
1227 2191 1472 2281 praesentare,
1497 2191 1536 2258 et
1560 2184 1620 2261 ius
1644 2183 1902 2260 advocationis
1927 2192 1967 2260 et

375 2309 628 2400 patronatum
644 2300 714 2376 sibi
728 2300 904 2378 retinere.
922 2299 1059 2378 Habet
1074 2310 1206 2378 tamen
1221 2299 1438 2378 huiusmodi
1454 2301 1611 2378 donatio
1628 2327 1676 2378 ex
1693 2302 1967 2378 consuetudine

306 2409 320 2433 '
376 2427 416 2496 et
433 2420 571 2497 abusu
588 2420 703 2496 aliam
719 2418 1078 2518 interpretationem
1095 2428 1134 2496 et
1151 2420 1269 2495 alium
1286 2418 1535 2508 intellectum,
1553 2427 1598 2495 ut
1616 2421 1648 2496 si
1665 2421 1767 2497 dicat
1785 2420 1881 2519 quis,
1899 2421 1967 2496 Do

378 2538 495 2617 tulero
519 2537 713 2615 ecelesiam
738 2536 880 2615 talibas
902 2537 993 2615 viris
1016 2536 1214 2637 relipioair,
1238 2539 1303 2612 ubi
1328 2538 1561 2614 mentionem
1586 2539 1715 2615 facere
1739 2539 1894 2617 deberet
1918 2538 1967 2615 de

377 2657 638 2745 advocatione,
654 2654 793 2734 suffieit
806 2655 964 2733 donatio
979 2655 1068 2733 talis
1084 2665 1273 2756 quantum
1288 2658 1338 2732 ad
1353 2656 1441 2733 ius¹⁹
1457 2657 1716 2734 advocationis
1730 2657 1966 2734 transferen-

377 2776 510 2866 dum‚¹⁰
536 2787 575 2855 et
599 2783 762 2876 propter
786 2774 1071 2874 simplieitatem
1094 2775 1280 2851 laieorum
1305 2775 1597 2875 interpretatur,
1623 2776 1727 2875 quod
1752 2775 1870 2852 laicus
1897 2801 1968 2874 per

376 2896 455 2972 boee
471 2895 590 2972 verba
605 2895 675 2973 dat
692 2893 878 2993 quidquid
895 2893 988 2971 iuris
1006 2894 1122 2971 habet
1140 2893 1181 2968 in
1199 2892 1356 2970 ecclesia
1372 2893 1451 2982 illa,
1471 2894 1611 2971 seilicet
1629 2894 1689 2970 ius
1709 2893 1967 2972 advocationis

378 3013 492 3091 simul
516 3039 604 3090 cum
630 3012 798 3102 ecclesia,
825 3014 1034 3091 secundum
1060 3012 1163 3111 quod
1188 3011 1351 3088 inveniri
1377 3013 1522 3112 poterit
1549 3012 1786 3089 determino
1816 3013 1968 3089 Sanctae

377 3133 407 3209 f.
422 3132 517 3225 sab]
574 3131 790 3220 Trinitatis,
815 3155 917 3206 anno
941 3130 1070 3228 regim
1096 3130 1261 3207 Henrici
1286 3141 1437 3230 quarto,
1462 3132 1648 3208 comitatu
1673 3130 1895 3220 Lincolniae,
1919 3131 1968 3206 de

377 3250 534 3328 ecclesia
552 3251 600 3328 de
617 3248 824 3350 Wyclive²²
843 3250 936 3326 data
954 3248 1073 3348 priori
1091 3249 1139 3326 de
1157 3249 1363 3350 Markeby.

479 3371 659 3466 Qualiter
673 3372 759 3471 quie
772 3372 832 3449 uti
846 3371 984 3449 debeat
998 3373 1183 3449 servitute
1198 3374 1238 3450 io
1255 3396 1459 3449 commuue
1473 3381 1655 3472 portare.

379 3495 491 3570 ITEM
511 3493 720 3570 videndum
740 3493 905 3593 qualiter
925 3494 1009 3593 quis
1029 3496 1087 3570 uti
1108 3493 1245 3570 debeat
1264 3495 1347 3571 iure
1368 3494 1438 3572 sibi
1460 3520 1636 3572 concesso
1658 3495 1708 3571 ad
1728 3493 1969 3572 retinendam

378 3613 654 3712 possessionem
678 3622 717 3690 et
740 3612 832 3689 iuris
857 3614 917 3690 sui
942 3612 1249 3689 declarationem.
1275 3614 1334 3689 Et
1358 3613 1486 3713 primo
1510 3615 1558 3689 de
1583 3612 1841 3700 servitutibus,
1866 3621 1912 3688 ut
1937 3612 1969 3688 si

378 3731 440 3806 cui
458 3733 690 3808 concedatur
708 3732 748 3806 in
767 3731 890 3808 alieno
908 3731 967 3807 ius
986 3731 1179 3831 pascendi,
1199 3731 1330 3809 statim
1349 3757 1437 3808 cum
1456 3731 1578 3831 possit
1597 3729 1808 3808 immittat²⁸
1829 3755 1970 3830 pecora

379 3877 460 3940 sua,
477 3877 599 3928 unum
616 3850 677 3927 vel
694 3852 821 3950 plura,
839 3859 878 3927 et
896 3876 967 3950 per
983 3850 1054 3925 hoe
1071 3849 1250 3927 retinebit
1268 3850 1445 3927 saisinam
1465 3876 1585 3927 suam.
1607 3850 1744 3926 Unum
1762 3850 1858 3939 dico,
1877 3848 1968 3948 quia

379 3970 410 4047 si
429 3969 507 4046 ad²⁴
525 3971 641 4070 plura
658 3995 779 4068 usque
799 3971 848 4045 ad
868 3969 983 4058 mille,
1003 3969 1063 4046 vel
1084 3969 1165 4046 sine
1183 3992 1355 4057 numero,
1376 3967 1514 4046 sufficit
1534 3969 1585 4045 ad
1605 3967 1782 4045 seisinam
1802 3967 1967 4045 retinen·

379 4092 470 4168 dam
486 4092 517 4168 si
533 4090 689 4167 unicum
706 4089 901 4166 immittat.
921 4090 1025 4164 Item
1042 4087 1074 4164 si
1091 4087 1150 4165 ius
1168 4088 1349 4187 pascendi
1368 4114 1439 4186 per
1454 4095 1582 4164 totum
1601 4086 1769 4163 fundum
1786 4085 1967 4161 conceda·

377 4220 455 4300 tur,
473 4209 611 4287 sufficit
628 4209 677 4285 ad
694 4207 870 4285 saisinam
887 4207 1128 4283 retinendam
1144 4233 1215 4306 per
1230 4214 1358 4282 totum
1377 4206 1544 4282 fundum
1563 4206 1594 4281 si
1611 4205 1767 4282 unicum
1785 4204 1969 4281 immittat

378 4356 424 4408 eo
445 4330 572 4408 animo
591 4339 637 4407 ut
658 4355 729 4428 per
750 4337 877 4406 totum
898 4337 1050 4428 pascat:
1074 4326 1177 4426 quod
1199 4326 1353 4426 quidem
1375 4327 1406 4403 si
1428 4327 1462 4402 ei
1484 4326 1713 4426 permissum
1735 4351 1814 4401 non
1836 4325 1968 4412 fuerit,

379 4448 482 4548 quod
500 4448 558 4525 uti
575 4473 654 4523 non
671 4447 792 4547 possit
811 4447 965 4523 omnino
982 4445 1043 4522 vel
1060 4447 1269 4534 commode,
1287 4444 1472 4544 competit
1491 4445 1525 4521 ei
1545 4445 1663 4521 assisa
1681 4469 1789 4520 novae
1807 4442 1967 4520 disseisi-

379 4591 449 4655 nae,
464 4566 552 4643 licet
567 4559 708 4641 antea²⁸
723 4590 816 4641 usus
832 4589 911 4640 non
925 4564 1045 4641 fuerit
1060 4565 1101 4640 in
1116 4565 1290 4652 veritate,
1307 4571 1470 4663 propter
1485 4562 1594 4662 quasi
1612 4563 1786 4639 saisinam
1804 4570 1843 4638 et
1860 4561 1968 4660 quasi

378 4710 493 4761 usum
511 4709 560 4760 ex
579 4683 706 4783 prima
725 4682 925 4759 voluntate
945 4683 1197 4759 concedentis.
1220 4683 1278 4760 Et
1298 4707 1386 4759 cum
1407 4681 1459 4758 sie
1479 4682 1519 4758 in
1540 4680 1702 4758 veritate
1722 4706 1813 4757 usus
1836 4679 1967 4769 fuerit,

378 4901 405 4938 ²⁸
416 4907 508 4980 enim,
522 4903 591 4978 OB,
606 4903 682 4977 MA,
697 4902 773 4976 ΜΒ,
788 4902 855 4979 CE,
869 4902 909 4976 Y,
925 4903 998 4963 CM.
1034 4899 1062 4935 ¹⁴
1073 4921 1110 4962 ex
1124 4902 1231 4980 lignis,
1245 4901 1284 4977 V,
1299 4901 1365 4963 OC.
1403 4898 1429 4933 ²⁵
1441 4921 1518 4974 eam,
1534 4900 1603 4976 OB,
1620 4899 1696 4975 MA,
1712 4899 1788 4972 ΜΒ,
1805 4899 1871 4974 CE,
1888 4898 1967 4970 cM;

378 5003 631 5080 eamecclesiam,
649 5004 721 5064 MC.
760 5002 787 5037 ²⁰
799 5004 879 5079 Om,
896 5003 965 5078 OA,
982 5003 1048 5077 LA,
1065 5003 1132 5079 OC,
1149 5004 1225 5065 MG.
1265 5000 1291 5036 ²⁷
1304 5007 1359 5076 eis,
1376 5002 1446 5077 OB,
1464 5002 1540 5077 MA,
1559 5001 1635 5076 ΜΒ,
1653 5002 1726 5062 CM.
1765 4997 1882 5076 18οιιιῃ,
1899 5000 1968 5075 OA,

378 5105 445 5179 LA,
463 5104 531 5181 OC,
548 5106 618 5182 OB,
637 5105 705 5180 OE,
724 5106 799 5181 CM,
817 5106 891 5166 MC.
932 5103 998 5138 ²⁰⁴⁰
1009 5108 1078 5165 iura
1097 5104 1306 5166 advocationis
1325 5101 1554 5178 transferenda,
1574 5102 1644 5177 OB,
1664 5104 1730 5163 MA
1754 5100 1968 5179 (transferri),

378 5206 455 5282 ΜΒ,
467 5206 534 5282 CE,
547 5207 620 5266 cM.
655 5204 680 5240 ²²
693 5210 783 5284 regni
794 5210 889 5285 regis,
900 5206 940 5280 V,
951 5207 1018 5283 OC,
1030 5207 1069 5267 Y.
1103 5203 1130 5238 ¹²
1141 5205 1313 5284 Wyehyne,
1325 5205 1485 5283 Wiclyme,
1498 5204 1676 5281 Wbiehene,
1689 5203 1821 5279 Widnie,
1836 5203 1969 5277 Widine,

378 5305 511 5385 Wydon,
529 5306 622 5368 MSS.
640 5327 705 5368 var.
745 5305 772 5341 ²⁸
783 5311 931 5383 immittit,
948 5308 988 5381 V,
1007 5308 1082 5381 CM,
1101 5308 1167 5369 OC.
1206 5305 1325 5382 ’‘Om,
1343 5309 1412 5384 OB,
1432 5308 1508 5382 MA,
1528 5309 1603 5369 ΜΒ.
1644 5307 1762 5383 ²⁵0m.,
1782 5307 1864 5379 MG;
1885 5312 1967 5379 ante,

379 5406 600 5482 OO;omnino,
615 5408 681 5468 LA.
