4432 6336
638 487 699 547 DE
722 487 1025 560 ADQUIRENDO
1048 488 1206 550 RERUM
1229 488 1431 551 DOMINIO
1760 499 1830 565 151

242 647 405 738 propter
419 663 533 714 usum
550 638 598 714 de
614 638 825 727 hundredo,
842 640 909 715 ubi
925 639 1117 716 Ricardus
1135 639 1260 717 frater
1275 639 1422 737 Rogeri
1440 640 1606 716 donator
1622 665 1833 739 numquam

242 757 396 833 recessit
416 782 441 832 a
460 765 566 832 terra
586 756 636 833 ad
657 783 774 856 quam
794 758 1037 834 hundredum
1058 758 1257 856 pertinuit.
1281 758 1339 835 Et
1361 767 1419 834 est
1441 757 1581 834 solutio
1601 767 1647 834 ut
1667 759 1832 848 videtur,

242 876 345 973 quod
365 874 396 950 si
417 875 529 952 simul
548 884 712 952 utantur
730 876 771 952 in
791 875 994 975 principali
1013 877 1140 953 valere
1160 901 1239 952 non
1259 877 1397 954 debeat
1418 877 1586 966 donatio,
1608 877 1731 954 multo
1752 879 1832 953 for·

241 992 319 1068 tius
333 993 461 1070 valere
475 1019 554 1070 non
569 993 707 1071 debeat
722 994 753 1071 si
769 995 934 1071 donator
949 996 990 1070 in
1006 995 1210 1095 principali
1226 1005 1266 1071 et
1281 995 1505 1072 donatarius
1522 997 1562 1072 in
1579 996 1831 1095 pertinentiis,

241 1138 330 1189 cum
344 1113 557 1213 principale
573 1113 623 1189 sit
637 1123 757 1212 caput
772 1123 811 1190 et
827 1113 1023 1212 pertinens
1038 1113 1264 1203 membrum,
1283 1124 1321 1191 et
1337 1122 1545 1213 utrumque
1561 1115 1663 1191 idem
1679 1138 1832 1214 corpus,

242 1241 281 1309 et
295 1232 348 1308 sio
360 1241 528 1308 utuntur
541 1231 654 1308 simul
668 1231 709 1307 in
722 1257 800 1308 uno
815 1257 976 1331 corpore
990 1234 1094 1331 quod
1107 1243 1166 1310 est
1181 1233 1266 1332 ipsa
1280 1259 1340 1308 res
1356 1232 1506 1330 integre
1521 1234 1624 1310 data.
1644 1233 1686 1310 Si
1703 1243 1833 1310 autem

241 1351 399 1426 diversae
418 1359 544 1427 essent
565 1375 636 1438 res,
657 1360 697 1426 et
718 1375 882 1448 quarum
903 1349 1037 1426 nulla²⁴
1059 1349 1173 1426 aliam
1193 1350 1384 1449 contingit
1406 1361 1444 1428 et
1466 1351 1579 1428 simul
1601 1352 1712 1440 datoe,
1733 1361 1778 1428 ut
1801 1351 1832 1428 si

242 1469 404 1557 dicatur,
422 1469 491 1547 Do
510 1468 580 1547 tibi
598 1468 715 1546 talem
734 1494 815 1546 rem
834 1479 873 1546 ct
891 1470 1022 1558 talem,
1041 1469 1147 1545 aliud
1165 1470 1250 1558 erit,
1269 1469 1331 1546 vel
1350 1470 1381 1546 si
1402 1469 1514 1569 quis'⁸
1534 1469 1730 1569 aliquam²⁸
1751 1497 1832 1548 rem

240 1587 391 1665 dederit
409 1612 497 1664 cum
515 1587 757 1686 pertinentiis
776 1596 928 1664 retenta
948 1588 1017 1664 sibi
1037 1597 1191 1666 tantum
1212 1588 1341 1687 aliqua
1360 1597 1483 1688 parte.
1507 1589 1601 1665 Non
1620 1590 1722 1666 enim
1743 1615 1832 1689 pro·

242 1707 327 1784 dest
344 1707 545 1783 donatario
562 1706 719 1783 donatio
735 1708 796 1783 vel
812 1731 904 1782 usus
921 1732 1012 1783 suus
1030 1708 1070 1782 in
1088 1708 1217 1805 aliqua
1235 1717 1346 1806 parte
1363 1708 1418 1783 rei
1437 1709 1599 1796 donata,
1618 1709 1650 1785 si
1668 1710 1833 1784 donator

241 1834 377 1902 utatur
391 1826 432 1901 in
448 1834 560 1924 parte
576 1825 715 1924 aliqua,
732 1825 810 1902 sive
827 1826 940 1901 simul
956 1826 1034 1902 sive
1051 1826 1225 1915 vicissim,
1243 1826 1284 1901 in
1299 1852 1378 1901 una
1395 1826 1509 1903 domo
1526 1827 1588 1902 vel
1605 1826 1774 1916 diversis,
1791 1827 1832 1902 in

241 1972 319 2023 uno
337 1946 421 2022 loco
439 1945 499 2022 vel
518 1945 688 2034 diversis,
707 1970 791 2044 quae
810 1955 901 2022 sunt
920 1944 967 2021 de
986 1970 1147 2043 corpore
1166 1945 1227 2020 vel
1246 1943 1513 2045 pertinentiis²²
1534 1945 1590 2021 rei
1609 1945 1721 2034 data,
1742 1946 1833 2045 quia

241 2066 407 2142 donator
424 2064 594 2142 animum
611 2063 751 2141 habere
768 2064 882 2140 debet
898 2073 944 2140 ut
961 2072 1089 2141 totum
1107 2064 1321 2140 transferat
1339 2074 1378 2140 et
1397 2062 1621 2140 donatarius
1640 2073 1686 2139 ut
1704 2072 1832 2141 totum

240 2182 412 2282 recipiat,
433 2192 578 2260 etcum
597 2191 759 2281 uterque
777 2191 925 2272 utatur,
946 2183 1111 2259 donator
1129 2208 1201 2281 per
1218 2208 1332 2259 usum
1352 2208 1464 2259 suum
1484 2191 1611 2260 totum
1632 2182 1771 2259 retinet
1792 2190 1832 2258 et

241 2303 464 2381 donatarius
486 2328 558 2401 per
578 2328 692 2379 usum
713 2327 825 2378 suum
847 2301 941 2377 nihil
963 2301 1191 2400 adquirit>
1218 2302 1321 2378 Item
1344 2301 1375 2377 si
1398 2302 1529 2378 statim
1552 2311 1591 2378 et
1614 2303 1747 2378 eodem
1770 2302 1831 2377 die

242 2448 318 2522 quo
342 2422 497 2499 recessit
520 2420 645 2520 quis,²⁸
668 2421 730 2496 vel
754 2420 795 2496 in
817 2420 996 2509 crastino,
1021 2427 1250 2508 revertatur,
1274 2419 1484 2518 hospitium
1509 2420 1708 2496 caritative
1734 2421 1830 2519 peti-

240 2551 318 2630 tur,
338 2540 548 2618 secundum
567 2541 671 2638 quod
689 2539 730 2615 in
749 2549 862 2638 parte
881 2538 1022 2615 dicitur
1042 2538 1229 2637 superius,
1250 2547 1290 2616 et
1310 2539 1497 2616 admissus
1518 2547 1654 2615 utatur
1675 2539 1832 2615 fruatur

240 2670 285 2737 ut
301 2661 409 2760 prius
424 2658 491 2736 et²⁰
506 2685 545 2736 se
559 2659 729 2757 gerendo
744 2667 789 2735 ut
805 2658 993 2747 dominus,
1009 2657 1098 2734 lieet
1113 2682 1204 2734 voce
1220 2656 1480 2756 profiteatur³⁰
1496 2657 1744 2746 contrarium,
1761 2683 1833 2756 per

241 2779 312 2855 hoc
331 2780 484 2856 videtur
504 2779 607 2877 quod
630 2777 680 2853 a⁸²
702 2775 866 2853 seisina⁸²
888 2775 1015 2852 animo
1036 2801 1114 2852 non
1135 2775 1306 2852 recessit:
1329 2786 1369 2852 et
1389 2777 1493 2852 unde
1514 2777 1545 2852 si
1566 2776 1623 2852 ita
1644 2776 1831 2853 admissus

242 2900 359 2977 alium
376 2901 480 2977 forte
495 2898 717 2976 feoffaverit
733 2898 795 2973 vel
810 2897 1055 2973 donatarium
1070 2896 1232 2984 eiecerit,
1251 2896 1474 2972 donatarius
1491 2922 1562 2995 per
1579 2896 1736 2973 assisam
1753 2921 1832 2973 non

242 3020 272 3096 f.
288 3021 357 3113 50]
412 3017 665 3118 recuperabit.
692 3018 735 3094 Si
758 3026 889 3094 autem
911 3017 982 3093 hoe
1004 3016 1139 3094 fecerit
1163 3027 1253 3116 post
1275 3017 1436 3115 longum
1460 3015 1717 3106 intervallum,
1742 3027 1832 3117 post

242 3166 387 3218 annum
402 3139 462 3216 vel
479 3140 580 3239 post1
598 3139 804 3227 biennium,
821 3141 914 3214 dum
929 3147 1062 3215 tamen
1077 3137 1164 3214 finis
1182 3148 1220 3215 et
1238 3139 1490 3235 cirograffum
1507 3139 1548 3214 in
1565 3138 1671 3213 curia
1688 3138 1831 3214 domini

241 3261 343 3360 regis
358 3259 619 3348 intervenerit,
634 3259 833 3336 donatore²
849 3265 962 3335 extra
976 3259 1153 3336 saisinam
1168 3258 1382 3346 existente,⁸
1399 3259 1504 3336 aliud
1520 3259 1610 3336 erit:
1627 3260 1700 3336 erit
1715 3259 1833 3336 etiam

243 3383 353 3481 quasi
378 3408 500 3460 novus
526 3390 757 3470 contractus,
783 3405 871 3457 cum
898 3389 1066 3458 veterem
1092 3405 1171 3457 non
1196 3388 1336 3478 tangat
1363 3380 1621 3457 donationem.
1650 3380 1708 3458 Et
1736 3379 1832 3456 illud

243 3504 345 3579 idem
362 3502 437 3577 dici
454 3501 598 3602 posset‘
616 3503 647 3578 si
665 3509 777 3578 extra
794 3501 940 3578 curiam
958 3501 1104 3599 regiam
1124 3527 1195 3600 per
1214 3502 1328 3579 aliam
1347 3502 1578 3601 scripturam
1599 3502 1678 3578 sine
1698 3503 1775 3577 fine
1794 3511 1834 3578 et
1878 3513 1885 3520 '

242 3625 452 3723 cirograffo
466 3623 584 3722 regio,
599 3624 692 3700 dum
706 3632 837 3700 tamen
850 3623 1007 3723 probari
1021 3624 1143 3721 possit
1158 3623 1359 3699 conventio
1374 3632 1413 3699 et
1428 3623 1620 3722 scriptura
1635 3648 1719 3721 quae
1734 3624 1834 3698 lecta

243 3746 293 3821 sit
310 3745 352 3820 in
369 3745 523 3845 publico
541 3751 580 3821 et
598 3745 742 3820 audita.
762 3745 820 3820 Et
838 3744 894 3820 ita
909 3745 1053 3820 mutari
1070 3745 1215 3843 poterit
1233 3743 1391 3820 donatio
1411 3753 1500 3843 post
1519 3744 1766 3821 intervallum
1784 3743 1833 3819 de

242 3865 414 3964 partium
429 3867 640 3942 voluntate.
659 3866 718 3941 Et
735 3866 838 3964 quod
854 3891 900 3940 ea
916 3890 1000 3964 quae
1017 3865 1229 3942 dictasunt
1246 3891 1336 3941 vera
1354 3864 1444 3941 sint⁶
1462 3864 1582 3940 videri
1600 3864 1744 3964 poterit
1763 3890 1833 3963 per

242 3985 474 4085 exemplum,
495 3995 540 4063 ut
562 3988 610 4063 de
629 3987 765 4063 itinere
786 3987 956 4085 episcopi
977 3985 1279 4062 Dunholmensis
1301 3995 1340 4062 et
1361 3986 1526 4062 Martini
1550 3988 1597 4062 de
1620 3985 1833 4062 Pateshilla

241 4107 283 4184 in
301 4108 487 4184 comitatu
508 4106 677 4182 Eboraci
698 4132 800 4183 anno
820 4104 935 4205 regis⁸
958 4106 1123 4183 Henrici
1144 4106 1271 4195 tertis,
1294 4108 1412 4182 assisa
1433 4131 1542 4181 novae
1563 4105 1777 4196 disseisinae,
1801 4106 1833 4182 si

242 4227 459 4327 Reynerus'
478 4229 525 4305 de
544 4227 826 4326 Halghetona,⁸
844 4228 909 4304 ubi
928 4228 1068 4304 dicitur
1086 4228 1189 4326 quod
1208 4227 1365 4327 quidam
1383 4227 1490 4304 dedit
1508 4227 1588 4303 filio
1606 4253 1675 4303 suo
1694 4227 1832 4304 minori

242 4374 361 4425 unam
383 4350 576 4447 virgatam
599 4358 712 4425 terrae
736 4375 806 4448 per
831 4349 998 4448 quinque
1022 4374 1142 4426 annos
1168 4357 1257 4426 aute
1281 4358 1445 4425 mortem
1470 4375 1591 4438 suam,
1616 4357 1655 4425 et
1680 4348 1772 4424 fecit
1798 4348 1832 4424 ei

242 4467 418 4544 saisinam
436 4477 475 4544 et
492 4493 645 4544 omnem
661 4468 943 4544 solemnitatem
959 4469 1000 4543 in
1017 4468 1223 4544 donatione
1241 4466 1484 4557 faciendam,⁹
1502 4477 1541 4545 et
1560 4477 1694 4567 postea
1712 4492 1831 4544 reces-

243 4586 292 4663 sit
312 4612 337 4662 a
354 4597 460 4663 terra
478 4588 545 4662 illa
563 4613 685 4686 usque
705 4588 755 4664 ad
775 4587 891 4663 aliam
909 4595 1054 4663 terram
1076 4611 1202 4663 suam:
1224 4596 1263 4664 et
1284 4588 1339 4662 ita
1359 4587 1493 4664 habuit
1514 4587 1638 4665 filium
1658 4612 1770 4663 suum
1791 4586 1833 4661 in

241 4802 268 4836 ²⁴
279 4803 407 4880 nullam,
425 4806 492 4880 LA,
510 4805 588 4881 MG,
607 4805 680 4865 MC.
721 4804 968 4884 ²⁸·²⁸quiequam,
988 4806 1064 4866 MG.
1105 4803 1247 4880 ²⁰aliam,
1266 4805 1305 4879 V,
1325 4806 1391 4867 LA.
1433 4803 1640 4883 ²'pertinent
1660 4805 1726 4879 OC,
1747 4805 1830 4876 MG;

242 4923 298 4982 per
321 4913 396 4981 ten,
420 4907 485 4966 LA
531 4903 558 4939 ²⁸
569 4908 650 4981 Om,
674 4907 714 4983 V,
737 4907 807 4982 OA,
830 4907 898 4980 LA,
923 4907 999 4968 MG.
1045 4903 1166 4981 ¹⁹0m.,
1190 4907 1256 4980 OC,
1283 4907 1360 4967 MG.
1406 4904 1433 4940 ⁸⁰
1444 4906 1638 4979 confiteatur,
1664 4906 1738 4980 MC,
1763 4906 1829 4966 LA

241 5004 307 5041 ⁸⁸⁸⁸⁸
319 5010 427 5083 assisa,
442 5006 511 5084 OA,
526 5008 598 5069 MC.

325 5107 430 5184 ²Om.,
448 5108 517 5183 OA,
535 5109 603 5185 OC,
621 5109 699 5183 MG,
717 5110 792 5185 MC,
811 5109 876 5169 LA.
916 5106 1046 5183 ²·⁸Om.,
1066 5109 1135 5184 OA,
1154 5109 1220 5168 LA.
1260 5107 1273 5140 ⁴
1284 5111 1411 5186 poterit,
1430 5107 1500 5184 OB,
1519 5109 1595 5182 MA,
1615 5109 1696 5180 MB;
1716 5114 1831 5186 potest,

241 5209 279 5270 V.
324 5207 431 5284 lauat,
454 5209 494 5285 V,
518 5211 594 5284 MA,
618 5211 691 5271 CM.
736 5208 850 5288 ‘regni
873 5213 968 5288 regis,
993 5211 1070 5286 MG,
1095 5210 1160 5272 OC.
1206 5207 1413 5287 'Reymerua
1439 5210 1621 5288 Raymerus,
1647 5210 1830 5288 Roymcrua,

241 5311 414 5388 Raynerus,
435 5310 529 5372 MSS.
549 5331 615 5372 var.
657 5309 884 5384 'Halkeltona
907 5310 1097 5386 Helketona,
1119 5309 1343 5391 Hagclintona,
1364 5310 1458 5371 MSS.
1480 5331 1546 5372 var.
1589 5309 1769 5387 'indenda
1790 5311 1830 5386 V,

240 5411 312 5485 003
329 5410 475 5488 laciend,
490 5411 567 5486 MG,
582 5411 656 5473 CM.
