4374 6366
789 403 850 463 DE
874 402 1077 464 PLACITIS
1101 403 1290 467 CORONAE
1762 414 1838 483 868

248 550 389 628 stiterit
415 552 462 628 de
487 551 691 651 utlagaria
720 553 875 630 Iustum
900 553 971 631 est¹
998 554 1099 631 enim
1123 555 1306 632 iudicium
1332 557 1436 655 quod
1462 557 1542 634 sine
1567 558 1651 656 lege
1678 567 1717 634 et
1744 557 1837 635 sine³

247 669 387 745 iudicio
403 679 538 769 pereat
554 670 619 769 qui
637 672 846 748 secundum
862 672 987 770 legem
1004 672 1130 750 vivere
1148 674 1348 750 recusavit.

346 794 374 869 1
375 801 452 870 tem
468 817 514 870 ca
528 818 613 892 qaoe
625 795 720 872 iuris
734 805 837 873 aaut.

248 916 362 992 Irnu
377 917 569 994 forisfacit
582 917 723 994 omnia⁴
738 944 821 1018 quae
835 920 928 995 iuris
942 930 1033 997 sunt
1047 930 1086 998 et
1100 921 1359 1019 possessionis,
1375 922 1516 999 scilicet
1530 922 1636 999 iuris⁵
1653 923 1784 1022 adepti
1799 933 1838 1000 et

247 1037 494 1136 adipiscendi,
507 1046 547 1112 et
559 1036 666 1113 iuris⁶
679 1038 931 1136 competentis
945 1049 984 1116 et
998 1039 1254 1138 competituri,
1268 1050 1307 1117 et
1320 1040 1597 1138 possessionem
1612 1040 1784 1118 similiter
1798 1042 1839 1117 in

248 1155 377 1232 forma
393 1164 432 1232 et
447 1156 562 1231 modo
578 1155 809 1254 possidendi.

347 1281 373 1355 1
375 1287 453 1355 tem
467 1278 565 1357 nolli
580 1288 734 1356 tenetur
747 1304 817 1357 oec
832 1279 968 1379 Mquis
984 1281 1028 1358 ei.

248 1402 361 1478 Irnu
378 1403 474 1478 nulli
488 1412 643 1480 tenetur
658 1429 727 1480 nec
744 1404 879 1503 aliquis
897 1405 930 1480 ei
946 1430 1015 1481 nec
1031 1431 1079 1480 ex
1097 1404 1237 1504 aliqua'
1254 1430 1371 1481 causa
1385 1405 1591 1504 obligatur.
1608 1406 1837 1483 Dissolvun-

246 1533 313 1600 tur
333 1523 434 1600 enim
453 1522 705 1620 obligationes
725 1533 764 1599 et
783 1523 974 1620 homagia,
995 1522 1200 1600 fidelitates
1221 1531 1260 1598 et
1281 1534 1531 1612 sacramenta,
1554 1534 1592 1601 et
1613 1525 1741 1601 omnia
1763 1525 1838 1600 alia

247 1669 330 1742 quae
343 1652 481 1720 mutua
490 1641 690 1717 voluntate
702 1650 793 1717 sunt
805 1649 1014 1716 contracta.
1028 1642 1086 1716 Et
1100 1641 1152 1717 sic
1165 1641 1425 1717 forisfaciunt⁸
1438 1642 1667 1718 hereditates
1681 1652 1721 1719 et
1733 1652 1838 1719 tene·

246 1773 389 1841 menta
407 1763 560 1854 <Item
573 1762 655 1836 cuii
669 1762 726 1838 Et
741 1761 936 1837 sciendum
951 1762 1055 1859 quod
1070 1761 1140 1837 sibi
1155 1761 1241 1860 ipsi⁹
1258 1769 1297 1836 et
1312 1761 1512 1838 heredibus
1528 1763 1605 1839 suis
1621 1760 1838 1850 omnibus,²⁰

247 1895 329 1963 tam
350 1885 506 1961 remotis
527 1910 643 1983 quam
665 1883 953 1983 propinquis>
977 1885 1035 1960 Et
1056 1883 1187 1960 taliter
1209 1884 1335 1960 fracta
1358 1893 1397 1960 et
1419 1884 1604 1961 dissoluta
1627 1910 1838 1983 numquam

246 2008 428 2106 coniungi
445 2015 630 2107 potenmt
645 2031 714 2083 nec
730 2005 997 2104 redintegrari,
1014 2005 1113 2082 nisi1¹
1131 2032 1178 2082 ex
1196 2031 1296 2081 novo
1312 2015 1513 2082 contractu
1531 2016 1570 2083 et
1586 2032 1687 2082 nova
1703 2008 1837 2083 volun-

247 2139 329 2207 tate
343 2139 491 2218 mutua,
507 2129 538 2205 si
553 2129 656 2204 forte
671 2128 790 2204 fuerit
805 2127 960 2226 aliquo¹²
976 2126 1093 2202 casu¹'
1109 2127 1321 2204 restitutus,

346 2255 372 2329 1
374 2262 452 2329 tem
466 2252 660 2348 forisfacit
678 2251 877 2329 actionem.

248 2380 360 2455 Irnu
380 2404 430 2454 ex
450 2377 643 2475 utlagaria
664 2377 855 2453 forisfacit
877 2377 1064 2453 actionem
1086 2386 1177 2452 ante
1197 2376 1431 2474 utlagariam
1452 2375 1522 2453 sibi
1543 2384 1837 2475 competentem,

246 2499 336 2576 licet
348 2500 597 2598 postmodum
613 2501 659 2575 de
674 2499 803 2596 gratia
818 2499 937 2575 fuerit
953 2499 1165 2588 restitutus
1182 2499 1271 2597 quia
1288 2523 1439 2597 semper
1455 2498 1488 2575 ei
1506 2499 1653 2597 petenti
1670 2497 1837 2575 obstabit

246 2622 422 2721 exceptio
440 2621 652 2719 utlagariae,
672 2623 765 2697 dum
784 2631 915 2697 tamen
934 2621 1053 2696 fuerit
1072 2622 1281 2697 secundum
1300 2621 1425 2718 legem
1444 2631 1556 2697 terrae
1576 2620 1836 2719 promulgata,

247 2770 353 2821 secus
367 2754 498 2821 tamen
512 2744 543 2819 si
556 2743 665 2819 nulla
678 2752 722 2819 ut
736 2743 963 2843 praedictum
978 2752 1046 2819 est.

345 2870 373 2945 1
374 2877 451 2944 tem
470 2867 642 2945 dissolvit
661 2868 898 2955 donationes,
917 2867 1167 2954 venditiones,
1186 2877 1225 2944 et
1244 2890 1375 2943 omnes
1395 2875 1614 2942 contractas
1633 2876 1672 2942 et
1691 2864 1836 2963 oblipo·

347 2984 481 3064 tiones.

247 3110 360 3186 Irnu
384 3109 557 3186 dissolvit
579 3109 774 3207 utlagaria
798 3109 895 3186 sicut
919 3109 1116 3208 quodlibet
1140 3109 1245 3184 aliud
1269 3108 1452 3184 iudicium
1476 3109 1524 3183 de
1549 3108 1694 3183 felonia
1718 3107 1836 3183 dona·

245 3233 368 3308 tiones
396 3241 436 3308 et
461 3231 698 3307 venditiones
727 3231 851 3307 factas
879 3257 902 3308 a
929 3241 1104 3330 tempore
1132 3231 1283 3306 feloniae
1312 3239 1556 3329 perpetrato,
1585 3239 1623 3306 et
1652 3229 1717 3305 ubi
1746 3238 1835 3327 post

245 3353 521 3429 convictionem
543 3352 743 3429 cuiuslibet
766 3352 916 3428 feloniae
937 3351 1237 3429 retrotrahitur¹⁴
1259 3363 1413 3451 tempus
1436 3353 1486 3427 ad
1507 3363 1662 3451 tempus
1686 3351 1836 3427 feloniae

247 3484 491 3573 perpetratu,
509 3474 607 3549 sicut
623 3474 754 3549 infra¹⁸
771 3474 819 3551 de
836 3474 1106 3551 donationibus
1124 3472 1315 3574 plenius.¹⁸

346 3599 372 3672 1
373 3607 451 3674 tem
467 3596 606 3674 catalla
620 3623 690 3673 suo
704 3609 795 3674 eunt
811 3598 924 3696 repis.

247 3721 439 3798 Caranus
465 3721 646 3820 quidem¹²
674 3721 840 3819 utlagati
867 3731 981 3798 erunt
1009 3722 1153 3798 domini
1182 3722 1295 3819 regis,
1325 3722 1416 3820 quia
1441 3722 1611 3820 utlagari
1640 3722 1729 3797 alibi
1758 3746 1836 3797 non

246 3844 391 3942 poterit
405 3841 548 3942 quam¹⁸
563 3843 722 3920 incuria
736 3844 884 3943 ipsius²⁹
898 3844 1011 3941 regia,
1028 3844 1125 3920 sicut
1139 3844 1179 3919 in
1193 3845 1379 3921 comitatu
1393 3844 1453 3920 vel
1469 3845 1509 3920 in
1524 3844 1714 3942 hustengo
1729 3843 1835 3920 Lon·

247 3965 379 4042 doniae.
396 3967 455 4041 Et
469 3966 570 4042 idem
586 3966 789 4043 dicendum
805 3975 863 4042 est
879 3967 927 4043 de
943 3965 1090 4042 catallis
1109 3966 1364 4064 fugitivorum
1381 3975 1471 4042 ante
1488 3966 1778 4063 utlagationem,
1797 3975 1836 4042 et

246 4088 409 4163 aliorum
430 4088 496 4186 qui
517 4089 641 4164 vocati
663 4098 753 4164 sunt
775 4087 932 4164 coram²⁰
954 4087 1192 4164 iustitiariis²²
1216 4089 1293 4164 sive
1315 4088 1523 4187 culpabiles
1546 4087 1622 4165 sint
1645 4087 1722 4164 sive
1745 4113 1835 4176 non,

247 4211 353 4286 facta
371 4236 488 4309 super
504 4211 575 4285 hoc
592 4210 846 4309 inquisitione,
865 4212 987 4309 etqui
1007 4211 1180 4308 quamvis
1199 4219 1334 4309 postea
1353 4211 1535 4286 redierint
1554 4219 1593 4286 et
1612 4209 1776 4309 prisonae
1796 4235 1835 4286 se

245 4331 494 4421 reddiderint,
511 4332 651 4408 catalla
668 4358 737 4408 sua
754 4325 832 4407 non
850 4331 1133 4431 recuperabunt
1151 4341 1313 4431 propter
1332 4333 1480 4429 fugam.

345 4456 393 4533 Si
407 4465 550 4532 terram
566 4454 724 4534 liberam
740 4455 927 4544 habuerit,
943 4456 1074 4532 atatim
1090 4456 1268 4555 capiatur
1282 4456 1321 4531 io
1339 4480 1496 4531 monam
1514 4454 1626 4554 repis.

248 4579 294 4655 Sr
312 4605 402 4655 vero
421 4587 566 4655 terram
584 4578 743 4655 liberam
761 4579 965 4656 habuerint
983 4579 1162 4676 utlagati,
1183 4580 1314 4655 statim
1333 4579 1520 4678 capienda
1540 4588 1598 4656 est
1618 4580 1658 4655 in
1677 4605 1835 4655 manum

247 4812 352 4888 ²Om.,
374 4813 451 4888 MA,
472 4813 547 4874 ΜΒ.
590 4812 696 4889 ⁸0m.,
717 4814 757 4888 V,
779 4814 853 4874 MB.
898 4812 969 4890 ⁴ea,
991 4815 1061 4888 OB,
1084 4815 1159 4888 MA,
1184 4816 1259 4890 MB,
1282 4813 1349 4888 CB,
1373 4815 1447 4889 CM,
1472 4814 1544 4875 MC.
1589 4813 1705 4873 ''⁸iure
1729 4813 1835 4890 adepti

246 4921 278 4974 et
292 4917 363 4987 iun,
378 4914 447 4989 OB,
464 4914 539 4989 MA,
556 4914 631 4973 ΜΒ.
669 4911 766 4988 'alim
782 4915 852 4990 OB,
869 4916 943 4975 MA.
983 4912 1393 4991 ⁸forisiaciant,OC,MG.
1433 4914 1538 4988 ⁹Om.,
1555 4915 1622 4988 ΟΕ,
1639 4916 1677 4975 Υ.
1716 4913 1743 4948 ²⁰
1755 4915 1836 4989 Om.,

246 5014 315 5088 OB,
333 5014 409 5087 MA,
427 5015 502 5075 ΜΒ.
542 5013 646 5090 11nee,
664 5014 734 5089 OB,
752 5015 828 5090 MA,
848 5015 923 5075 MB.
964 5013 1145 5092 ¹²¹²⁸aliqua
1164 5035 1267 5089 causa,
1287 5015 1364 5089 MG,
1383 5016 1449 5077 OC.
1490 5014 1623 5091 ¹⁴·atur,
1642 5017 1716 5088 ΟΒ;
1736 5023 1836 5076 retra-

245 5113 348 5189 hatur,
364 5115 446 5188 MB;
467 5115 567 5192 (—et
581 5113 634 5175 ubi
657 5159 664 5174 .
687 5159 695 5174 .
719 5159 726 5174 .
749 5121 947 5192 perpetratae,
964 5115 1059 5194 MA).
1097 5114 1241 5192 1¹⁵supra,
1258 5117 1295 5176 V.
1335 5113 1361 5149 ¹⁸
1373 5115 1494 5194 plenius
1513 5117 1636 5191 dicitur,
1652 5118 1698 5190 V;
1716 5117 1836 5178 dicetur

245 5214 378 5293 plenius,
396 5215 465 5290 OA,
484 5215 565 5288 MB;
583 5214 705 5293 plenius
724 5215 853 5292 dicetur,
873 5216 945 5276 MC.
985 5214 1137 5292 1⁷autem,
1156 5217 1233 5290 MG,
1252 5216 1318 5277 OC.
1360 5215 1386 5250 ¹⁸
1397 5222 1468 5294 nisi,
1486 5220 1556 5295 OB,
1576 5219 1651 5294 MA,
1672 5221 1748 5296 ΜΒ,
1769 5219 1835 5294 CB,

246 5316 320 5375 CM.
358 5312 385 5348 ¹⁹
396 5313 521 5390 domini,
537 5316 604 5390 OC,
621 5315 698 5390 MG,
714 5316 789 5376 ΜΒ.
826 5314 891 5349 ¹¹¹¹¹
904 5325 976 5378 ante
992 5320 1074 5393 inst,
1090 5317 1158 5392 OB,
1175 5317 1251 5392 MA,
1268 5319 1342 5379 ΜΒ.
