4432 6340
636 493 698 554 DE
721 492 1024 566 ADQUIRENDO
1046 492 1204 554 RERUM
1227 490 1430 555 DOMINIO
1756 499 1830 564 225

240 653 331 733 tem,
348 643 522 744 quamvis
536 653 642 722 terra
657 645 863 721 descendat
878 643 1080 720 heredibus
1096 642 1239 718 uxoris.
1257 643 1316 719 Et
1331 639 1459 719 idem²⁷
1477 641 1550 718 erit
1569 641 1599 716 si
1616 642 1685 718 fiat
1703 639 1831 740 pura¹⁸

241 762 398 839 donatio
420 772 612 839 extranee
634 788 818 862 personae,
841 762 952 862 quae²⁹
974 771 1064 861 post
1086 761 1384 837 feoffamentum
1405 785 1524 837 unam
1548 785 1595 836 ex
1618 759 1768 836 filiabus
1792 768 1832 837 et

240 881 493 981 participibus
510 882 666 958 duxerit
680 883 721 957 in
735 907 907 958 uxorem.
923 881 1088 957 Dictum
1104 889 1162 958 est
1179 881 1282 979 quod
1297 879 1475 954 aesnescia
1492 903 1644 977 semper
1659 888 1717 955 est
1734 902 1830 976 prae·

241 1003 404 1079 ferenda
417 1011 580 1102 propter
594 1000 840 1100 privilegium
854 1000 988 1077 oetatis.
1008 1000 1085 1076 Sed
1100 1009 1183 1077 esto
1199 1000 1302 1098 quod
1318 998 1399 1074 filia
1414 997 1683 1096 primogenita,
1699 996 1831 1074 relicto
1951 993 1953 997 ’

240 1119 379 1198 herede
394 1130 534 1220 nepote
549 1121 610 1196 vel
625 1129 743 1218 nepte
758 1119 799 1195 in
813 1120 895 1196 vita
909 1119 1032 1217 patris
1048 1118 1110 1194 vel
1125 1118 1259 1194 matris
1276 1143 1300 1193 a
1316 1117 1454 1216 quibus
1470 1116 1661 1193 hereditas
1678 1116 1831 1192 descen·

242 1241 312 1330 dit,
339 1239 553 1328 decesserit,
580 1239 823 1338 praeferenda
848 1238 921 1314 erit
948 1262 1056 1314 soror
1083 1244 1268 1313 antenata
1292 1235 1426 1334 nepoti
1452 1233 1513 1312 vel
1539 1234 1648 1333 nepti
1674 1259 1723 1310 ex
1751 1233 1831 1309 filia

240 1357 501 1458 primogenita
520 1365 710 1456 quantum
730 1357 780 1433 ad
800 1356 1027 1444 aesnesciam,
1049 1355 1139 1454 quia
1159 1363 1323 1431 mortem
1344 1363 1553 1453 parentum
1573 1351 1832 1453 expectavit.³⁰

243 1477 322 1554 Sed
340 1476 432 1574 quid
449 1476 598 1553 dicetur
614 1477 663 1552 de
679 1475 881 1552 seriantia?
898 1474 1065 1551 Videtur
1082 1473 1186 1572 quod
1204 1473 1321 1550 dividi
1338 1497 1418 1548 non
1435 1471 1584 1561 debeat,
1602 1497 1651 1547 ne
1669 1480 1833 1569 cogatur

240 1623 311 1674 rex
332 1597 530 1674 servitium
550 1621 664 1672 suum
684 1594 853 1692 recipere
873 1619 944 1692 per
965 1592 1186 1692 particulas.
1210 1593 1335 1668 Facta
1357 1589 1514 1666 autem⁸²
1538 1599 1583 1666 ut
1605 1588 1832 1688 praedictum

240 1725 300 1793 est
313 1715 522 1816 partitione
537 1724 576 1791 et
590 1740 661 1815 per
676 1722 818 1790 sortem
834 1711 1104 1810 assignatione,
1121 1711 1226 1787 adita
1241 1709 1464 1797 hereditate,
1481 1709 1609 1785 omnia
1624 1709 1710 1784 iura
1726 1707 1831 1784 here·

242 1835 382 1911 diteria
395 1843 599 1911 transeunt
615 1834 664 1909 ad
679 1833 836 1908 heredes
850 1853 899 1908 ex
914 1830 1014 1906 civili
1030 1829 1208 1906 aditione.
1226 1829 1422 1905 Possessio
1438 1838 1570 1904 tamen
1585 1827 1657 1902 nisi
1673 1834 1831 1903 natiua-

240 1954 329 2031 liter
347 1953 467 2030 fuerit
483 1951 735 2051 apprehensa,
753 1949 929 2026 videlicet
946 1948 1073 2024 animo
1090 1958 1129 2025 et
1145 1971 1317 2046 corpore,
1336 1946 1495 2045 proprio
1513 1946 1574 2021 vel
1591 1945 1715 2021 alieno
1733 1944 1832 2022 sicut

198 2133 200 2138 .
241 2071 519 2173 promuntorio,
539 2069 647 2169 prius
667 2070 717 2145 ad
735 2069 839 2167 ipsos
858 2092 936 2143 non
956 2066 1174 2166 pertinebit.
1196 2066 1254 2143 Et
1273 2066 1376 2142 unde
1394 2089 1483 2140 cum
1503 2064 1543 2139 in
1561 2063 1668 2140 curia
1688 2062 1832 2140 domini

240 2193 343 2292 regis
361 2193 468 2268 facta
485 2189 605 2267 fuerit
623 2189 795 2288 partitio,
814 2185 945 2264 statim
962 2186 1129 2263 habeant
1147 2185 1261 2261 breve
1281 2184 1331 2260 ad
1349 2183 1608 2260 vicecomitem
1626 2183 1675 2258 de
1695 2181 1832 2258 seisina

241 2337 313 2388 sua
325 2311 512 2398 habenda,
529 2308 738 2386 secundum
755 2307 857 2406 quod
875 2305 1034 2404 partitio
1051 2304 1158 2381 facta
1175 2303 1294 2379 fuerit
1311 2303 1412 2379 inter
1429 2327 1492 2378 eos
1509 2301 1549 2377 in
1565 2301 1671 2377 curia
1687 2300 1832 2376 domini

242 2429 272 2505 f.
286 2436 310 2510 7
312 2428 382 2521 rb]
437 2426 539 2525 regis
555 2424 720 2525 pertale
736 2425 861 2503 breve.

340 2548 468 2625 Breve
485 2543 696 2624 vicecomiti
713 2544 762 2620 de
779 2541 917 2618 eeieim
934 2541 1113 2636 facienda
1130 2538 1377 2616 coheredibus
1394 2549 1484 2637 poet
1501 2539 1762 2637 partitionem.

240 2668 337 2744 Rex
354 2664 565 2743 vicecomiti
582 2663 756 2740 salutem.
779 2660 913 2738 Scias⁸²
931 2659 1034 2759 quod
1052 2684 1141 2735 cum
1158 2658 1331 2735 extensio
1349 2667 1388 2734 et
1408 2655 1643 2756 appretiatio
1660 2656 1833 2732 omnium

240 2793 433 2862 terrarum
447 2793 486 2861 et
502 2777 810 2859 tenementorum
825 2804 908 2877 quae
924 2780 1085 2855 fuerunt
1100 2777 1189 2854 talis
1205 2777 1328 2877 patris
1345 2775 1405 2852 vel
1420 2775 1555 2853 matris
1570 2774 1708 2852 talium
1726 2774 1833 2851 facta

240 2907 423 2983 intereos
442 2903 662 3003 partitione,
680 2901 751 2978 tali
768 2897 1009 3000 progenitae⁸⁸
1028 2896 1276 2975 occideruntu
1295 2923 1366 2995 per
1386 2906 1527 2973 sortem
1547 2896 1643 2972 talia
1660 2895 1832 2972 maneria

240 3051 326 3127 quae
348 3035 439 3103 sunt
462 3024 592 3122 capita
614 3021 779 3098 baroniae
803 3028 966 3120 propter
988 3020 1216 3108 aesnesciam,
1241 3027 1280 3095 et
1303 3017 1398 3094 talia
1420 3017 1620 3114 mesuagio
1642 3042 1712 3115 per
1736 3015 1831 3091 elec·

240 3147 397 3235 tionem,
413 3154 474 3222 tot
489 3155 601 3222 terrae
617 3153 656 3220 et
672 3141 759 3220 tot⁸⁶
776 3150 1007 3231 tenemento,
1024 3149 1084 3216 tot
1102 3138 1370 3216 advocationes
1388 3148 1426 3215 et
1442 3146 1503 3214 tot
1521 3138 1637 3214 feoda
1653 3136 1831 3224 militum,

242 3277 281 3344 et
303 3264 476 3342 similiter
496 3263 594 3339 tali⁸⁶
617 3263 705 3339 talis
728 3288 832 3362 pars,
854 3271 892 3339 et
915 3260 968 3338 sic
990 3261 1039 3337 de
1061 3261 1155 3336 aliis.
1179 3260 1238 3336 Et
1260 3259 1346 3335 ideo
1368 3259 1439 3336 tibi
1462 3256 1703 3358 praecipimus
1728 3256 1832 3355 quod

241 3383 434 3485 praedictis
451 3384 592 3461 talibus
611 3384 659 3460 de
677 3381 869 3483 praedictis
888 3380 1000 3458 terris
1020 3389 1059 3457 et
1077 3381 1305 3458 tenementis
1323 3390 1362 3457 et
1382 3379 1518 3469 feodis,
1537 3378 1602 3457 ct³⁷
1623 3379 1832 3455 secundum

241 3506 346 3605 quod
361 3503 588 3605 praedictum
604 3512 672 3592 est,
690 3502 770 3580 sine
786 3502 968 3579 dilatione
984 3501 1197 3600 plenariam
1215 3500 1392 3578 seisinam
1407 3500 1546 3578 habere
1564 3499 1694 3577 facias.
1714 3499 1831 3576 Teste

242 3635 419 3702 etcetera.
444 3626 546 3701 Cum
569 3633 698 3701 autem
721 3649 821 3700 unus
844 3622 922 3700 ex⁸⁸
943 3621 1119 3721 pluribus
1142 3622 1388 3698 coheredibus
1412 3631 1450 3698 et
1474 3621 1726 3720 participibus
1752 3620 1833 3696 sine

240 3744 378 3821 herede
404 3746 452 3821 de
478 3768 638 3841 corpore
664 3769 733 3819 suo
758 3743 958 3832 moriatur,
985 3742 1091 3819 facta
1117 3742 1326 3841 partitione
1352 3742 1432 3818 cius
1459 3741 1588 3840 portio
1615 3739 1830 3817 accrescet⁸⁹

241 3863 511 3964 superstitibus
526 3889 597 3964 per
611 3864 671 3940 ius
686 3863 934 3940 accrescendi.

340 4100 406 4176 De
424 4099 610 4199 homagiis
628 4099 816 4196 iaciendis
834 4108 873 4176 et
892 4099 1098 4198 capiendis.

240 4217 376 4304 CUM⁴⁰
388 4219 472 4318 quis
484 4229 574 4318 post
586 4227 750 4295 mortem
762 4227 1046 4294 antecessorum
1059 4244 1083 4292 a
1095 4215 1251 4316 capitali
1261 4215 1415 4293 domino
1424 4215 1643 4315 recognitus
1653 4215 1832 4292 fueritad

241 4339 431 4427 heredem,
448 4346 538 4414 ante
555 4337 853 4435 assignationem
868 4336 929 4411 vel
946 4345 1046 4435 post,
1064 4336 1142 4411 sive
1158 4336 1266 4412 heres
1283 4335 1406 4434 plenae
1424 4335 1546 4410 aetatis
1564 4334 1736 4410 extiterit
1754 4334 1833 4410 sive

241 4482 332 4547 non,
349 4457 480 4534 statim
496 4456 545 4532 ab
560 4456 669 4532 initio
685 4455 860 4553 capitalis
877 4455 1053 4532 dominus
1069 4454 1225 4553 capiat⁴²
1243 4453 1465 4551 homagium
1482 4479 1606 4542 suum,
1626 4461 1833 4552 antequam

242 4575 382 4653 habeat
397 4575 610 4652 custodiam
625 4574 686 4651 vel
701 4574 895 4650 relevium.
915 4574 1018 4651 Sunt
1035 4575 1136 4651 enim
1154 4573 1310 4672 quidam
1326 4574 1482 4650 heredes
1502 4573 1566 4671 qui
1582 4582 1765 4649 tenentur
1783 4572 1833 4648 ad

242 4694 465 4792 homagium
490 4693 712 4770 faciendum
736 4703 775 4770 et
801 4694 851 4769 ad
877 4702 1159 4770 sacramentum
1184 4692 1393 4780 fidelitatis,
1419 4693 1577 4789 quidam
1598 4700 1757 4768 tantum
1784 4691 1833 4766 ad

242 4909 308 4946 ⁸⁸⁸⁸⁸
318 4911 401 4972 idem
412 4912 468 4972 fist
479 4917 506 4974 ai
518 4916 561 4973 sit
571 4932 662 4991 pura,
675 4910 744 4988 OB,
757 4911 833 4984 MA,
847 4913 924 4988 MB,
936 4913 975 4972 Y.
1010 4909 1036 4944 ²⁹
1048 4913 1111 4988 qui,
1125 4911 1191 4985 LA,
1204 4910 1272 4984 OC,
1285 4908 1323 4970 V.
1360 4908 1386 4943 ⁸⁰
1397 4929 1460 4970 non
1473 4913 1659 4987 expectavit,
1672 4909 1741 4981 OB,
1755 4908 1832 4983 MA,

242 5013 319 5089 ΜΒ,
332 5013 410 5090 MG,
423 5013 463 5088 Y,
475 5013 548 5074 CM.
583 5012 609 5047 ⁸²
621 5014 702 5088 Om,
715 5013 783 5087 OA,
797 5010 864 5087 LA,
877 5011 944 5086 OC,
957 5013 995 5073 V.
1030 5010 1056 5045 ⁸²
1068 5015 1184 5084 sciatis,
1197 5013 1266 5084 OB,
1281 5013 1356 5087 MA,
1371 5012 1447 5085 ΜΒ,
1462 5011 1535 5072 CM.
1571 5008 1833 5089 ”primogenite

242 5113 312 5189 OA,
329 5114 396 5190 LA,
414 5113 487 5173 MC.
527 5112 554 5147 ⁸⁴
565 5113 745 5188 acciderint,
763 5114 832 5188 OB,
850 5113 926 5187 MA,
944 5115 1020 5189 MB,
1040 5113 1112 5186 cE;
1131 5111 1283 5189 accidunt,
1302 5112 1374 5185 LA;
1394 5112 1552 5188 acciderit,
1570 5111 1638 5186 OC,
1658 5112 1732 5189 Me,
1752 5113 1832 5184 cM;

242 5211 438 5290 accederunt,
451 5215 488 5274 V.
523 5213 549 5248 ⁸⁶
562 5215 723 5290 onnon,
737 5217 813 5291 MA,
826 5214 892 5291 ΟΕ,
906 5215 981 5290 CM,
995 5215 1072 5288 MG,
1086 5216 1125 5276 Y.
1160 5213 1278 5289 ⁸⁶0m,
1292 5215 1517 5291 MG3taliset,
1531 5215 1599 5290 OB,
1614 5215 1690 5288 MA,
1705 5213 1832 5290 CE,Y;

243 5315 385 5374 similiter
397 5321 439 5389 et,
454 5314 529 5374 ΜΒ.
565 5312 591 5348 ⁸²
604 5314 684 5388 Om,
698 5315 768 5391 OB,
783 5314 860 5390 MA,
873 5316 947 5376 ΜΒ.
984 5313 1010 5348 ⁸⁸
1022 5323 1063 5391 et,
1079 5316 1148 5389 OB,
1162 5317 1328 5391 MB;0m.,
1344 5315 1418 5376 MA
1456 5312 1832 5392 ⁸⁰accrescat,OA,OC;

243 5418 402 5492 accrescit,
418 5415 490 5474 CM.
528 5413 554 5448 ‘⁰
566 5435 634 5476 cum
650 5422 763 5491 autem,
778 5416 855 5491 MA,
872 5417 947 5476 ΜΒ.
985 5413 1011 5448 ⁴²
1023 5421 1136 5495 capiet,
1152 5416 1230 5494 MG,
1247 5417 1321 5492 CM,
1338 5419 1377 5478 Y.
