4374 6366
377 521 450 590 432
907 513 1131 577 BuAcTON:
1154 513 1215 576 nn
1239 515 1431 580 seorsus

377 689 455 763 quc
480 663 705 741 allocutione
729 663 790 740 vel
815 663 1052 763 exceptione,
1079 691 1156 763 quo
1180 689 1272 742 casu
1297 667 1399 743 inter
1424 693 1489 746 eos
1514 669 1693 747 radietur
1718 671 1902 762 duellum,
1928 683 1968 752 et

376 781 598 882 appellatus
616 783 683 859 det
703 781 859 859 vodium
879 783 1113 859 defendendi
1132 793 1173 861 et
1192 783 1392 882 probctor⁴
1413 786 1480 863 det
1500 786 1656 864 vadium
1676 789 1966 869 disrationandi.

377 901 489 978 Etsi
511 899 731 1000 appellatus
753 901 902 999 plegios
924 926 1002 976 non
1023 901 1211 990 habuerit,
1233 912 1328 979 tunc
1350 903 1423 980 erit
1444 904 1560 1002 gaola
1582 905 1731 1006 plegios
1754 908 1965 1009 utriusque.

376 1019 436 1097 Et
458 1018 614 1096 dubitur
636 1019 715 1096 dies
737 1020 788 1095 sd
810 1044 924 1117 quem
947 1019 1102 1097 venient
1124 1020 1274 1098 armati.
1300 1021 1469 1098 Etcum
1491 1023 1678 1114 venerint,
1702 1025 1842 1125 prim0⁸
1866 1027 1967 1106 iuret

376 1135 865 1214 defensor⁸iuhoecverba
1852 1205 1857 1211 .

475 1260 541 1338 De
553 1259 684 1354 forma
696 1260 927 1338 armamenti
941 1268 1021 1335 torn
1036 1257 1318 1360 appellantium
1333 1285 1450 1360 quom
1466 1261 1770 1364 appellatorum:
1786 1274 1825 1344 et
1839 1267 1966 1366 primo

477 1377 697 1477 appellatos
711 1378 812 1456 iuret
824 1401 897 1478 per
911 1375 1028 1455 verbu
1042 1377 1234 1476 negativa

376 1500 474 1577 Hoc
495 1499 617 1577 audis*
636 1499 750 1575 homo
769 1525 883 1597 quem
902 1524 974 1598 per
991 1499 1164 1576 munum⁸
1182 1510 1307 1590 teneo,
1326 1501 1393 1600 qui
1411 1502 1465 1578 A.
1485 1511 1526 1579 te
1546 1503 1642 1581 focis
1664 1505 1876 1603 appellare·
1895 1532 1967 1606 per

375 1644 516 1695 nomen
531 1618 758 1717 baptisterii,
775 1618 877 1718 quod
894 1642 967 1716 ego
981 1643 1060 1694 non
1075 1644 1161 1696 sum
1176 1619 1279 1695 latro
1293 1644 1364 1695 nec
1379 1621 1501 1697 socius
1517 1631 1609 1699 tuus
1626 1623 1674 1699 de
1689 1623 1889 1700 latrocinio
1905 1624 1966 1701 vel

375 1736 537 1826 roberia,
551 1737 612 1813 vel
626 1734 854 1825 huiusmodi,
871 1761 941 1812 nec
955 1744 1083 1813 tecum
1099 1737 1254 1814 furatus
1270 1737 1329 1813 fui
1344 1738 1462 1815 talem
1478 1764 1561 1816 rem
1576 1739 1646 1817 tali
1662 1740 1757 1830 loco,
1775 1766 1844 1818 nec
1861 1741 1967 1819 eliud

374 1855 453 1933 tale
467 1855 560 1955 quid
573 1854 733 1932 fecimus
748 1855 846 1931 sicut
860 1853 1049 1931 roboriam
1062 1855 1192 1945 talem,
1207 1881 1277 1934 nec
1290 1880 1364 1954 ego
1377 1856 1492 1932 habui
1507 1858 1557 1933 ad
1571 1867 1725 1956 portem
1739 1884 1865 1936 meam
1878 1869 1965 1936 tan·

374 1981 472 2061 tum,
490 1972 542 2048 sic
559 1997 621 2048 me
637 1970 759 2048 deus²⁰
776 1979 953 2048 etceters.

475 2093 622 2172 Postea
635 2095 737 2172 iuret
752 2092 955 2192 appellum
968 2118 1041 2192 per
1057 2093 1174 2172 verbo
1190 2093 1432 2191 affirmativo.

375 2216 441 2292 En
454 2225 548 2292 tunc
562 2215 666 2292 dicet
678 2214 903 2314 probator,²²
919 2215 1012 2291 Hoc
1027 2214 1164 2292 eudis¹¹
1178 2215 1292 2293 homo
1308 2242 1421 2315 quem
1435 2243 1507 2316 per
1521 2243 1679 2295 manum
1694 2227 1818 2309 teneo,
1834 2221 1901 2318 qui
1915 2221 1964 2296 B.

374 2343 414 2411 te
432 2333 528 2412 fecis
546 2331 772 2433 appellare¹⁸
790 2358 862 2432 per
878 2358 1018 2410 nomen
1035 2332 1262 2432 baptisterii,
1281 2335 1384 2433 quod
1403 2343 1448 2411 tu
1467 2361 1506 2412 es
1526 2336 1716 2434 periurus,
1735 2344 1775 2414 et
1793 2338 1879 2414 ideo
1898 2363 1964 2437 pe·

375 2451 514 2540 riurus,
535 2451 626 2549 quia
645 2459 691 2528 tu
711 2459 770 2527 est
789 2451 891 2527 latro
911 2461 950 2528 et
970 2451 1093 2528 socius
1114 2477 1221 2528 meus
1241 2452 1290 2528 de
1310 2451 1522 2542 latrocinio,
1545 2453 1635 2553 quic
1655 2454 1725 2532 toli
1746 2454 1830 2531 loco
1852 2455 1965 2533 simul

375 2570 498 2646 furati
517 2570 662 2646 fuimus
679 2570 797 2646 talem
817 2595 910 2659 rem,
929 2569 991 2646 vel
1010 2568 1128 2646 talem
1146 2569 1336 2647 roberism
1355 2571 1468 2648 simul
1488 2571 1661 2662 fecimus,
1680 2572 1742 2649 vel
1762 2573 1854 2672 quid
1874 2573 1965 2664 tale,

374 2697 415 2766 et
430 2689 534 2764 unde
551 2697 596 2765 tu
612 2687 779 2765 habuisti
796 2689 847 2764 ad
864 2697 1017 2786 purtem
1033 2697 1143 2765 tuom
1160 2696 1327 2777 tuntum,
1346 2689 1398 2765 sic
1416 2714 1477 2765 me
1496 2688 1619 2766 deus²⁴
1638 2699 1815 2768 etoetera.
1835 2692 1894 2768 Et
1913 2693 1965 2768 sic

374 2805 615 2904 percutiatur
631 2805 732 2882 inter
749 2831 813 2881 eos
830 2805 1001 2882 duellum
1017 2805 1151 2883 ordine
1168 2805 1390 2905 supradicto
1408 2806 1620 2885 observato.

474 2929 521 3006 Si
536 2927 757 3029 appellatus
773 2929 897 3006 victos
912 2927 1045 3023 fuerit.

374 3054 441 3130 Er
463 3053 495 3130 si
517 3051 736 3152 appellatus
758 3052 881 3128 victus
905 3051 1037 3141 fuerit,
1061 3051 1195 3129 eodem
1218 3050 1281 3128 die
1302 3051 1432 3129 vodiet
1454 3051 1641 3152 probator
1664 3053 1770 3130 aliud
1794 3053 1966 3132 duellum

374 3197 507 3249 versus
520 3171 638 3248 alium
651 3170 903 3270 appellatum,
917 3171 984 3247 sed
998 3178 1191 3247 statuetur
1204 3167 1329 3246 nlius¹⁸
1345 3170 1425 3248 dies
1438 3171 1488 3246 ed
1502 3171 1770 3270 pugnandum,
1786 3172 1835 3248 ad
1851 3197 1965 3271 quem

374 3299 537 3389 uterque
560 3289 688 3367 reniet
712 3298 895 3366 armatus.
920 3289 980 3364 Et
1004 3287 1057 3366 sic
1081 3288 1151 3364 fiat
1176 3287 1225 3363 de
1249 3288 1425 3387 pluribus
1450 3289 1499 3365 de
1524 3288 1694 3388 quolibet
1719 3299 1809 3389 post
1834 3290 1963 3366 alium.

374 3409 433 3486 Et
458 3408 668 3486 secundum
692 3407 879 3506 quosdam
903 3431 982 3482 non
1008 3404 1146 3483 sufficit
1171 3406 1275 3504 quod
1300 3405 1520 3505 appellatus
1546 3416 1753 3505 cognoscat
1778 3434 1819 3484 se
1845 3408 1964 3484 fuisse

374 3523 546 3604 socium²⁸
560 3525 626 3602 et¹¹
640 3525 842 3614 latronem,
856 3523 918 3600 vel
931 3523 1076 3623 sliquid
1090 3522 1284 3600 consimile
1299 3525 1349 3600 ad
1364 3524 1647 3613 recreantisam,
1662 3524 1735 3601 nisi
1749 3525 1853 3601 dicat
1868 3525 1964 3602 illud

374 3644 534 3720 verbum
555 3643 740 3732 odiosum,
763 3641 895 3741 qu0d¹⁸
917 3640 1165 3718 recreantus¹⁹
1189 3641 1279 3719 sit.²⁰
1302 3643 1361 3719 Et
1384 3642 1557 3718 similiter
1579 3643 1683 3741 quod
1706 3643 1828 3719 socius
1853 3642 1903 3720 sit
1924 3652 1964 3720 et

372 3763 486 3852 latro,
504 3761 592 3839 licet
611 3761 772 3839 sufficiat
791 3762 1002 3838 secundum
1019 3761 1206 3860 quosdam
1226 3759 1329 3860 quod
1347 3769 1554 3858 cognoscat
1574 3786 1614 3838 se
1633 3759 1740 3838 esse¹²
1761 3761 1906 3838 socium
1925 3769 1964 3837 et

372 3881 575 3971 latronem,
594 3881 684 3980 quio
700 3905 778 3956 non
795 3880 917 3956 refert
933 3889 1067 3956 utrum
1084 3878 1176 3978 quid
1195 3878 1266 3956 fiat
1282 3879 1344 3954 vel
1362 3879 1465 3977 quod
1482 3877 1711 3956 tantimdem
1731 3879 1869 3955 valeat.

473 4007 520 4084 Si
534 4013 664 4083 cotem
679 4003 867 4103 probator
881 4003 1005 4080 victns
1018 4001 1150 4098 fuerit.

376 4130 422 4207 SI
438 4138 569 4206 autem
584 4127 772 4227 probatur
787 4127 912 4204 victus
927 4124 1058 4214 fuerit,
1075 4124 1295 4224 appellatus
1313 4149 1385 4223 per
1400 4123 1548 4223 plegios
1566 4123 1785 4201 dimittobrr
1801 4134 1965 4223 propter

374 4247 628 4347 suspicionem
642 4246 798 4346 appelli,
814 4245 886 4321 nisi
902 4244 1094 4321 iustitiarii
1110 4252 1272 4342 propter
1288 4242 1456 4340 aliquam
1473 4242 1588 4318 aliam
1604 4242 1858 4340 suspicionem
1874 4267 1963 4341 pro·

373 4365 540 4443 viderint
555 4363 665 4441 illum
680 4390 760 4441 esse
775 4363 936 4440 ulterius
952 4363 993 4438 in
1008 4362 1166 4461 prisona
1180 4360 1435 4448 retinendum,
1453 4360 1545 4458 quis
1560 4359 1663 4436 forte
1681 4359 1888 4437 indictutus
1906 4368 1965 4436 est

374 4484 465 4561 alibi
484 4509 556 4583 per
573 4483 713 4560 milites
734 4490 773 4558 et
792 4481 886 4558 alios
908 4481 984 4557 fide
1005 4479 1154 4578 dignos.
1176 4479 1237 4556 Ut
1259 4478 1493 4556 determino
1516 4477 1649 4554 Sancti
1671 4476 1833 4553 Hillarii
1853 4488 1893 4554 et
1915 4477 1964 4554 de

373 4601 538 4680 termino
559 4599 717 4677 Paschae
739 4623 840 4676 anno
861 4597 991 4695 regis¹¹
1012 4597 1177 4673 Henrici
1198 4595 1345 4695 quinto,
1367 4597 1408 4672 in
1428 4595 1618 4694 principio
1639 4595 1757 4671 rotuli
1778 4595 1964 4672 comitatu

373 4721 555 4809 Eboraci,
578 4720 627 4796 de
649 4718 823 4795 Roberto
846 4717 925 4792 filio
949 4715 1112 4804 Yvonis,
1134 4714 1201 4790 ubi
1224 4715 1358 4791 eodem
1382 4713 1443 4791 die
1465 4713 1665 4790 radiatum
1690 4713 1768 4790 fuit
1792 4711 1962 4789 duellum

373 4937 586 5018 ‘appellaton
604 4936 681 5012 MG,
698 4936 763 4999 OC.
801 4932 840 4968 ⁸²⁴
851 4937 952 5012 primo
969 4924 1065 4993 intret
1080 4931 1145 4994 def.
1163 4939 1194 4993 et
1211 4933 1302 5006 iuret,
1320 4930 1364 5004 V;
1383 4933 1483 5009 primo
1499 4933 1596 4992 intret
1613 4927 1689 5004 det,
1706 4929 1774 4992 OA.
1815 4927 1964 5004 'auditis

374 5042 443 5116 OB,
464 5041 540 5116 MA,
560 5039 635 5100 ΜΒ.
677 5035 819 5112 “manua
839 5036 879 5110 V,
900 5035 974 5096 CM.
1016 5031 1206 5112 'appellnt
1227 5031 1267 5106 V,
1288 5033 1365 5107 MA,
1385 5031 1451 5092 OC.
1494 5029 1608 5093 ²⁰deua
1630 5029 1765 5107 adiuvet,
1787 5031 1865 5106 MG,
1888 5031 1963 5107 CM,

373 5142 440 5204 OC.
479 5138 666 5219 ²²probator·
682 5157 740 5216 per
757 5135 851 5197 verba
868 5135 1059 5207 affirmativa,
1076 5135 1145 5208 OB,
1164 5132 1240 5207 MA,
1259 5133 1334 5193 ΜΒ.
1372 5130 1536 5209 ²²audins,
1554 5133 1624 5206 OB,
1642 5133 1718 5193 ΜΒ.
1758 5131 1786 5167 ²⁸
1797 5131 1963 5212 appellari,

373 5244 413 5320 V,
431 5243 499 5318 OC,
516 5241 591 5302 MA.
632 5236 746 5299 1‘deus
765 5236 899 5311 adiuret,
919 5235 997 5310 MG,
1016 5234 1091 5295 MB.
1132 5231 1199 5294 ²⁶ei
1219 5233 1309 5307 elius,
1330 5233 1407 5308 MG,
1427 5233 1493 5296 OC.
1534 5231 1688 5294 ²⁸socium
1707 5252 1805 5311 suum,
1825 5235 1865 5311 V,
1884 5235 1962 5296 MG.

373 5343 400 5378 ²⁷
411 5342 471 5419 vel,
487 5341 526 5416 V,
542 5339 620 5415 MG,
635 5339 701 5402 OC.
738 5334 897 5412 ιωοΟΜ,
913 5336 988 5397 ΜΒ.
1026 5332 1053 5369 ¹⁹
1064 5339 1231 5410 recreatus,
1247 5333 1317 5408 OB,
1334 5334 1409 5396 MA.
1446 5333 1473 5369 ²⁰
1484 5340 1543 5407 est,
1559 5336 1637 5412 MG,
1654 5335 1720 5398 OC.
1760 5335 1877 5411 ²²Ona,
1895 5336 1962 5412 OC,

374 5443 451 5505 ΜΘ.
489 5440 616 5520 ”regni
631 5442 725 5519 regis,
741 5439 781 5514 V,
797 5437 875 5514 MG,
890 5436 956 5500 OC.
