4392 6352
846 502 907 564 nn
930 503 1204 567 honoramus
1750 513 1823 583 811

235 649 302 726 illa
322 649 567 750 pertinentia,
589 661 629 728 et
649 677 780 730 omnes
802 654 939 730 assisas
960 663 1000 732 et
1020 655 1150 730 omnia
1171 654 1315 754 placita
1336 680 1420 754 quae
1442 655 1569 754 posita
1591 656 1752 733 fuerunt
1775 657 1826 735 ad

234 769 401 868 primam
421 769 578 847 assisam
596 794 727 847 coram
746 771 970 862 iustitiariis,
990 797 1078 849 eum
1098 772 1275 850 brevibus
1297 773 1502 850 assisarum
1522 785 1562 852 et
1582 775 1825 875 placitonrm,

233 885 290 962 ita
309 887 412 985 quod
433 886 558 964 assisae
577 887 651 964 illae
670 898 709 967 et
729 888 874 988 placita
894 916 966 989 pro
987 891 1142 967 deiectu
1161 891 1220 967 tui
1241 891 1302 968 vel
1323 893 1628 970 summonitionis
1649 902 1725 970 tuae
1746 917 1825 969 non

234 1013 469 1082 remaneant.
491 1006 630 1084 Facias
648 1007 794 1084 etiam²¹
814 1007 970 1084 clamari
991 1018 1030 1086 et
1050 1009 1137 1086 sciri
1157 1035 1227 1108 per
1247 1017 1372 1087 totam
1392 1010 1572 1087 ballivam
1593 1022 1702 1089 tuam
1722 1013 1826 1111 quod

234 1148 365 1201 omnes
378 1123 504 1201 assisae
515 1133 555 1202 et
567 1125 697 1201 omnia
708 1125 852 1224 placita
865 1152 949 1225 quae
961 1128 1123 1205 fuenmt
1138 1127 1414 1205 atterminata²¹
1427 1138 1466 1206 et
1480 1154 1559 1205 non
1572 1130 1684 1206 finita
1697 1154 1826 1206 coram

234 1241 446 1319 iustitiariis
462 1243 603 1320 nostris
617 1244 666 1320 de
681 1242 814 1334 banco,
830 1246 891 1321 vel
906 1271 1036 1323 coram
1052 1246 1262 1324 iustitiariis
1278 1248 1420 1324 nostris
1437 1249 1502 1346 qui
1518 1247 1655 1324 ultimo
1670 1249 1825 1325 itinera·

234 1372 374 1439 venmt
392 1363 433 1437 in
452 1362 638 1440 comitatu
656 1372 726 1440 tuo
746 1363 793 1440 de
813 1363 988 1441 omnibus
1009 1364 1171 1463 placitis
1193 1364 1254 1440 vel
1273 1390 1403 1442 coram
1422 1365 1635 1443 iustitiariis
1655 1365 1825 1444 nostris¹⁸

234 1478 324 1555 illuc
347 1479 470 1558 missis
496 1482 545 1557 ad
570 1481 706 1558 assisas
732 1507 840 1557 novae
864 1483 1068 1559 disseisinae
1092 1483 1297 1582 capiendas
1323 1494 1376 1580 et
1388 1484 1521 1581 gaolas
1548 1485 1825 1575 deliberandas,

234 1607 328 1674 tune
351 1599 427 1676 sint
450 1624 580 1675 coram
603 1600 777 1699 praefatis
801 1600 1012 1678 iustitiariis
1037 1601 1177 1678 nostris
1202 1603 1308 1701 apud
1333 1601 1450 1679 talem
1474 1602 1602 1679 locum
1626 1604 1667 1680 in
1691 1604 1825 1682 eodem

235 1727 340 1796 statu
360 1718 496 1817 inquo
516 1727 794 1808 remansenmt,
814 1745 887 1818 per
907 1729 1143 1819 preceptum
1163 1729 1339 1796 nostrum
1359 1719 1448 1797 vel²‘
1469 1731 1706 1820 praeceptum
1728 1747 1823 1821 prae·

233 1836 424 1913 dictorum
438 1837 730 1913 iustitiariorum
744 1847 965 1914 nostrorum
980 1838 1255 1927 itinerantium,
1271 1839 1332 1914 vel
1348 1864 1419 1938 per
1433 1839 1655 1917 iustitiarios
1672 1849 1824 1917 nostros

234 1953 282 2031 de
303 1954 436 2030 banco.
461 1954 670 2032 Summone
693 1956 808 2032 etiam
830 1956 1039 2055 perbonos
1062 1957 1355 2034 summonitores
1377 1983 1508 2034 omnes
1530 1959 1615 2035 illos
1638 1960 1703 2057 qui
1726 1959 1823 2035 vice·

233 2073 389 2150 comites
418 2075 579 2151 fuerunt
605 2084 694 2173 post
721 2075 897 2153 ultimam
924 2074 1207 2152 itinerationem
1234 2076 1505 2175 predictorum
1532 2076 1824 2154 iustitiarionrm

233 2202 454 2269 nostrorum
470 2193 510 2268 in
527 2193 702 2292 partibus
718 2193 805 2282 illis,
823 2195 926 2292 quod
942 2203 1035 2271 tunc
1053 2193 1131 2270 sint
1147 2194 1287 2271 ibidem
1304 2219 1434 2270 coram
1452 2194 1643 2294 praedictis
1661 2195 1822 2272 iustitia·

233 2311 299 2388 riis
315 2312 455 2388 nostris
471 2337 560 2388 cum
574 2311 752 2389 brevibus
769 2312 974 2388 assisarum
990 2320 1030 2388 et
1046 2312 1277 2412 placitorum
1293 2337 1377 2411 quae
1393 2322 1569 2411 tempore
1586 2338 1655 2390 suo
1671 2338 1823 2412 recepe·

233 2440 337 2521 runt,
360 2441 399 2507 et
422 2432 472 2507 ad
494 2431 805 2529 respondendum
829 2431 877 2506 de
899 2439 1073 2530 tempore
1097 2456 1166 2506 suo
1189 2431 1287 2508 sicut
1310 2432 1534 2530 responderi
1558 2431 1671 2509 debet
1695 2456 1824 2508 coram

233 2548 444 2625 iustitiariis
463 2547 771 2625 itinerantibus.²⁸
791 2549 849 2626 Et
868 2548 1007 2625 habeas
1027 2549 1079 2624 ibi
1098 2549 1390 2626 summonitores
1410 2557 1450 2626 et
1468 2551 1539 2626 hoc
1558 2549 1682 2626 breve.
1706 2551 1824 2627 Teste

233 2675 410 2743 etcetera.
426 2665 651 2766 Aliquando
665 2692 757 2743 vero
771 2691 859 2743 cum
874 2666 1067 2743 iustitiarii
1083 2667 1262 2744 itinerare
1279 2667 1420 2744 debent
1435 2667 1476 2743 in
1492 2668 1649 2745 diversis
1666 2669 1822 2744 comita·

232 2786 347 2875 tibus,
369 2786 465 2863 bene
486 2794 649 2885 possunt
670 2786 797 2863 facere
818 2785 1132 2863 summonitiones
1152 2785 1350 2883 generales
1373 2785 1443 2862 sub
1465 2787 1619 2862 nomine
1641 2812 1710 2862 suo
1733 2811 1822 2885 pro-

233 2903 319 3003 prio
334 2905 375 2979 in
389 2904 574 3003 praedicta
588 2905 716 2979 forma
730 2903 794 2979 sic.

333 3025 459 3104 Breve
479 3050 567 3102 cum
585 3027 661 3126 ipat
678 3025 874 3105 iustition'i
891 3025 1055 3121 fecerint
1074 3026 1409 3104 mmmonitionem
1430 3026 1584 3103 nonnae
1602 3026 1763 3126 proprio
1784 3037 1823 3104 et

332 3168 404 3243 per
420 3143 534 3222 breve
548 3169 673 3222 raom.

233 3262 358 3338 Tarrs
375 3272 415 3339 et
431 3263 520 3339 socii
536 3264 595 3339 sui
611 3263 803 3339 iustitiarii
819 3263 1043 3340 itinerantes
1061 3263 1102 3338 in
1117 3263 1186 3339 tali
1204 3264 1390 3340 comitatu
1408 3263 1618 3341 vicecomiti
1634 3264 1704 3340 tali
1722 3263 1822 3340 salu·

232 3389 322 3456 tem.
345 3380 582 3458 Mandamus
602 3381 708 3457 vobis
729 3407 778 3458 ex
799 3391 912 3481 parte
933 3383 1077 3458 domini
1098 3383 1199 3480 regis
1222 3382 1325 3480 quod
1347 3407 1588 3459 summoneas
1610 3407 1681 3480 per
1703 3382 1821 3460 bonos

233 3501 525 3577 summonitores
545 3525 675 3576 omnes
696 3499 1026 3598 archiepiscopos²⁰
1047 3509 1223 3588 etcetera‚
1243 3500 1372 3577 omnia
1390 3507 1436 3576 ut
1455 3525 1585 3599 supra.
1607 3501 1733 3577 Facta
1751 3500 1822 3598 igi·

232 3616 325 3692 tur²⁷
353 3618 524 3715 generali
552 3617 845 3695 summonitione
872 3628 917 3695 ut
946 3619 1173 3717 praedictum
1201 3625 1270 3706 est,
1298 3617 1508 3694 videndum
1537 3616 1637 3694 erit²⁸
1666 3620 1822 3717 quando

231 3735 391 3833 loquelae
404 3762 488 3835 quae
502 3746 592 3813 sunt
606 3737 646 3812 in
660 3736 781 3812 banco
795 3737 855 3812 vel
869 3737 959 3812 alibi
973 3737 1161 3835 incipiant
1172 3762 1256 3813 esse
1269 3761 1399 3812 coram
1413 3737 1625 3814 iustitiariis
1640 3737 1821 3814 itineran-

230 3856 346 3945 tibus,
370 3865 409 3933 et
433 3883 514 3933 esse
538 3856 715 3932 desinant
738 3880 868 3930 coram
891 3854 1103 3931 iustitiariis
1129 3856 1175 3931 de
1200 3854 1321 3930 banco
1346 3854 1406 3930 vel
1432 3854 1562 3942 alibi,²⁹
1586 3880 1674 3930 cum
1699 3855 1821 3954 possit

232 3975 476 4051 summonitio
490 3974 573 4050 fieri
587 3999 658 4073 per
669 3973 837 4050 multum
848 3983 1003 4072 tempus
1019 3982 1108 4049 ante
1121 3973 1206 4049 iter.
1222 3973 1280 4048 Et
1293 3972 1489 4048 sciendum
1503 3973 1607 4071 quod
1621 3997 1700 4048 non
1714 3981 1820 4050 ante·

232 4091 371 4184 f.11o]
427 4116 544 4189 quam
561 4091 754 4168 iustitiarii
772 4091 985 4190 inceperint
1004 4091 1195 4179 itinerare,
1215 4090 1305 4190 quia
1323 4090 1418 4168 bene
1438 4091 1581 4189 poterit
1600 4091 1674 4167 iter
1692 4090 1822 4168 multi·

232 4211 383 4310 pliciter
398 4211 587 4308 impediri,
605 4211 786 4299 revocari,
802 4211 863 4286 vel
879 4210 1073 4308 suspendi,
1090 4219 1129 4286 et
1144 4210 1248 4285 unde
1264 4234 1415 4308 semper
1432 4210 1586 4285 dabitur
1604 4210 1683 4286 dies
1701 4209 1820 4309 parti·

233 4329 304 4405 bus
328 4355 352 4405 a
376 4329 587 4406 iustitiariis
613 4330 660 4405 de
686 4328 807 4404 banco
832 4329 903 4405 sub
928 4329 997 4404 tali
1022 4328 1254 4417 condicione,
1280 4328 1352 4403 nisi
1378 4328 1571 4405 iustitiarii
1597 4328 1821 4404 itinerantes

232 4448 340 4547 prius
360 4448 535 4523 venerint
557 4448 606 4523 ad
627 4455 758 4545 partes
780 4447 876 4535 illas,
898 4456 937 4523 et
959 4472 1035 4545 quo
1056 4437 1147 4522 casu
1168 4472 1319 4545 semper
1339 4446 1593 4523 remanebunt
1616 4445 1759 4545 placita
1781 4447 1821 4523 in

232 4565 353 4641 banco
366 4591 564 4665 quousque
577 4564 663 4642 iter²
677 4565 875 4664 inceptum
889 4564 1019 4641 fuerit.
1038 4565 1080 4641 Si
1096 4574 1224 4641 autem
1238 4564 1353 4641 datus
1369 4565 1489 4641 fuerit
1505 4565 1584 4641 dies
1601 4574 1690 4641 ante
1706 4590 1821 4663 gene·

231 4683 352 4760 ralem
365 4685 698 4760 summonitionem
710 4683 898 4782 partibus,
915 4693 953 4760 et
966 4683 1073 4759 inira
1086 4683 1187 4759 diem
1200 4683 1310 4759 illum
1323 4683 1482 4782 incipiat
1496 4683 1701 4772 itineratio,
1716 4693 1821 4760 retro

230 4801 407 4879 trahetur
426 4802 505 4878 dies
525 4801 588 4878 ille
608 4802 659 4878 ad
679 4801 780 4878 diem
798 4801 1051 4877 itinerationis
1071 4826 1142 4900 per
1160 4800 1393 4899 generalem²
1415 4802 1759 4890 summonitionem,
1782 4810 1822 4877 et

231 5017 258 5053 ²²
269 5019 349 5094 Om,
364 5019 433 5094 OB,
447 5020 524 5096 MA,
539 5020 615 5093 ΜΒ,
631 5020 697 5081 ΟΕ.
734 5018 989 5081 ²²attachiataet
1005 5023 1213 5096 atterminata,
1230 5019 1267 5079 V.
1306 5018 1424 5096 211Οιιι,
1441 5019 1510 5092 OB,
1527 5020 1603 5095 ΜΑ,
1619 5020 1693 5080 ΜΒ.
1732 5017 1759 5051 ²⁴
1770 5019 1820 5079 vel

230 5139 298 5197 per,
312 5119 351 5193 V,
365 5120 434 5194 OA,
448 5120 516 5194 OC,
531 5121 604 5182 MC.
642 5118 667 5154 ²⁵
679 5124 794 5181 nostris
810 5119 1038 5195 itinerantibus,
1054 5122 1132 5197 MG,
1149 5121 1222 5181 CM.
1261 5119 1287 5153 ²⁰
1298 5119 1546 5198 archiepiscopos
1562 5125 1734 5198 episcopos,
1751 5119 1820 5195 OB,

231 5219 308 5294 MA,
325 5220 402 5295 ΜΒ,
419 5219 486 5295 ΟΕ,
503 5220 577 5297 ΟΜ,
593 5220 633 5283 Y.
673 5217 699 5254 ²¹
711 5227 824 5295 autem,
841 5219 909 5294 ΟΕ,
926 5221 994 5283 ΜΟ
1001 5243 1010 5293 ;
1028 5239 1113 5300 ergo,
1131 5221 1171 5282 Y.
1210 5218 1306 5297 ”est
1324 5222 1393 5297 OB,
1411 5222 1487 5298 MA,
1507 5223 1583 5299 ΜΒ,
1602 5222 1668 5299 ΟΕ,
1687 5223 1761 5297 ΟΜ,
1779 5222 1819 5284 Y.

231 5319 258 5355 ¹⁹
268 5321 349 5396 aliis,
362 5322 401 5396 V,
416 5320 493 5395 MG,
505 5322 571 5382 OC.

313 5421 419 5497 ²Om.,
436 5421 514 5498 MG,
530 5422 604 5482 CM.
642 5419 747 5496 ²Om.,
763 5422 832 5498 OB,
849 5423 925 5498 MA,
943 5423 1019 5482 MB.
