4432 6336
635 512 697 573 DE
720 512 1022 586 ADQUIRENDO
1046 515 1203 577 RERUM
1226 464 1428 578 DOMINIO
1757 523 1829 592 165

240 687 331 739 nam
346 672 519 739 remanet
533 688 625 741 vera
639 663 776 741 seisina
791 664 832 739 in
847 690 1033 764 suspenso
1048 692 1169 764 usque
1185 666 1248 742 ad²
1265 666 1502 742 vacationem
1510 665 1534 740 :²
1550 664 1609 743 ut⁸
1624 677 1718 744 tunc
1734 693 1830 766 prae·

240 790 366 858 sentet
384 782 609 859 donatarius
629 782 660 859 si
680 782 969 860 advocationem
989 783 1039 859 ad
1059 784 1177 861 alium
1197 810 1276 860 non
1295 783 1564 874 transtulerit,⁴
1583 786 1645 861 vel
1665 786 1831 864 donator

241 900 272 975 si
289 898 360 977 hoc
379 899 541 989 feeerit‚⁸
560 909 599 977 et
618 900 671 976 sic
689 900 763 977 erit
780 900 1061 978 observandum
1080 903 1146 978 ubi
1166 902 1365 980 advocatio
1385 912 1566 1003 separata
1585 913 1643 981 est
1663 930 1687 978 a
1706 905 1831 981 fundo

240 1029 280 1094 et
294 1043 373 1095 non
389 1028 447 1096 est
464 1019 511 1096 de
528 1019 641 1096 fundi
658 1019 910 1118 pertinentiis.
931 1022 1035 1098 Item
1050 1029 1132 1098 esto
1149 1022 1253 1119 quod
1271 1022 1318 1098 de
1336 1022 1462 1098 fundo
1478 1023 1549 1100 fiat
1567 1022 1724 1098 donatio
1742 1049 1831 1099 cum

240 1136 500 1226 advocatione,
518 1145 557 1215 et
575 1146 782 1237 antequam
800 1138 957 1214 eeclesia
972 1139 1165 1216 vacaverit
1182 1140 1242 1216 vel
1261 1150 1361 1239 post,
1380 1140 1500 1217 fuerit
1517 1141 1741 1219 donatarius
1760 1167 1831 1240 per

241 1258 466 1335 donatorem
485 1256 546 1333 vel
565 1256 684 1333 alium
701 1256 921 1346 disseisitus,
941 1267 980 1334 et
999 1265 1094 1334 tunc
1113 1259 1272 1357 incipiat
1291 1283 1427 1334 vacare
1447 1259 1614 1349 ecclesia,
1635 1284 1714 1335 non
1734 1285 1829 1359 prae·

241 1376 407 1453 sentabit
427 1375 652 1452 donatarius
673 1375 724 1452 ad
745 1375 940 1452 ecclesiam
960 1376 1067 1453 cuius
1089 1377 1288 1453 advocatio
1311 1386 1369 1454 est
1391 1378 1439 1455 de
1460 1378 1701 1477 pertinentiis
1724 1388 1830 1456 ante-

241 1519 357 1593 quam
372 1494 540 1570 fundum
555 1503 767 1592 recuperet,
783 1494 887 1594 quod
903 1503 961 1572 est
975 1494 1205 1594 principale:
1223 1504 1262 1572 et
1278 1496 1330 1572 sic
1347 1495 1409 1594 agi
1426 1505 1582 1596 oportet
1598 1497 1639 1572 in
1654 1497 1830 1596 pluribus

239 1613 401 1702 casibus,
416 1612 519 1711 quod
534 1611 711 1688 seisinam
724 1612 863 1689 habere
878 1639 956 1688 non
970 1615 1115 1713 poterit
1130 1615 1215 1712 quis
1230 1614 1277 1690 de
1291 1614 1532 1713 pertinentiis
1547 1616 1608 1691 vel
1624 1615 1830 1693 accessorio

240 1738 448 1830 antequam
467 1730 690 1830 adquisierit
709 1731 933 1831 principale.
957 1733 1060 1809 Item
1082 1732 1311 1831 quandoque
1330 1733 1471 1810 transit
1491 1734 1549 1810 ius
1571 1733 1831 1811 advocationis

240 1873 328 1927 cum
344 1874 516 1947 corpore,
533 1850 573 1926 id
588 1859 647 1926 est
664 1873 752 1926 cum
768 1849 853 1949 ipso
870 1850 994 1926 fundo
1011 1850 1072 1927 vel
1087 1859 1319 1939 tenemento,
1337 1851 1387 1927 ad
1405 1852 1508 1950 quod
1526 1852 1725 1929 advocatio
1743 1878 1829 1951 per·

238 1967 410 2058 tinuerit,
428 1967 658 2067 quandoque
674 1993 762 2045 cum
778 1968 1022 2067 expressione
1039 1977 1078 2045 et
1095 1969 1324 2068 quandoque
1343 1970 1434 2046 sine.
1455 1971 1556 2046 Cum
1574 1971 1829 2070 expressione,

239 2096 285 2163 ut
302 2086 333 2162 si
350 2084 527 2174 dicatur,⁶
543 2087 611 2162 Do
629 2086 699 2164 tibi
713 2086 881 2181 fundana
897 2087 1015 2164 iatum
1034 2111 1121 2162 com
1138 2087 1313 2165 omnibus
1329 2089 1573 2188 pertinentiis
1589 2089 1668 2165 sair
1686 2097 1725 2166 et
1743 2113 1830 2165 cum

241 2204 490 2282 advocatione
510 2202 684 2281 ecclesio.
706 2205 781 2281 Vel
802 2204 882 2282 sine
903 2205 1158 2304 expressione,
1179 2216 1224 2283 ut
1246 2207 1277 2282 si
1299 2207 1461 2296 dicatur,
1482 2207 1550 2283 Do
1572 2206 1642 2284 tibi
1661 2207 1830 2302 fundam

239 2324 357 2400 istum
376 2346 463 2398 cum
482 2323 659 2401 omnibus
676 2315 919 2422 pertiuentiis
938 2325 1017 2401 soie
1035 2325 1115 2401 siae
1136 2325 1264 2423 aliquo
1283 2325 1570 2416 retenemeoto]
1592 2325 1670 2403 sive
1690 2326 1760 2401 hoc
1781 2325 1831 2402 sit

239 2444 281 2519 in
296 2443 412 2519 feodo
428 2440 519 2518 sive⁸
537 2442 587 2518 ad
603 2442 766 2518 firmam.
786 2444 837 2518 In
853 2469 929 2541 quo
946 2468 1038 2519 casu
1053 2443 1195 2520 transit
1213 2443 1412 2520 advocatio
1429 2469 1517 2520 cum
1534 2446 1620 2544 ipso
1637 2444 1762 2520 fundo
1779 2444 1830 2520 ad

241 2561 496 2650 donatarium,
512 2562 596 2638 etsi
610 2570 763 2660 partem
778 2561 891 2637 fundi
906 2561 1065 2650 dederit,
1080 2561 1253 2660 quamvis
1268 2587 1355 2638 eum
1370 2562 1546 2639 omnibus
1562 2561 1830 2662 pertinentiis,l

239 2689 279 2756 et
293 2689 446 2780 partem
459 2679 673 2768 retinuerit,
687 2703 767 2754 non
780 2688 944 2779 propter
957 2679 1029 2754 hoc
1043 2680 1281 2756 transfertur
1297 2680 1508 2770 advocatio,
1525 2682 1593 2758 sed
1608 2706 1695 2757 cum
1711 2682 1829 2758 dona-

238 2808 323 2876 tore
339 2798 562 2888 remanebit,
577 2797 666 2876 licet
681 2798 879 2874 minimam
894 2806 1047 2898 partem
1064 2798 1177 2874 fundi
1193 2799 1411 2875 retinuerit:
1428 2824 1507 2874 non
1523 2799 1626 2874 enim
1641 2800 1829 2876 transfer·

239 2926 307 2993 tur
324 2917 524 2994 advocatio
540 2943 630 2993 cum
647 2916 777 3015 aliqua
793 2927 907 3015 parte
925 2917 1038 2993 fundi
1056 2916 1128 2993 nisi
1148 2917 1363 3016 specialiter
1379 2918 1653 2994 transferatur.
1676 2919 1779 2994 Item
1800 2918 1830 2994 si

240 3035 416 3134 pluribus
431 3035 501 3112 fiat
516 3036 673 3112 donatio
687 3036 734 3112 de
749 3035 874 3112 fundo
889 3035 1017 3134 aliquo
1032 3062 1103 3135 per
1118 3036 1327 3134 particulas
1341 3060 1429 3111 cum
1444 3035 1621 3113 omnibus
1636 3037 1830 3135 pertinen-

240 3154 304 3231 tiis
322 3153 435 3230 simul
452 3155 514 3230 vel
533 3153 752 3242 successive,
771 3154 851 3231 sine
869 3153 998 3253 aliqua
1017 3154 1261 3253 expressione
1282 3154 1552 3244 advocationis,
1572 3153 1709 3230 ultimo
1729 3155 1830 3230 feof·

241 3273 348 3350 fatus
368 3281 558 3372 quantum
578 3272 627 3348 ad
646 3274 705 3349 ius
726 3272 985 3349 advocationis
1005 3273 1078 3348 erit
1097 3273 1273 3349 omnibus
1294 3272 1376 3349 aliis
1397 3272 1678 3372 praeferendus:
1700 3273 1831 3348 habita

239 3398 372 3467 tamen
391 3391 633 3498 distinctione
655 3391 864 3468 secundum
885 3391 1072 3490 quosdam
1092 3391 1124 3467 si
1145 3391 1345 3468 advocatio
1366 3390 1582 3490 specialiter
1602 3390 1830 3491 excipiatur,

241 3519 375 3588 utrum
389 3513 554 3588 donator
571 3511 623 3586 sic
639 3513 753 3600 dicat,
769 3512 837 3588 Do
853 3510 950 3589 ΐίὁὶ10
967 3520 1118 3588 tantam
1134 3520 1278 3589 terram
1294 3535 1381 3587 com
1397 3511 1574 3589 omnibus
1589 3511 1832 3611 pertinentiis

241 3632 332 3722 aa,
354 3641 516 3731 eccepto
539 3640 649 3709 tanto
672 3643 785 3708 terrae
805 3631 854 3708 de
874 3631 1062 3731 predicto
1083 3641 1189 3709 terro
1210 3656 1297 3708 com
1318 3632 1573 3732 pertinentiis,
1595 3633 1656 3709 vel
1680 3641 1832 3708 retento

242 3751 334 3830 milti
348 3761 459 3831 tauto
474 3753 612 3831 terren
628 3753 825 3833 decadem
841 3762 956 3842 terro,
971 3751 1062 3851 quia
1075 3753 1116 3828 in
1132 3752 1257 3852 primo
1272 3777 1363 3828 casu
1378 3753 1532 3830 videtur
1547 3753 1650 3852 quod
1666 3754 1832 3830 donator

241 3882 369 3950 totum
386 3874 599 3951 transferat
618 3876 667 3950 ad
685 3873 942 3962 donatarium,
962 3873 1103 3950 scilicet
1121 3873 1410 3950 advocationem
1428 3898 1516 3950 cum
1535 3873 1617 3950 aliis
1637 3875 1830 3973 pertinen·

241 3995 315 4071 tiis.
332 3995 390 4071 Et
404 3997 507 4071 unde
520 4020 609 4070 cum
623 4004 758 4093 postea
773 3993 822 4070 ab
837 3994 902 4070 illo
918 4002 1002 4070 toto
1018 3994 1184 4093 excipiat
1201 4002 1365 4093 partem,
1381 3994 1534 4071 videtur
1551 3996 1653 4093 quod
1670 3995 1830 4071 advoca-

241 4113 324 4191 ti0¹²
340 4139 536 4191 remanere
552 4114 689 4191 debeat
704 4113 934 4192 donatario²⁸
950 4141 999 4191 ex
1015 4141 1091 4214 quo
1108 4114 1322 4214 specialiter
1339 4140 1427 4190 cum
1443 4125 1556 4214 parte
1574 4125 1737 4214 excepta
1753 4141 1831 4192 non

241 4236 489 4312 transfertur.
509 4235 552 4311 Si
569 4244 698 4312 autem
715 4235 767 4312 sic
784 4235 898 4324 dicat,
915 4235 983 4311 Do
1000 4235 1069 4313 tibi
1087 4245 1237 4311 tantam
1255 4245 1398 4313 terram
1414 4259 1501 4311 com
1520 4235 1696 4312 omnibus
1711 4237 1830 4334 perti·

242 4355 382 4432 acutii-s
400 4357 491 4444 auia,
509 4355 616 4433 salvo
636 4355 728 4434 miti
745 4355 806 4432 vel
825 4364 975 4432 retento
994 4355 1065 4434 tali
1082 4365 1208 4455 porte,
1226 4354 1408 4432 videtur²⁴
1429 4355 1532 4456 quod
1552 4356 1751 4433 advocatio
1772 4382 1830 4433 re·

240 4501 395 4553 manere
416 4477 553 4553 debeat
573 4502 661 4553 eum
680 4484 793 4576 parte
812 4476 991 4554 retenta²⁸
1011 4477 1072 4552 vel
1093 4477 1251 4553 salvata.
1275 4479 1379 4554 Item
1398 4487 1481 4554 esto
1502 4477 1605 4577 quod
1627 4477 1740 4553 alicui
1760 4478 1830 4555 fiat

242 4595 398 4674 donatio
417 4595 465 4672 de
483 4606 702 4673 tenemento
719 4622 807 4673 cum
827 4597 1086 4687 advocatione,
1106 4598 1226 4674 donec
1245 4599 1279 4673 ei
1298 4599 1560 4697 provideatur,
1581 4598 1612 4676 si
1632 4607 1722 4675 ante
1741 4623 1830 4698 pro·

324 4829 362 4865 ¹¹²
374 4831 414 4892 ad
428 4836 627 4908 vocationem,
644 4832 720 4905 ΜΒ,
736 4832 790 4892 CE
799 4855 808 4905 ;
824 4853 919 4911 usque
935 4831 1175 4907 advocationem,
1192 4834 1268 4908 MA,
1286 4832 1363 4907 MG,
1381 4834 1461 4907 CM;
1478 4853 1573 4911 usque
1589 4831 1830 4908 educationem,

243 4930 317 5005 Mc,
330 4932 369 4991 Y.
405 4928 471 5007 ⁸et,
485 4933 552 5007 OC,
566 4932 644 5008 MG,
658 4934 732 5006 CM,
747 4932 894 5006 MC;ubi
907 4941 991 5008 tunc,
1007 4934 1125 5006 CE;et
1139 4931 1216 4994 alias
1231 4941 1276 5010 ut,
1292 4934 1330 4994 Y.
1367 4931 1562 5009 ‘sustuledt
1576 4932 1645 5008 OB,
1662 4934 1737 5008 MA,
1754 4933 1830 4993 ΜΒ.

242 5030 328 5093 ³non
345 5031 467 5108 fecerit,
484 5033 523 5109 V,
541 5033 608 5108 ΟΕ,
624 5035 665 5110 Y,
682 5034 752 5110 OB,
769 5034 845 5109 MA,
863 5034 939 5109 ΜΒ,
956 5035 1037 5108 MC;
1054 5041 1128 5096 tunc
1144 5041 1312 5112 presentet
1328 5033 1491 5095 donatur-io
1509 5039 1537 5097 si
1553 5039 1599 5094 ita
1617 5042 1665 5096 est
1683 5057 1703 5095 a
1722 5033 1830 5107 fundo,

242 5133 315 5194 CM.
355 5131 473 5209 ‘dicat
489 5133 559 5209 OB,
576 5136 653 5211 MA,
671 5137 747 5211 ΜΒ,
765 5135 832 5211 OE,
850 5135 923 5196 cM.
964 5134 1119 5209 'retenta
1137 5137 1181 5210 V;
1200 5142 1386 5211 tenemento,
1404 5136 1471 5197 OA,
1513 5131 1596 5210 'vel,
1615 5137 1655 5210 V,
1674 5136 1743 5210 OA,
1763 5135 1830 5212 ΟΕ,

240 5236 279 5296 Y.
322 5233 543 5312 ⁰pertinentiis
565 5241 639 5310 suis,
659 5237 729 5312 OB,
751 5237 827 5310 MA,
848 5238 925 5310 ΜΒ,
947 5237 1020 5298 CM.
1063 5235 1182 5312 ²⁰Om.,
1204 5237 1273 5313 OB,
1295 5237 1371 5310 MA,
1394 5238 1470 5312 ΜΒ,
1493 5238 1566 5298 CM.
1610 5236 1739 5298 uterrae
1761 5257 1829 5298 cum

239 5339 436 5413 pertinentiIs
455 5339 530 5412 suis,
547 5337 614 5413 LA,
631 5336 672 5411 Y,
690 5336 764 5398 MC.
804 5334 831 5372 ¹²
842 5337 922 5412 Om,
940 5337 1010 5412 OB,
1028 5338 1104 5413 MA,
1121 5339 1197 5400 MB.
1218 5334 1264 5396 .²⁸
1275 5335 1428 5413 donatori,
1447 5339 1486 5415 V,
1505 5338 1574 5412 OB,
1594 5338 1669 5400 MG.
1710 5336 1830 5413 1⁴Om,

241 5438 309 5512 OA,
324 5438 390 5512 LA,
405 5438 483 5514 MG,
497 5437 564 5513 CB,
579 5439 640 5500 MC
660 5438 747 5516 (ψ).
783 5436 850 5472 ¹¹¹¹¹
862 5439 942 5516 Om,
955 5438 1021 5500 OC.
