4432 6340
647 466 707 526 DE
731 464 1034 538 ADQUIRENDO
1057 464 1214 527 RERUM
1238 465 1440 527 DOMINIO
1769 472 1840 546 171

251 643 361 695 suam
377 617 445 695 et¹⁰
462 615 741 694 intentionem¹²
758 617 829 692 boc
845 616 971 694 modo.
990 616 1110 694 Dicat
1128 619 1335 716 quodcum
1352 617 1434 716 ipse
1453 624 1492 693 et
1510 624 1765 695 antecessores
1783 617 1842 694 sui

252 749 290 815 et
309 737 480 814 homines
502 736 560 813 sui
580 737 628 812 de
646 735 717 812 tali
736 736 839 824 villa,
859 736 921 813 vel
941 735 1015 835 ipsi
1034 736 1131 812 tales
1151 736 1372 833 burgenses,
1395 735 1508 812 atali
1528 745 1703 834 tempore
1724 735 1843 835 quieti

251 855 462 944 extiterint,
479 864 518 931 et
533 855 607 953 ipsi
624 853 743 953 quieti
759 880 840 931 esse
855 853 1049 930 debeant¹²
1066 856 1114 933 de
1129 853 1329 932 theoloniis
1347 863 1386 931 et
1405 853 1487 931 aliis
1505 854 1843 930 consuetudinibus

252 973 402 1064 dandis,
425 982 507 1049 tam
530 973 571 1049 in
593 980 700 1049 terra
722 998 839 1072 quam
863 972 903 1048 in
928 998 1030 1072 aqua
1051 972 1193 1072 ubique
1217 973 1258 1049 in
1281 998 1402 1070 regno
1427 972 1595 1070 Angliae,
1621 997 1691 1072 per
1716 982 1843 1050 cartas

252 1093 397 1170 domini
420 1092 521 1190 regis
546 1101 585 1169 et
609 1100 893 1169 antecessorum
918 1116 1075 1168 suorum
1099 1117 1235 1189 regum
1260 1091 1427 1189 Angliae,
1454 1092 1485 1168 si
1510 1090 1588 1168 sint
1612 1099 1844 1168 mercatores

251 1210 535 1289 merchandisas
554 1218 774 1288 exercentes
792 1209 963 1309 exceptis
982 1209 1123 1287 talibus
1144 1210 1415 1286 merchsndisis
1436 1218 1476 1286 et
1495 1209 1648 1298 talibus,
1668 1210 1743 1309 ipsi
1763 1208 1843 1286 bul·

252 1330 318 1407 livi
342 1329 581 1428 distringunt
604 1329 733 1428 ipsum
756 1339 796 1406 et
819 1327 989 1406 homines
1014 1354 1114 1417 suos,
1138 1329 1201 1405 vel
1225 1329 1435 1426 burgenses
1460 1328 1570 1418 tales,
1596 1329 1647 1404 ad
1672 1329 1845 1405 dandum

253 1449 490 1529 theolonium
516 1459 555 1527 et
582 1447 676 1525 alias
703 1449 997 1526 eonsuetudines
1025 1458 1161 1526 eontra
1189 1451 1391 1549 predictas
1418 1449 1627 1540 libertates,
1655 1450 1712 1526 ita
1740 1450 1844 1549 quod

253 1580 439 1669 ceperunt
454 1571 503 1646 de
517 1569 587 1646 tali
602 1569 667 1668 qui
682 1567 801 1645 talem
817 1594 898 1645 rem
914 1569 1086 1646 vendidit
1102 1577 1257 1646 tantum
1273 1569 1427 1645 nomine
1443 1568 1637 1658 theolonii,
1655 1578 1694 1646 et
1710 1569 1758 1644 de
1774 1569 1845 1646 tali

253 1697 419 1766 tantum.
435 1688 493 1763 Et
506 1695 694 1787 praeterea
708 1696 894 1786 ceperunt
907 1687 1026 1764 talem
1040 1696 1078 1764 et
1093 1686 1454 1786 imprisonaverunt‚
1470 1687 1531 1763 vel
1545 1687 1846 1763 verberaverunt

255 1818 294 1885 et
320 1806 422 1884 male
447 1814 731 1884 tractaverunt:
760 1814 800 1882 et
825 1805 930 1882 unde
957 1830 1029 1905 per
1054 1805 1175 1881 talem
1201 1805 1384 1882 iniustam
1412 1807 1630 1905 captionem
1658 1805 1845 1882 damnum

252 1925 397 2003 babet¹⁸
410 1926 461 2001 ad
471 1925 681 2002 valentiam
692 1922 810 2002 tanti:
826 1933 865 2001 et
879 1924 982 2023 quod
995 1924 1092 2000 tales
1105 1923 1221 2001 babet
1234 1923 1442 2013 libertates,
1457 1934 1498 2001 et
1509 1922 1656 2000 tulem²⁴
1671 1923 1844 2023 quietan-

253 2044 378 2121 tiam¹⁸
403 2043 543 2120 babere
570 2044 708 2120 debeat
734 2068 806 2141 per
831 2051 979 2118 cartam
1006 2042 1150 2118 domini
1177 2041 1280 2140 regis
1308 2051 1346 2120 et
1375 2051 1659 2120 antecessorum
1687 2067 1845 2119 suorum

254 2188 392 2261 regum
416 2162 582 2261 Angliae.
607 2162 771 2238 Profert
794 2171 942 2237 cartam
965 2160 1053 2238 talis
1077 2161 1180 2258 regis
1205 2161 1352 2237 factam
1374 2162 1446 2237 tali
1470 2185 1584 2251 anno,
1607 2160 1678 2237 tali
1702 2186 1845 2250 mense,

255 2282 324 2358 tali
343 2281 403 2357 die
421 2281 531 2379 regni
550 2280 620 2369 sui,
640 2279 751 2378 quae²⁸
770 2287 938 2358 testatur
958 2279 1060 2379 quod
1079 2279 1180 2357 inter
1200 2278 1321 2356 alias'
1340 2279 1537 2357 libertates
1557 2305 1653 2379 quas
1672 2280 1846 2358 concedit

253 2400 336 2490 tali,
356 2400 417 2476 vel
438 2399 739 2477 antecessoribus
759 2399 848 2488 suis,
869 2399 1042 2476 concedit
1062 2408 1101 2475 et
1121 2399 1325 2475 confirmat
1345 2399 1379 2474 ei
1400 2398 1505 2498 quod
1525 2399 1607 2499 ipse
1629 2408 1668 2476 et
1688 2397 1845 2476 heredes

255 2518 315 2596 sui
329 2527 369 2596 et
381 2519 552 2595 homines
566 2543 700 2594 eorum
715 2518 764 2593 de
777 2516 847 2593 tali
862 2517 965 2605 villa,
982 2516 1099 2617 quieti
1116 2517 1192 2594 sint
1207 2527 1246 2594 et
1261 2516 1371 2593 liberi
1384 2513 1461 2593 de²⁸
1477 2517 1582 2594 omni
1597 2516 1789 2594 theolonio
1806 2527 1846 2594 et

255 2637 430 2714 omnibus
445 2635 783 2713 consuetudinibus
799 2634 1031 2713 secularibus
1048 2661 1132 2734 quae
1147 2636 1196 2712 ad
1211 2635 1340 2735 ipsum
1355 2635 1564 2734 pertinent,
1580 2635 1741 2712 inomni
1758 2636 1846 2712 foro

255 2765 294 2832 et
308 2755 377 2831 in²⁹
393 2755 568 2832 omnibus
583 2755 765 2831 nundinis
782 2781 852 2854 per
868 2763 996 2831 totum
1011 2779 1176 2852 regnum
1192 2779 1316 2843 suum,
1334 2762 1416 2830 tam
1432 2779 1504 2852 per
1519 2779 1625 2831 mare
1641 2779 1758 2853 quam
1775 2778 1846 2853 per

255 2885 400 2952 terram
425 2874 655 2973 ubicumque
681 2874 938 2972 pervenerint,
967 2882 1005 2949 et
1033 2898 1104 2972 per
1129 2899 1260 2949 omnes
1287 2882 1411 2949 terras
1439 2898 1527 2949 suas
1555 2872 1784 2971 ubicumque
1810 2873 1846 2949 ei

255 2995 286 3070 f.
301 2992 395 3086 Mb]
450 2991 647 3069 libertates
664 2994 757 3069 dare
772 2990 927 3092 poterit.
945 2992 1108 3067 Profert
1124 2992 1240 3068 etiam
1258 2999 1406 3067 cartam
1421 2989 1538 3067 talis²⁰
1556 2991 1713 3068 alterius
1731 2991 1845 3090 regis,

254 3112 324 3189 tali
340 3137 442 3188 anno
456 3112 566 3209 regni
581 3110 651 3200 sui,
666 3109 735 3188 tuli
749 3136 891 3200 mense,
906 3110 975 3188 tali
992 3109 1053 3186 die
1068 3110 1296 3200 confectam,
1313 3135 1397 3208 quae
1411 3110 1578 3209 primam
1594 3118 1741 3186 cartam
1757 3134 1845 3186 con·

255 3231 387 3308 firmat
408 3240 448 3308 et
469 3256 541 3329 per
562 3231 696 3307 eadem
718 3230 847 3318 verba,
870 3227 936 3306 et²¹
960 3228 1012 3306 sic
1035 3229 1212 3328 proferre
1236 3229 1380 3328 poterit
1404 3227 1535 3328 plures
1559 3237 1685 3304 cartas
1709 3254 1846 3326 regum

256 3359 595 3426 antecessororum.
617 3348 780 3425 Profert
801 3347 916 3425 etiam
938 3355 1086 3424 cartam
1105 3346 1194 3424 talis
1215 3347 1317 3445 regis
1338 3347 1404 3446 qui
1425 3371 1527 3422 nunc
1550 3354 1619 3436 est,
1640 3347 1711 3424 tali
1733 3372 1846 3436 anno,

255 3468 327 3546 tali
347 3493 489 3557 mense,
512 3467 582 3544 tali
605 3467 666 3544 die
687 3467 916 3555 confectam,
940 3492 1010 3565 per
1033 3491 1150 3565 quam
1172 3491 1303 3542 omnes
1327 3474 1453 3542 cartas
1476 3465 1734 3565 praecedentes
1758 3490 1845 3542 con·

256 3586 387 3664 firmat
403 3596 442 3663 et
457 3611 528 3684 per
543 3585 677 3663 eadem
692 3584 848 3674 verba‚²²
864 3594 903 3662 et
919 3611 990 3684 per
1006 3611 1123 3684 quam
1139 3584 1255 3661 etiam
1270 3584 1455 3672 concedit,
1473 3584 1576 3682 quod
1593 3583 1624 3660 si
1641 3583 1846 3683 pradictus

258 3704 359 3794 talis,
386 3704 447 3780 vel
475 3705 583 3793 tales,
611 3704 672 3780 vel
700 3728 833 3780 eorum
863 3712 1130 3790 antecessores,
1160 3701 1352 3802 predictis
1381 3701 1622 3778 libertatibus
1652 3702 1711 3778 usi
1740 3701 1846 3777 non²⁸

257 3823 405 3899 fuerint
425 3849 495 3923 per
515 3833 669 3922 tempus
690 3823 845 3921 aliquod
865 3847 936 3920 per
957 3822 1060 3920 quod
1080 3821 1165 3897 illas
1187 3821 1383 3898 amiserint
1405 3846 1476 3920 per
1497 3846 1575 3897 non
1596 3847 1721 3909 usum,
1743 3821 1847 3919 quod

257 3941 501 4018 nihilominus
517 3942 591 4041 ipsi
609 3951 648 4018 et
664 3941 821 4018 heredes
839 3941 897 4017 sui
914 3940 987 4016 illis
1006 3940 1054 4016 de
1071 3949 1197 4016 cetero
1215 3947 1378 4015 utantur
1395 3939 1512 4016 libere
1531 3949 1569 4016 et
1588 3939 1668 4015 sine
1687 3939 1846 4039 impedi-

229 4101 230 4104 *
256 4068 399 4137 mento.

357 4179 422 4254 De
441 4177 689 4277 responsione
708 4177 863 4256 illorum
882 4186 1018 4254 contro
1036 4176 1288 4254 intentionem
1310 4175 1562 4284 querentium.

258 4297 324 4372 Er
346 4296 435 4373 talis
460 4297 582 4373 maior
607 4307 645 4374 et
668 4297 766 4373 tales
790 4295 919 4371 ballivi
944 4294 1105 4371 veniunt
1129 4301 1168 4371 et
1193 4294 1410 4371 defendunt
1434 4293 1512 4370 vim
1538 4302 1577 4370 et
1603 4293 1782 4369 iniuriam
1808 4303 1848 4371 et

257 4415 439 4492 iniustam
455 4415 674 4515 captionem
687 4414 870 4491 theolonii
888 4424 926 4491 et
942 4413 1273 4490 consuetudinum.
1292 4413 1350 4490 Et
1368 4413 1501 4490 dicunt
1519 4412 1622 4512 quod
1641 4421 1849 4511 antequam

258 4533 388 4632 aliqua
401 4532 558 4610 libertas
574 4558 751 4610 concessa
767 4543 865 4610 esset
882 4532 1023 4609 talibus
1039 4531 1293 4629 burgensibus
1311 4532 1375 4630 qui
1394 4541 1620 4630 queruntur,
1637 4531 1697 4606 rel
1715 4556 1849 4607 eorum

259 4652 559 4730 antecessoribus
575 4652 623 4728 ab
640 4653 767 4751 aliquo
783 4678 874 4750 rege
890 4675 1067 4727 concessa
1082 4660 1192 4739 esset,
1209 4650 1270 4727 vel
1286 4659 1493 4748 antequam
1511 4650 1583 4749 ipsi
1601 4649 1666 4749 qui
1683 4675 1848 4748 quenm·

257 4777 325 4847 tur
351 4770 536 4847 haberent
562 4771 705 4860 villam,
732 4770 794 4846 vel
823 4770 1002 4869 burgrmr,
1030 4769 1091 4847 vel
1119 4776 1343 4858 mereatum,
1372 4769 1433 4843 vel
1463 4769 1613 4858 feriam,
1642 4767 1703 4843 vel
1732 4768 1849 4845 etiam

258 4985 325 5022 ²²²²²
337 4987 418 5065 Om,
437 4989 511 5050 ΟΜ.
551 4987 790 5050 nintentionem
808 5007 904 5065 suam,
923 4988 993 5063 OB,
1012 4987 1087 5062 MA,
1108 4987 1183 5060 ΜΒ,
1203 4985 1270 5061 ΟΕ,
1290 4987 1363 5046 MC.
1405 4983 1432 5019 ²²
1443 4984 1566 5061 debent,
1586 4985 1655 5060 OB,
1675 4984 1751 5058 MA,
1772 4984 1847 5044 ΜΒ.

259 5087 423 5166 ²⁸habeut,
443 5090 483 5165 V,
503 5091 569 5153 OC.
612 5089 637 5125 ¹⁴
650 5090 730 5165 Om,
751 5090 820 5165 OB,
843 5089 918 5164 MA,
941 5089 1017 5162 ΜΒ,
1039 5089 1105 5164 ΟΕ,
1127 5089 1200 5149 ΟΜ.
1244 5085 1535 5165 ²⁵adquietanuam,
1557 5087 1597 5161 V,
1618 5086 1686 5160 OC,
1707 5086 1748 5162 Y,
1770 5084 1849 5160 MG,

260 5191 333 5252 CM.
354 5188 456 5269 ²⁸qui,
475 5192 545 5268 OB,
565 5191 640 5252 ΜΒ.
682 5187 802 5267 1'Om.,
821 5190 891 5266 OB,
911 5190 988 5265 MA,
1009 5190 1086 5264 ΜΒ,
1106 5189 1179 5250 CM.
1222 5185 1310 5264 ιεΜ),
1330 5187 1400 5264 OB,
1422 5187 1498 5262 MA,
1521 5189 1595 5249 ΜΒ.
1637 5184 1757 5264 ¹⁹Om.,
1779 5186 1849 5262 OB,

259 5292 337 5370 ΜΒ,
357 5292 425 5368 ΟΕ,
444 5293 518 5354 ΟΜ.
559 5290 701 5368 ⁸⁰talem,
720 5293 765 5366 V;
784 5292 869 5366 talis,
888 5291 957 5365 OB,
977 5291 1044 5366 ΟΕ,
1064 5291 1138 5364 ΟΜ,
1160 5291 1242 5361 ΜΒ;
1263 5289 1329 5364 tal,
1350 5290 1419 5365 OA,
1439 5290 1507 5366 LA,
1527 5289 1594 5366 ΟΟ,
1616 5289 1656 5362 Y,
1678 5289 1754 5365 MA,
1775 5288 1849 5364 MC,

260 5394 336 5456 MG.
371 5391 438 5429 ²²²²²
450 5392 530 5470 Om,
544 5393 613 5468 OB,
628 5394 704 5469 ΜΒ,
721 5393 777 5470 Η-
791 5392 887 5471 MA).
922 5390 1041 5468 ²⁸Om.,
1055 5391 1125 5467 OB,
1139 5390 1206 5466 CB,
1220 5391 1286 5452 MA
1303 5390 1465 5469 (†non).
