4374 6366
335 489 409 558 868
867 482 1091 545 BBACTON:
1113 481 1174 543 DE
1198 481 1390 546 LEGIBUS

337 631 521 708 feloniam
535 631 704 730 aliquam
720 631 839 708 fuerit
854 632 1066 730 utlagatus,
1080 632 1112 709 si
1127 658 1226 709 uxor
1242 641 1405 732 propter
1419 633 1489 708 hoc
1505 623 1674 711 eicienda
1691 635 1740 711 sit
1756 636 1804 710 ab
1820 635 1925 712 here·

336 749 458 827 ditate
476 749 658 848 propria?
677 749 729 826 In
747 776 823 848 quo
842 775 933 827 casu
953 750 1110 827 diversae
1129 749 1248 827 sunt⁸²
1268 750 1478 850 opiniones,
1498 750 1566 827 et⁸⁸
1586 752 1796 830 secundum
1815 751 1924 830 Mar·

335 867 489 945 tinum⁸⁴
511 869 797 967 quodpropter
818 868 968 944 factum
988 867 1060 944 viri
1082 869 1140 944 sui
1161 869 1229 944 eici
1250 895 1329 945 non
1350 869 1517 959 deberet,
1539 894 1609 945 nec
1630 870 1671 944 in
1691 871 1773 946 vita
1793 896 1863 947 nec
1885 871 1926 946 in

334 997 460 1066 morte
474 988 546 1064 viri
561 987 631 1064 sui.
649 989 689 1065 S.
705 1013 796 1063 vero
811 987 859 1064 de
877 987 1047 1085 Segrave
1064 986 1181 1064 sensit
1196 987 1433 1063 contrarium
1449 988 1553 1087 quod
1569 988 1672 1065 foret
1689 988 1868 1078 eicienda,
1886 997 1924 1066 et

335 1132 547 1205 numquam
561 1105 603 1181 in
616 1105 697 1182 vita
710 1105 782 1180 viri
798 1103 883 1182 sui⁸⁸
899 1104 1147 1182 restituenda.
1165 1105 1223 1182 Et
1239 1105 1316 1180 haec
1332 1105 1435 1182 forte
1451 1105 1579 1204 potuit
1595 1131 1676 1183 esse
1692 1130 1818 1194 causa,
1835 1107 1925 1206 quia

333 1225 525 1302 hereditas
542 1224 777 1300 occasionem
794 1225 904 1300 daret
921 1223 1003 1299 viro
1021 1223 1199 1322 utlagato
1216 1224 1392 1300 veniendi
1411 1224 1460 1300 ad
1478 1248 1640 1300 uxorem
1658 1250 1778 1313 suam,
1798 1234 1837 1302 et
1854 1225 1924 1300 hoc

335 1351 434 1419 esset
453 1349 589 1432 contra
606 1366 751 1441 pacem.
772 1341 971 1418 Martinus
991 1340 1141 1418 dicebat
1161 1342 1264 1440 quod
1283 1350 1446 1441 propter
1463 1341 1534 1416 hoc
1554 1367 1633 1417 non
1653 1340 1836 1418 deberet⁸⁸
1856 1341 1923 1418 eici

335 1462 383 1540 ab
404 1461 627 1550 hereditate,
649 1461 721 1537 nisi
743 1468 833 1560 post
852 1458 1133 1557 utlagationem
1155 1459 1329 1536 convicta
1351 1469 1450 1537 esset
1473 1461 1520 1536 de
1542 1468 1839 1559 receptamento,
1863 1459 1923 1536 vel

335 1581 438 1657 forte
454 1580 558 1679 quod
573 1579 621 1654 ab
636 1579 745 1655 initio
760 1577 1000 1676 consentiens
1016 1586 1115 1655 esset
1132 1577 1293 1654 feloniae.
1313 1576 1383 1653 Si⁸⁷
1401 1586 1531 1654 autem
1547 1602 1637 1667 non,
1654 1576 1804 1655 dicebat
1821 1578 1924 1675 quod

335 1700 431 1775 bene
450 1698 578 1798 potuit
596 1698 723 1774 virum
743 1722 856 1773 suum
876 1696 1053 1773 exhibere
1072 1705 1111 1772 et
1130 1697 1164 1772 ei
1185 1696 1396 1772 necessaria
1416 1695 1585 1772 invenire
1606 1695 1647 1772 in
1668 1695 1742 1771 alio
1763 1694 1923 1794 regno.⁸⁸

336 1818 415 1895 Sed
433 1827 515 1894 esto
534 1817 637 1915 quod
655 1841 754 1891 uxor
774 1824 884 1915 petat
902 1814 1154 1891 hereditatem
1172 1839 1282 1890 suam
1301 1813 1361 1890 vel
1381 1822 1546 1912 partem,
1565 1837 1654 1890 cum
1674 1813 1793 1891 fuerit
1813 1822 1924 1890 extra

334 1935 522 2024 seisinam,
537 1944 744 2034 postquam
758 1934 817 2009 vir
830 1960 922 2010 suus
938 1933 1057 2009 fuerit
1071 1931 1283 2031 utlagatus,
1299 1931 1379 2009 sine
1394 1931 1477 2007 viro
1492 1957 1562 2008 suo
1578 1931 1702 2008 audiri
1717 1957 1795 2007 non
1811 1931 1923 2007 debet

334 2054 422 2132 licet
446 2053 565 2131 fuerit
588 2053 669 2130 sine
691 2053 818 2151 culpa,
840 2075 911 2127 nec
935 2050 1092 2127 assisam
1116 2059 1275 2150 portare
1297 2050 1441 2148 poterit
1465 2051 1513 2126 de
1535 2075 1638 2126 nova
1661 2049 1867 2137 disseisina,
1892 2049 1923 2126 si

333 2174 438 2249 forte
460 2181 549 2273 post
572 2171 852 2270 utlagationem
874 2168 1117 2245 viri⁸⁰·fnerit
1141 2168 1270 2245 eiecta
1297 2169 1401 2244 Item
1423 2191 1512 2243 cum
1534 2167 1725 2244 hereditas
1749 2167 1799 2243 sit
1822 2191 1922 2243 com·

333 2291 460 2368 munis
471 2299 554 2367 tam
566 2290 639 2365 viri
652 2314 768 2389 quam
780 2287 923 2376 uxoris,
937 2297 981 2364 ut
995 2289 1026 2365 si
1039 2297 1145 2365 terra
1158 2287 1251 2363 data
1264 2286 1383 2363 fuerit
1397 2286 1480 2361 viro
1493 2285 1534 2360 in
1546 2283 1822 2382 maritagium⁴⁰
1835 2309 1923 2360 cum

333 2433 466 2498 uxore,
479 2418 519 2486 et
534 2407 633 2484 alter
645 2405 845 2506 ipsorum⁴²
860 2404 1044 2482 feloniam
1057 2405 1192 2482 fecerit
1207 2430 1280 2504 pro
1294 2430 1371 2503 qua
1386 2403 1569 2480 iudicium
1584 2402 1807 2480 sustinuerit
1823 2403 1921 2479 utla-

333 2528 462 2627 gariae,
480 2527 664 2626 quaeritur
682 2551 732 2600 an
750 2525 814 2600 ille
832 2524 897 2623 qui
915 2524 995 2600 sine
1014 2523 1129 2622 culpa
1148 2523 1268 2599 fuerit
1287 2521 1462 2598 amittere
1481 2522 1618 2598 debeat
1636 2529 1760 2597 totam
1778 2530 1923 2597 terram

333 2645 439 2723 illam
459 2643 536 2721 an⁴¹
555 2644 635 2721 eius
655 2651 818 2744 partem.
841 2643 944 2718 Item
963 2666 1051 2717 cum
1071 2666 1130 2717 res
1150 2639 1361 2717 communis
1382 2639 1502 2716 fuerit
1523 2639 1624 2716 inter
1644 2638 1863 2738 participes,
1883 2647 1922 2714 et

333 2791 434 2841 unus
460 2763 643 2840 feloniam
670 2761 805 2839 fecerit
830 2770 870 2837 et
895 2758 1091 2836 convictus
1117 2759 1248 2847 fuerit,
1275 2757 1459 2858 quaritur
1486 2782 1537 2833 an
1563 2756 1652 2857 plus
1679 2754 1922 2832 forisfaciat⁴⁸

334 2909 451 2983 quam
463 2890 617 2981 partem
630 2905 750 2957 suam.
765 2879 934 2956 Videtur
947 2878 1051 2978 quod
1064 2903 1154 2953 non.
1171 2877 1229 2953 Et
1243 2876 1283 2952 in
1298 2877 1424 2975 primo
1441 2900 1542 2965 casu,
1558 2875 1646 2950 licet
1661 2875 1702 2950 in
1717 2874 1922 2951 donatione

331 3002 528 3101 maritagii
549 3001 694 3078 mentio
715 3000 785 3076 fiat
808 3000 856 3076 de
878 2998 972 3088 viro,
995 3007 1126 3074 tamen
1149 3021 1228 3073 non
1251 2997 1323 3072 erit
1346 2995 1429 3073 ita“
1452 2993 1551 3070 viri⁴⁵
1575 3003 1680 3072 terra
1703 2995 1796 3071 data
1819 2994 1922 3092 quod

333 3122 446 3200 eam⁴⁸
461 3122 686 3199 forisfacere
698 3120 832 3219 possit,
847 3119 937 3218 quia
950 3128 1035 3195 tota
1048 3115 1260 3194 remanebit
1275 3117 1387 3192 uxori
1402 3117 1500 3192 sicut
1515 3115 1705 3191 hereditas
1720 3140 1801 3191 sua.
1819 3114 1922 3190 Item

333 3244 365 3320 si
380 3243 517 3319 mulier
533 3243 662 3342 aliqua
676 3242 774 3318 sicut
788 3249 914 3317 mater
928 3263 1017 3316 cum
1032 3239 1111 3314 filio
1126 3238 1294 3314 tenuerit
1309 3237 1351 3312 in
1366 3235 1570 3324 communi,
1587 3245 1626 3312 et
1642 3235 1708 3311 ubi
1725 3234 1794 3311 dos
1812 3259 1921 3309 num·

333 3389 450 3462 quam
469 3361 615 3439 fuerit⁴⁷
635 3361 783 3461 partita
802 3384 870 3436 nec
890 3358 1098 3456 assignata,
1119 3358 1150 3434 si
1170 3357 1272 3434 filius
1293 3382 1365 3456 pro
1385 3353 1556 3432 felonia⁴⁸
1578 3353 1724 3430 fuerit⁴⁹
1745 3355 1921 3430 condem-

332 3492 459 3572 natus,
476 3481 660 3582 quaritur
675 3481 706 3557 si
722 3480 946 3556 forisfacere
961 3477 1111 3578 possit⁶⁰
1127 3479 1257 3554 dotem
1271 3476 1509 3554 matrissuae.
1527 3475 1695 3551 Videtur
1711 3475 1814 3574 quod
1830 3499 1921 3562 non,

333 3606 400 3680 sed
415 3603 569 3679 habebit
587 3601 775 3678 actionem
791 3626 923 3676 versus
942 3625 1031 3676 eum
1046 3599 1153 3674 cuius
1171 3598 1332 3674 eschaeta
1348 3606 1455 3673 terra
1471 3597 1539 3672 illa
1555 3595 1685 3671 fuerit.
1707 3596 1810 3671 Item
1829 3593 1922 3693 quid

333 3725 481 3801 dicetur
495 3723 542 3800 de
555 3749 600 3799 eo
614 3723 680 3822 qui
694 3747 782 3798 cum
795 3721 1071 3796 condemnatus
1087 3719 1206 3795 fuerit
1221 3719 1262 3794 in
1277 3717 1415 3794 saisina
1429 3716 1601 3793 extiterit
1615 3715 1663 3791 de
1679 3715 1761 3791 iure
1777 3714 1921 3790 alieno?

334 3844 438 3922 Item
460 3843 599 3919 sicum
620 3841 731 3918 hodie
754 3841 889 3918 fecerit
912 3838 1159 3927 disseisinam,
1183 3863 1266 3914 cras
1290 3837 1410 3914 fuerit
1433 3836 1730 3912 condemnatus?
1755 3834 1922 3911 Videtur

332 3966 436 4065 quod
452 3964 540 4041 talis
557 3965 616 4040 ius
633 3962 797 4040 aliorum
814 3961 1038 4038 forisfacere
1055 3985 1134 4034 non
1150 3968 1291 4058 potest,
1311 3959 1377 4035 sed
1394 3956 1578 4056 competit
1597 3956 1650 4032 cis
1669 3955 1768 4032 actio
1787 3964 1922 4031 contra

332 4085 520 4185 quoslibet
538 4084 788 4182 possidentes,
806 4082 837 4158 si
854 4080 1086 4169 voluerint,⁶¹
1103 4105 1174 4178 per
1192 4080 1306 4155 breve
1323 4080 1371 4154 de
1388 4078 1575 4175 ingressu.
1597 4076 1701 4152 Item
1719 4076 1750 4152 si
1768 4075 1852 4174 quis
1871 4075 1920 4151 ad

331 4207 452 4283 vitam
472 4203 690 4304 accipientis
710 4201 936 4278 concesserit
954 4209 1100 4277 terram
1120 4199 1232 4275 alicui
1253 4208 1342 4275 ante
1361 4197 1729 4286 condemnationem,
1749 4204 1843 4271 tunc
1863 4220 1920 4270 re·

332 4326 411 4402 fert
429 4335 562 4401 utrum
579 4324 649 4399 hoc
668 4323 802 4400 fecerit
822 4330 913 4397 ante
930 4320 1114 4397 feloniam
1132 4327 1398 4420 perpetratam
1416 4318 1477 4394 vel
1495 4324 1595 4416 post.
1620 4317 1662 4392 Si
1682 4325 1812 4392 autem
1831 4324 1921 4391 ante

332 4446 527 4534 feloniam,
548 4469 626 4521 non
646 4443 719 4520 erit
738 4452 844 4519 terra
863 4441 1023 4519 eschaeta
1045 4449 1135 4516 ante
1154 4447 1318 4516 mortem
1338 4438 1516 4527 tenentis,
1539 4461 1626 4513 cum
1648 4435 1776 4513 nullus
1799 4434 1921 4535 possit

332 4565 362 4641 f.
378 4566 471 4659 181]
527 4563 586 4640 ius
605 4562 772 4638 alienum
792 4561 1026 4638 forisfacere.
1050 4561 1092 4636 Si
1113 4569 1242 4636 autem
1262 4567 1350 4658 post
1371 4558 1566 4646 feloniam,
1587 4557 1691 4632 aliud
1711 4557 1795 4633 erit.
1818 4556 1921 4632 Item

332 4687 363 4764 si
378 4685 563 4762 advitam
579 4709 688 4761 suam
703 4682 904 4783 propriam
919 4681 1145 4758 concesserit
1161 4680 1437 4756 condemnatus
1454 4702 1542 4754 cum
1558 4677 1640 4753 vita
1655 4677 1828 4776 exspirat
1844 4685 1920 4753 ter-

331 4903 508 4979 ⁸²fucnmt,
531 4903 570 4979 V,
594 4902 663 4976 OA,
686 4901 752 4975 LA,
775 4899 843 4973 OC,
867 4900 906 4974 Y,
930 4899 1002 4960 MC.
1049 4896 1167 4973 ⁸⁸0m,
1191 4898 1260 4973 OB,
1284 4898 1361 4972 MA,
1384 4897 1459 4957 ΜΒ.
1505 4894 1532 4929 ⁸⁴
1545 4895 1590 4956 M.
1615 4893 1654 4955 dc
1679 4891 1850 4970 Patcshnll,
1874 4893 1919 4966 V;

331 5007 377 5066 M.
392 5006 431 5066 de
446 5006 492 5079 P.,
506 5005 582 5065 MA.
616 5001 644 5036 ⁸⁵
656 5003 736 5076 Om,
751 5000 819 5076 OA,
835 5001 901 5075 LA,
917 5001 957 5076 Y,
973 5001 1051 5076 MG,
1066 5000 1140 5061 CM.
1176 4997 1203 5032 ⁸⁶
1215 4997 1318 5072 debet,
1332 4997 1372 5073 V,
1387 4997 1453 5059 OC.
1491 4993 1557 5030 ⁸⁸⁸⁸⁸
1569 4996 1649 5072 Om,
1665 4996 1735 5070 OB,
1750 4996 1827 5071 MA,
1843 4995 1918 5054 ΜΒ.

331 5104 628 5181 ⁸⁸Om,MG,CM.
662 5101 690 5136 ⁸⁹
701 5105 759 5162 viri
773 5105 831 5176 sui,
844 5102 883 5175 V,
898 5101 973 5162 ΜΒ.
1008 5098 1450 5177 “maritagio,Y;maritag.,
1466 5098 1559 5159 MSS.
1574 5117 1639 5157 var.
1675 5095 1702 5131 ⁴²
1713 5116 1828 5170 eorum,
1843 5097 1919 5172 MA,

331 5206 406 5266 ΜΒ.
449 5203 551 5280 ‘'aut,
572 5202 641 5279 OB,
661 5203 738 5276 MA,
759 5203 834 5262 ΜΒ.
878 5199 1084 5276 ⁴⁸forisfacit,
1105 5201 1181 5276 CM,
1202 5200 1241 5260 Y.
1285 5197 1404 5274 ⁴⁴0m,
1426 5200 1495 5275 OB,
1518 5200 1594 5275 MB,
1618 5200 1684 5259 MA
1710 5196 1787 5275 (crit
1808 5197 1919 5276 ubique

329 5305 444 5382 terra).
484 5303 598 5378 “vir-o,
616 5304 655 5378 V,
673 5302 751 5376 MG,
770 5302 843 5364 CM.
884 5299 968 5376 “ea,
986 5301 1056 5377 OB,
1074 5302 1149 5362 ΜΒ.
1191 5298 1303 5375 flfuit,
1322 5300 1400 5375 MG,
1420 5301 1494 5374 CM,
1513 5300 1579 5361 OC.
1620 5298 1773 5374 “felonc,
1792 5299 1859 5374 LA,
1879 5300 1918 5361 Y.

330 5405 357 5441 ⁴⁹
369 5405 442 5483 fuit,
456 5405 535 5481 MG,
549 5405 623 5465 CM.
659 5401 686 5437 ⁶⁰
698 5410 813 5481 posset,
828 5403 907 5477 MG,
923 5401 985 5462 cM
993 5423 1002 5475 ;
1018 5405 1145 5482 potent,
1161 5402 1228 5463 OA.
1266 5400 1292 5434 ⁶²
1304 5401 1447 5477 voluerit,
1463 5402 1502 5478 V,
1517 5399 1585 5463 OB.
