4432 6340
385 537 459 604 264
918 527 1140 589 anacrorv:
1163 529 1224 589 aa
1247 529 1440 590 ruamus

385 682 447 757 vel
465 681 562 758 alius
581 682 632 758 ad
651 706 766 779 quem
783 706 861 757 non
881 680 1111 780 pertinuerit
1131 690 1170 756 et
1189 680 1248 756 ius
1269 705 1348 755 non
1366 679 1554 768 habuerit,
1575 679 1636 755 vel
1650 680 1688 756 si
1709 679 1767 756 ius
1788 679 1975 767 habuerit,

386 799 416 875 f.
431 798 526 892 arb]
582 798 679 876 alius
694 799 818 876 maius
833 799 891 876 ius
907 799 1033 888 habet,
1050 798 1145 876 facit
1160 799 1315 876 domino
1331 797 1488 896 capitali
1504 797 1778 896 praeiudicium,
1796 799 1845 874 ad
1863 823 1977 896 quem

385 944 492 994 mero
505 918 587 994 iure
600 917 831 1017 pertinuerit
844 917 1104 1015 maritagium,
1118 942 1207 994 curn
1220 916 1317 994 illud
1331 917 1379 994 sit
1393 917 1427 993 ei
1441 915 1706 1004 deliberatum,
1722 941 1810 992 cum
1824 926 1977 1016 emptor

386 1039 533 1115 nullam
552 1038 728 1114 seisinam
746 1037 923 1113 habuerit
942 1062 1073 1113 veram
1094 1035 1133 1112 in
1152 1036 1233 1112 vita
1251 1035 1460 1113 venditoris
1480 1044 1643 1134 propter
1663 1061 1742 1111 non
1762 1061 1886 1124 usum,
1907 1060 1977 1112 nec

386 1157 530 1256 poterit
547 1157 588 1232 in
605 1156 676 1232 hoc
694 1180 785 1232 casu
802 1156 980 1232 heredem
999 1180 1135 1232 vocare
1154 1156 1203 1231 od
1221 1162 1449 1231 warantum.
1472 1154 1516 1230 Si
1534 1163 1665 1230 autem
1685 1153 1841 1231 heredes
1861 1153 1975 1230 cum²'

385 1275 463 1350 sint
481 1274 551 1351 sub
568 1282 761 1373 potestate
778 1283 986 1373 parentum
1004 1274 1085 1350 sine
1101 1295 1288 1350 consensu
1306 1298 1439 1349 corum
1458 1298 1499 1348 se
1515 1273 1794 1361 maritaverint,
1814 1282 1977 1372 propter

384 1396 456 1470 hoc
478 1420 556 1470 non
578 1403 669 1471 sunt
690 1392 958 1481 exheredandi,
981 1393 1069 1469 licet
1092 1392 1204 1467 aliter
1226 1391 1508 1489 quodammodo
1532 1391 1717 1490 puniendi
1741 1391 1772 1468 si
1794 1401 1975 1490 parentes

385 1512 588 1589 voluerint.
612 1511 655 1589 Si
676 1519 806 1588 autem
826 1509 942 1586 cum⁸⁰
964 1509 1120 1586 heredes
1143 1510 1184 1586 in
1204 1507 1464 1609 potestatem⁸²
1487 1507 1730 1586 dominorum
1753 1509 1975 1585 devenerint

384 1657 464 1708 non
479 1631 661 1719 maritati,
678 1630 752 1729 ipsi
769 1630 912 1706 domini
929 1628 1112 1728 capitales
1129 1628 1371 1705 vendiderint
1388 1629 1636 1726 maritagium
1653 1653 1742 1705 cum
1759 1629 1818 1706 ius
1834 1629 1974 1705 habue-

384 1747 475 1837 rint,
489 1748 577 1824 licet
591 1747 715 1824 alius⁸²
730 1747 818 1848 plus
833 1747 937 1836 iuris,
951 1756 991 1824 et
1005 1746 1069 1823 ille
1084 1747 1149 1845 qui
1164 1747 1252 1846 plus
1267 1747 1359 1823 iuris
1374 1747 1551 1823 habuerit
1566 1747 1722 1845 petierit
1738 1748 1786 1823 ab
1801 1756 1975 1846 emptore

384 1868 634 1967 maritagium
655 1877 695 1944 et
716 1867 930 1953 custodiam
952 1865 1117 1941 heredis:
1141 1866 1181 1941 in
1204 1866 1275 1941 hoc
1297 1890 1389 1942 casu
1411 1865 1484 1942 erit
1507 1866 1684 1942 venditor
1706 1866 1900 1943 vocandus
1925 1866 1975 1941 ad

384 1997 613 2064 warantum.
639 1987 696 2064 Et
722 1986 825 2084 quod
850 1984 990 2060 dicitur
1014 1985 1062 2061 de
1086 2010 1164 2060 uno
1189 1994 1375 2084 emptore,
1401 1984 1475 2061 dici
1499 1985 1643 2083 poterit
1669 1986 1716 2062 de
1742 1983 1917 2084 pluribus
1943 1983 1975 2061 si

384 2105 632 2204 maritagium
648 2103 848 2181 venditum
863 2103 913 2180 sit
928 2103 1104 2202 pluribus
1121 2103 1169 2179 de
1183 2128 1302 2178 manu
1318 2103 1358 2178 in
1373 2127 1543 2180 manum.

484 2227 661 2304 Protiaio
677 2229 710 2305 a·
726 2226 811 2326 qaia
826 2226 1003 2331 heredem
1019 2225 1267 2303 mbtroaerit.

383 2351 573 2426 Pnovrslo
587 2351 635 2427 de
649 2351 841 2426 communi
854 2349 1011 2426 consilio
1026 2351 1132 2426 facta
1146 2351 1194 2426 de
1208 2350 1410 2426 heredibus
1424 2350 1529 2426 infra
1543 2358 1696 2427 aetatem
1711 2350 1973 2438 existentibus,

384 2470 416 2546 si
431 2469 525 2544 dum
540 2470 687 2546 fuerint
702 2469 809 2545 infra
822 2477 975 2545 aetatem
990 2493 1061 2566 per
1076 2467 1263 2544 melitium
1280 2468 1436 2545 abducti
1453 2467 1640 2556 fuerint‚⁸⁸
1656 2478 1696 2546 et
1713 2467 1887 2545 detentiu
1903 2494 1975 2569 per

383 2598 563 2689 parentes
584 2614 607 2664 a
625 2587 799 2664 custodia
818 2587 1072 2675 dominorum,
1093 2586 1198 2686 quod
1216 2589 1247 2663 si
1266 2587 1385 2662 laicus
1406 2586 1496 2663 inde
1514 2587 1709 2664 convictus
1731 2587 1850 2664 fuerit
1870 2588 1973 2686 quod

382 2727 548 2808 puerum
566 2707 771 2784 abduxerit
788 2715 828 2782 et
844 2705 1083 2783 maritaverit
1103 2706 1245 2804 absque
1264 2705 1419 2783 licentia
1437 2706 1580 2782 domini
1600 2705 1787 2805 capitalis,
1807 2705 1972 2783 reddat¹⁸

367 2825 559 2902 ¹custodi⁸⁸
579 2825 749 2901 valorem
767 2823 974 2922 maritagii,
994 2833 1034 2900 et
1053 2849 1193 2923 corpus
1215 2849 1288 2922 pro
1307 2824 1446 2900 delicto
1466 2825 1646 2902 tradatur
1666 2823 1763 2924 per⁸⁷
1785 2823 1973 2901 balliv0s³⁸

382 2945 558 3045 prisona,
576 2969 773 3043 quousque
789 2943 939 3020 custodi
956 2941 1216 3019 emendaverit
1233 2942 1426 3032 delictum,
1446 2952 1485 3019 et
1502 2969 1700 3041 quousque
1718 2943 1873 3020 domino
1890 2942 1973 3041 regi

382 3063 612 3140 satisfecerit
631 3063 678 3139 de
696 3061 1001 3160 transgressione
1019 3060 1096 3136 illa
1117 3061 1176 3137 Et
1193 3061 1264 3136 hoc
1283 3060 1558 3159 intellegatur⁸⁹
1579 3062 1628 3137 de
1647 3060 1848 3139 heredibus
1868 3062 1972 3137 infra

381 3181 672 3282 quatuordecim
687 3206 807 3256 annos
824 3180 1087 3256 existentibus.
1102 3177 1167 3256 De
1183 3179 1385 3257 heredibus
1403 3189 1533 3256 autem
1550 3181 1616 3278 qui
1633 3190 1724 3257 stmt
1742 3179 1971 3278 quatuorde-

382 3301 456 3376 cim
469 3325 659 3376 annorum
671 3307 710 3374 et
722 3299 827 3375 ultra
838 3324 959 3396 usque
974 3298 1025 3374 ad
1037 3297 1193 3397 plenam
1206 3305 1371 3387 aetatem,
1386 3297 1417 3374 si
1431 3323 1471 3374 se
1484 3298 1751 3375 maritaverint
1765 3298 1845 3375 sine
1858 3298 1971 3374 licen·

382 3418 438 3496 tia
452 3419 696 3494 dominorum
711 3427 755 3494 nt
771 3417 823 3493 eis
839 3417 1022 3493 auferant
1037 3414 1286 3514 maritagium
1301 3442 1424 3504 suum,
1442 3427 1480 3493 et
1498 3416 1674 3492 dominus
1691 3416 1867 3515 capitalis
1884 3417 1971 3492 telis

381 3534 530 3611 heredis
550 3535 732 3611 obtulerit
752 3534 785 3610 ei
804 3533 1032 3610 rationabile
1050 3533 1311 3632 marita'gium,
1331 3534 1398 3610 ubi
1418 3560 1496 3610 non
1517 3535 1790 3632 disparagetur
1809 3543 1849 3610 et
1870 3535 1972 3632 quod

382 3677 557 3730 recusare
581 3677 659 3727 non
683 3651 878 3740 deberet,‘⁰
903 3652 1079 3729 dominus
1105 3678 1196 3729 suus
1220 3661 1314 3728 tunc
1336 3660 1469 3729 teneat
1492 3662 1637 3730 terram
1661 3653 1741 3728 eius
1767 3653 1871 3729 ultra
1896 3662 1971 3728 ter-

381 3771 530 3848 minum
548 3770 672 3848 aetatis
691 3796 779 3860 suae,
799 3769 939 3848 scilicet
959 3769 1073 3847 unius
1092 3779 1131 3848 et
1152 3770 1318 3847 vicesimi
1338 3771 1441 3858 anni,
1462 3796 1533 3869 per
1553 3771 1658 3869 quod
1676 3781 1830 3870 tempus
1851 3771 1970 3869 perci·

381 3890 500 3990 pere⁴²
516 3891 638 3990 possit
653 3889 847 3989 duplicem
862 3889 1032 3967 valorem
1045 3889 1241 3987 maritagii
1257 3889 1467 3966 secundum
1482 3889 1773 3965 aestimationem
1789 3889 1971 3987 legalium

380 4009 590 4097 hominum,
605 4009 667 4085 vel
682 4009 892 4086 secundum
908 4008 1011 4106 quod
1027 4008 1060 4084 ei
1076 4008 1184 4107 prius
1200 4033 1273 4107 pro
1290 4009 1423 4084 eodem
1440 4008 1644 4105 maritagio
1662 4007 1835 4084 oblatum
1852 4007 1971 4084 fuerit

381 4129 462 4206 sine
480 4129 620 4205 fraude
639 4139 678 4205 et
695 4127 853 4216 malitia,
871 4127 933 4203 vel
950 4127 1160 4203 secundmn
1180 4126 1283 4224 quod
1302 4125 1458 4225 probari
1477 4126 1621 4225 poterit
1641 4127 1681 4202 in
1700 4126 1806 4202 curio
1827 4125 1969 4202 domini

380 4249 493 4348 regis.
514 4249 579 4325 De
598 4249 761 4325 dominis
781 4256 911 4324 autem
930 4247 1159 4346 capitalibus
1179 4247 1411 4335 custodibus,
1433 4246 1464 4322 si
1485 4246 1570 4323 illos
1589 4246 1855 4323 maritaverint
1875 4272 1970 4344 quos

380 4368 550 4447 habent‘²
571 4369 611 4445 in
631 4367 804 4444 custodia
823 4367 975 4444 villanis
995 4368 1056 4444 vel
1077 4368 1160 4444 aliis
1180 4367 1278 4444 sicut
1299 4365 1552 4465 burgensibus
1573 4367 1639 4442 ubi
1660 4367 1970 4466 disparagentur,

381 4490 413 4565 si
427 4488 524 4565 tales
540 4489 649 4564 heres
664 4488 769 4564 infra
784 4497 936 4564 aetatem
953 4487 1242 4586 quatuordecim
1259 4513 1459 4576 annorum,
1477 4487 1538 4564 vel
1553 4487 1642 4564 telis
1658 4487 1781 4564 aetatis
1798 4487 1970 4563 extiterit

380 4608 486 4709 quod
508 4633 587 4684 non
610 4609 731 4708 possit
754 4608 979 4697 consentire,
1003 4617 1096 4686 tunc
1121 4609 1152 4684 si
1177 4618 1357 4707 parentes
1381 4617 1678 4706 conquerantur,
1705 4609 1881 4684 dominus
1907 4607 1970 4683 ille

382 4729 533 4805 amittet
548 4728 762 4805 custodiam
776 4755 896 4827 usque
911 4728 963 4805 ad
977 4738 1129 4805 aetatem
1143 4727 1304 4818 heredis,
1320 4738 1359 4806 et
1374 4753 1487 4805 omne
1503 4730 1747 4805 commodum
1762 4729 1866 4828 quod
1882 4729 1970 4804 inde

380 4947 679 5024 ²⁹0na,MG,CM
702 4946 930 5026 (s.inp.),Y
955 4946 1122 5026 (†cnm).
1164 4945 1283 5024 ⁸⁰Om.,
1303 4948 1373 5022 OB,
1394 4949 1470 5024 MA,
1491 4948 1566 5010 MB.
1609 4947 1812 5026 ⁸²potestate,
1833 4948 1872 5022 V,
1894 4949 1970 5023 MA,

379 5049 446 5124 LA,
467 5048 533 5109 OC.
577 5047 697 5122 ⁸²0m.‚
719 5047 789 5122 OB,
812 5048 888 5121 MA,
910 5048 986 5109 MB.
1030 5046 1098 5081 ⁸⁸⁸⁸⁸
1109 5047 1190 5122 Om,
1212 5048 1282 5122 OB,
1305 5049 1381 5124 MA,
1405 5049 1480 5110 ΜΒ.
1526 5047 1709 5110 ”restituat
1732 5048 1825 5110 aliter
1848 5049 1969 5122 reddat,

381 5148 452 5222 cE3
468 5152 613 5210 restituat
628 5148 705 5210 alias
721 5147 842 5222 reddat,
856 5147 926 5223 OB,
941 5148 1018 5223 MA,
1033 5148 1109 5224 MB,
1125 5149 1198 5210 MC.
1236 5147 1302 5183 ⁸⁵⁴⁰
1314 5153 1457 5213 restituet
1472 5169 1530 5228 per
1546 5152 1642 5226 denti,
1659 5151 1741 5225 MG;
1759 5155 1904 5213 restituat
1919 5151 1970 5211 vel

384 5248 553 5328 (cornel.)
573 5247 693 5324 reddat,
710 5249 748 5310 Y.
787 5247 814 5282 ⁸⁸
826 5249 906 5325 Om.‚
922 5248 991 5323 OB,
1007 5249 1083 5324 MA,
1100 5249 1177 5324 MB,
1194 5249 1259 5310 ΟΕ.
1277 5247 1343 5284 ”⁶⁸⁸
1355 5251 1435 5325 Om,
1453 5251 1521 5326 OA,
1538 5252 1605 5328 LA,
1623 5251 1688 5312 OC.
1728 5250 1755 5285 ⁸³
1766 5251 1969 5331 intellegitur,

379 5349 449 5425 OB,
462 5351 538 5425 MA,
552 5350 628 5425 MB,
643 5350 715 5411 CM.
750 5347 777 5381 ⁴⁰
788 5349 891 5424 debet,
905 5349 972 5424 CB,
986 5349 1060 5424 CM,
1074 5349 1115 5424 Y,
1130 5350 1213 5422 MG;
1228 5349 1344 5425 debuit,
1358 5351 1425 5412 OC.
1461 5350 1487 5386 ¹¹
1500 5356 1647 5430 recipere,
1661 5353 1730 5427 OB,
1747 5354 1822 5429 MA,
1838 5353 1914 5428 MB,
1929 5354 1969 5428 Y,

379 5452 442 5512 CM
466 5448 619 5530 (posset),
638 5449 706 5513 MG
729 5447 828 5529 (quod
847 5448 938 5528 rec).
979 5446 1005 5482 ‘¹
1016 5447 1192 5527 habuerint,
1211 5451 1288 5527 MA,
1308 5453 1390 5525 MB3
1410 5450 1562 5529 habuerit,
1582 5453 1651 5514 OB.
