4394 6342
406 470 455 538 56
936 459 1158 520 aaacrou:
1181 457 1242 518 nn
1266 457 1458 519 aramus

405 620 533 689 stante
554 610 799 688 matrimonio
822 609 970 687 dederit
992 610 1105 685 uxori
1127 616 1166 686 et
1189 607 1319 709 pueris
1342 604 1634 682 communibus⁴⁰
1657 604 1790 681 velex
1815 603 1890 680 alio
1913 603 1997 680 viro

405 731 435 807 f.
452 730 545 824 lab]
600 729 825 828 progenitis,
846 727 936 828 quia
954 727 1070 805 licet⁴¹
1089 726 1247 805 donatio
1266 752 1346 803 non
1364 725 1492 803 valeat
1513 732 1702 824 quantum
1722 724 1772 800 ad
1791 749 1997 823 personam

405 849 549 938 uxoris,
571 848 714 925 valebit
734 845 892 925 tamen⁴²
914 854 1104 946 quantum
1126 845 1176 922 ad
1200 869 1382 945 personas
1405 869 1625 944 puerorum.
1653 842 1759 934 <Et
1781 843 1997 919 notandum

406 968 510 1064 quod
533 992 621 1042 cum
643 966 809 1042 donator
830 965 968 1042 minori
993 963 1141 1041 dederit
1165 971 1394 1052 curatorem,
1420 973 1459 1040 et
1482 969 1638 1038 curator
1662 959 1815 1038 nomine
1838 960 1996 1038 minoris

405 1086 525 1162 fuerit
543 1084 584 1162 in
600 1085 749 1175 saisina,
768 1086 799 1162 si
817 1086 983 1161 donator
1000 1093 1136 1185 postea
1155 1107 1395 1181 quacumque
1413 1080 1563 1158 ratione
1582 1105 1624 1157 se
1641 1079 1814 1180 posuerit
1833 1081 1875 1156 in
1894 1078 1995 1157 scisi-

404 1232 496 1283 nam
513 1217 552 1285 et
567 1207 657 1283 inde
673 1206 809 1283 obierit
826 1206 987 1296 seisitus,
1004 1231 1216 1305 numquam
1232 1212 1396 1304 propter
1412 1203 1483 1278 hoc
1500 1201 1715 1279 mutabitur
1733 1210 1857 1279 status
1875 1201 1995 1279 mino-

404 1329 456 1405 ris
488 1327 582 1428 quin
611 1327 776 1406 retineat
807 1338 943 1405 contra
975 1351 1244 1426 quoscumque.
1278 1325 1468 1424 Recipere
1500 1309 1631 1400 autem
1662 1322 1834 1423 poterit⁴⁸
1867 1333 1996 1401 tutore

405 1458 562 1526 auctore
578 1459 617 1526 et
633 1448 846 1526 consentire
863 1449 1062 1525 donationi
1077 1448 1148 1526 sibi
1165 1449 1289 1524 facta.
1308 1446 1535 1524 Consentire
1553 1454 1683 1550 autem
1700 1444 1899 1522 donationi
1915 1471 1939 1522 a
1956 1471 1996 1522 se

406 1570 590 1647 iacienda
613 1571 673 1648 vel
698 1568 955 1647 admittendi⁴⁴
978 1569 1119 1647 iterum
1142 1571 1369 1647 donatorem
1394 1569 1444 1644 ad
1469 1567 1648 1646 seisinam
1670 1592 1750 1644 non
1774 1576 1903 1666 potest
1928 1567 1995 1643 ali-

404 1691 511 1770 cuius
530 1691 771 1781 auctoritate,
787 1691 984 1768 meliorem
1002 1689 1104 1768 enirn
1121 1689 1380 1766 conditionem
1396 1715 1507 1767 suam
1525 1689 1653 1766 facere
1673 1696 1813 1788 potest,
1833 1688 1995 1765 deterio-

404 1838 488 1890 rem
505 1811 663 1889 autem⁴⁸
683 1837 938 1913 nequaquam.
959 1813 1063 1889 Item
1082 1838 1161 1888 non
1180 1819 1310 1911 potest
1328 1819 1438 1888 tutor
1458 1809 1510 1887 sic
1530 1811 1644 1887 datus
1666 1810 1714 1886 ab
1733 1809 1885 1887 homine
1906 1835 1994 1886 con·

404 1942 555 2010 vertere
570 1933 716 2032 aliquid
733 1934 774 2010 in
790 1959 882 2011 usus
899 1932 1058 2010 alicuius
1076 1933 1274 2009 donatoris
1291 1933 1352 2008 vel
1371 1931 1540 2020 alterius,
1560 1933 1626 2009 sed
1643 1929 1826 2008 tantum‘⁶
1844 1931 1886 2008 in
1903 1957 1995 2008 usus

403 2053 573 2144 minoris,
595 2054 686 2154 quia
705 2055 794 2130 inde
815 2053 1009 2154 oportebit
1029 2079 1117 2131 eum
1138 2053 1298 2130 reddere
1319 2053 1509 2129 rationem
1528 2052 1668 2128 minori
1688 2077 1776 2130 cum
1797 2053 1924 2131 minor
1945 2053 1995 2129 ad

404 2182 557 2251 atatem
571 2173 802 2272 pervenerit,
816 2173 877 2250 vel
891 2173 1036 2250 simale
1049 2172 1212 2271 gesserit
1225 2171 1393 2249 amoveri
1408 2171 1552 2272 poterit
1566 2180 1607 2248 et
1622 2171 1718 2248 alius
1734 2171 1992 2262 substituti>

506 2297 607 2391 Qua
622 2321 684 2374 rea
700 2296 786 2375 dati
800 2297 934 2396 possit.

404 2419 537 2495 Nunc
556 2419 752 2497 videamus
770 2445 854 2520 quae
873 2445 932 2497 res
950 2421 1035 2497 dari
1052 2420 1185 2519 possit.
1204 2419 1274 2496 Ad
1292 2419 1396 2519 quod
1414 2418 1631 2495 notandum
1647 2419 1752 2518 quod
1771 2445 1901 2496 rerum
1919 2418 1996 2495 alia

403 2538 626 2638 corporalis,
641 2539 717 2616 alia
732 2538 993 2639 incorporalis.
1011 2536 1234 2638 corporalis
1250 2563 1342 2614 vero
1357 2548 1416 2615 est
1433 2563 1516 2636 quae
1531 2538 1643 2636 tangi
1660 2547 1789 2637 potest
1805 2549 1845 2614 et
1861 2538 1994 2628 videri,

404 2660 502 2736 sicut
517 2658 589 2748 leo,
605 2659 763 2749 fundus,
780 2657 1062 2736 vestimentum.
1081 2656 1342 2756 Incorporalis
1358 2682 1450 2734 vero
1466 2667 1525 2735 est
1541 2682 1626 2757 quae
1641 2657 1752 2756 tangi
1769 2682 1848 2733 non
1865 2666 1995 2756 potest

403 2802 473 2854 nec
494 2776 627 2866 videri,
650 2802 814 2877 quarum
836 2777 1024 2876 possessio
1047 2775 1299 2854 diversimode
1322 2776 1561 2855 transfertur
1582 2775 1631 2852 de
1653 2801 1820 2876 persona
1843 2777 1884 2852 in
1906 2802 1994 2877 per·

403 2921 548 2974 sonam.
571 2896 629 2974 Et
652 2897 848 2974 sciendum
870 2897 973 2996 quod
995 2897 1087 2974 dare
1109 2904 1239 2996 potest
1261 2895 1345 2994 quis
1369 2904 1450 2972 tam
1474 2895 1638 2973 alienam
1660 2921 1881 2994 remquam
1903 2921 1992 2996 pro-

402 3015 540 3115 priam,
554 3013 780 3116 propriam⁴'
795 3015 948 3104 scilicet,
963 3039 1080 3114 quam
1092 3014 1207 3092 habet
1220 3015 1261 3090 in
1274 3014 1454 3112 prasenti
1468 3024 1506 3091 et
1520 3013 1561 3090 in
1574 3039 1692 3092 manu
1707 3041 1777 3091 sua
1790 3015 1873 3092 iure
1887 3015 1992 3091 here·

402 3133 553 3223 ditario,
568 3134 629 3210 vel
643 3135 690 3211 de
704 3136 916 3234 perquisito
930 3161 980 3211 ex
995 3159 1236 3233 quocumque
1248 3133 1375 3223 titulo,
1393 3133 1443 3210 ad
1456 3133 1576 3210 vitam
1591 3134 1652 3210 vel
1666 3133 1707 3209 in
1723 3134 1850 3223 feodo,
1866 3159 1938 3233 per
1952 3159 1992 3211 se

401 3255 462 3330 vel
480 3255 521 3330 in
538 3254 731 3330 communi
747 3277 835 3328 cum
854 3253 939 3329 alio.
961 3254 1065 3330 Item
1081 3261 1227 3329 terram
1246 3277 1362 3351 quam
1380 3251 1495 3330 habet
1513 3253 1574 3328 vel
1594 3252 1763 3329 accidere
1782 3251 1932 3352 possis!
1950 3254 1992 3330 in

401 3373 538 3450 futuro
554 3398 625 3472 per
639 3382 804 3450 mortem
820 3371 978 3449 alicuius
995 3378 1278 3448 antecessorum
1294 3396 1452 3447 suorum
1469 3371 1536 3469 qui
1552 3371 1789 3449 tenuerunt⁴⁹
1806 3373 1847 3448 in
1864 3371 1991 3460 feodo,

401 3491 461 3568 vel
481 3501 571 3590 post
589 3500 753 3567 mortem
773 3516 906 3569 eorum
926 3491 991 3588 qui
1010 3489 1248 3567 tenuenmt'⁰
1270 3490 1321 3566 ad
1340 3491 1460 3566 vitam
1481 3515 1721 3589 quocumque
1740 3491 1867 3568 titulo.
1890 3493 1992 3570 Rem

401 3627 494 3687 vero
516 3611 568 3687 sic
591 3611 684 3687 dare
706 3610 862 3710 poterit,
886 3618 932 3686 ut
955 3608 1120 3686 fidelitas
1145 3618 1184 3686 et
1209 3609 1406 3686 servitium
1431 3633 1564 3686 eorum
1588 3609 1654 3708 qui
1677 3609 1916 3686 tenuerunt'²
1941 3611 1992 3687 ad

400 3729 520 3805 vitam
548 3728 821 3807 attamentur⁸¹
848 3727 1061 3805 donatario.
1090 3727 1148 3806 Et
1176 3754 1253 3826 quo
1279 3752 1371 3805 casu
1399 3728 1430 3804 si
1458 3729 1681 3806 donatarius
1709 3736 1799 3828 post
1826 3737 1991 3806 mortem

400 3847 538 3924 talium
554 3847 720 3947 primam
736 3845 939 3924 habuerit⁶⁸
956 3847 1145 3936 seisinam,
1163 3855 1202 3923 et
1218 3847 1327 3924 heres
1345 3855 1467 3947 petat,
1485 3847 1640 3924 dabitur
1657 3849 1691 3925 ei
1709 3849 1885 3948 exceptio
1902 3872 1991 3924 con·

399 3977 463 4045 tra
484 3968 673 4044 heredem.
702 3967 744 4044 Si
768 3975 898 4043 autem
922 3967 1030 4043 heres
1056 3967 1223 4066 primam
1246 3964 1450 4042 habuerit⁸¹
1476 3964 1664 4055 saisinam,
1691 3966 1847 4044 dabitur
1870 3967 1989 4042 dona·

397 4086 499 4165 tario
523 4087 622 4163 actio
644 4095 780 4163 contra
801 4086 979 4163 heredem
1003 4085 1079 4162 ex⁸⁸
1102 4086 1217 4162 modo
1241 4083 1458 4162 donationis
1483 4083 1569 4161 sui⁵⁸
1594 4086 1823 4176 feoffatoris,
1848 4096 1888 4164 et
1912 4112 1990 4162 non

399 4205 584 4306 competit
605 4206 704 4283 actio
724 4205 938 4296 donatario,
959 4229 1043 4303 qua
1064 4204 1275 4304 competit⁸⁷
1297 4230 1367 4281 suo
1389 4205 1578 4293 danatori,
1601 4205 1693 4303 quia
1714 4204 1887 4304 quamvis
1908 4231 1990 4282 rem

399 4325 457 4401 ita
473 4324 565 4402 dare
583 4324 706 4424 possit
722 4335 768 4402 ut
787 4325 1014 4424 pradictum
1032 4334 1102 4413 est,
1120 4332 1253 4400 tamen
1272 4324 1461 4400 actionem
1481 4349 1591 4399 suam
1610 4324 1743 4401 cedere
1763 4329 1990 4423 non‘potest

400 4469 470 4519 suo
495 4444 672 4520 feoffato.
699 4445 804 4521 Item
828 4469 910 4520 rem
936 4443 1100 4519 alienam
1126 4443 1218 4520 dare
1243 4443 1388 4543 poterit
1414 4443 1510 4542 quis,
1537 4453 1577 4520 et
1604 4443 1735 4520 statim
1761 4444 1990 4522 convalescit

398 4564 556 4641 donatio
580 4563 789 4640 secundum
814 4564 918 4660 quod
943 4587 1062 4660 supra
1087 4561 1261 4639 dictum⁵⁸
1284 4570 1354 4639 est.
1382 4563 1486 4640 Item
1510 4563 1603 4638 dare
1627 4561 1771 4662 poterit
1797 4564 1880 4662 quis
1907 4589 1989 4640 rem

398 4764 588 4839 ”omnibua
607 4764 684 4839 MG,
703 4765 776 4826 CM.
817 4763 893 4838 *ῑεί,
911 4763 989 4838 MG,
1008 4764 1081 4824 CM.
1123 4762 1150 4797 ‘²
1161 4764 1242 4838 Om,
1261 4763 1328 4838 LA,
1350 4764 1580 4838 MG;tantum,
1601 4763 1677 4824 MG.
1719 4763 1746 4796 ⁴⁸
1757 4768 1874 4842 poterit
1894 4763 1989 4824 dona·

396 4870 522 4941 tionem,
538 4865 614 4939 MG,
630 4866 703 4926 CM.
740 4863 768 4898 ‘⁴
779 4863 986 4939 admittenda,
1002 4864 1079 4939 MG,
1095 4865 1168 4926 CM.
1205 4863 1325 4940 ⁴⁸Om.‚
1342 4866 1416 4940 HA,
1432 4866 1476 4937 V;
1492 4872 1557 4939 aut,
1572 4866 1639 4927 OC.
1677 4863 1771 4927 ⁴‘aad
1786 4875 1899 4940 tamen,
1914 4866 1988 4937 00;

397 4966 453 5027 sed
466 4965 688 5041 tantummodo,
701 4967 739 5027 V.
775 4963 894 5042 ‘'om,
909 4967 976 5041 LA,
990 4967 1052 5027 MC
1072 4966 1166 5043 (corr.
1181 4987 1211 5045 q.
1227 4987 1258 5045 p.
1274 4987 1306 5045 p.
1322 4964 1379 5043 a).
1416 4964 1443 4998 ⁴⁸
1455 4973 1571 5044 posset,
1586 4967 1655 5043 OB,
1672 4968 1747 5027 ΜΒ.
1785 4965 1811 5000 ⁴⁹
1822 4972 1989 5041 tenuerint,

398 5067 473 5140 CM,
487 5067 561 5142 MC,
575 5067 619 5140 V;
632 5070 777 5142 tenuerit,
791 5067 858 5142 OC,
872 5066 956 5139 MG;
969 5070 1080 5143 tenuit,
1093 5067 1168 5128 MA
1204 5065 1230 5100 ⁸⁰
1242 5071 1407 5141 tenuerint,
1422 5069 1497 5144 cM,
1512 5068 1551 5142 V,
1566 5069 1645 5140 MG;
1660 5073 1771 5145 tenuit,
1786 5070 1868 5142 MA;
1883 5077 1989 5130 tenue·

399 5169 451 5241 rit,
474 5167 540 5228 OC.
585 5164 610 5200 ⁶¹
622 5171 790 5241 tenuerim,
812 5168 879 5241 LA,
903 5168 978 5243 MC,
1001 5166 1041 5241 V,
1064 5167 1130 5230 OC.
1177 5166 1399 5245 ‘'attornetur,
1424 5169 1502 5244 MG,
1526 5169 1599 5232 CM.
1646 5167 1803 5247 ⁵⁸habuIt,
1826 5171 1896 5247 OA,
1919 5172 1988 5233 ΟΒ.

398 5264 426 5299 “
436 5265 555 5342 habuit,
570 5268 662 5330 MSS.
677 5288 742 5329 var.
779 5265 805 5301 ⁶⁶
817 5267 866 5344 dc,
880 5269 949 5343 OA,
964 5269 1031 5343 LA,
1045 5268 1120 5343 MC,
1135 5270 1209 5344 HA,
1225 5269 1292 5346 ΟΕ,
1307 5269 1375 5343 OC,
1390 5271 1474 5344 MG;
1489 5291 1558 5350 pro,
1574 5270 1648 5333 cM.
1685 5270 1712 5305 ⁸⁸
1723 5272 1804 5348 Om.,
1820 5273 1898 5348 MG,
1914 5272 1987 5334 CM.

398 5365 424 5399 ⁵⁷
436 5371 605 5444 competiit,
620 5368 690 5442 OA,
704 5368 771 5442 LA,
786 5368 854 5443 OC,
870 5369 910 5443 Y,
926 5370 998 5430 MC.
1037 5367 1063 5403 ⁶⁸
1074 5375 1201 5444 motum,
1217 5369 1286 5446 OA,
1302 5371 1369 5448 LA,
1385 5372 1453 5448 OC,
1469 5373 1543 5449 cM,
1560 5373 1627 5448 ΟΕ,
1644 5373 1717 5436 MC.
