4432 6336
622 514 683 573 DE
706 511 1009 585 ADQUIRENDO
1031 512 1188 573 RERUM
1212 511 1415 574 DOMINlO
1765 521 1813 588 85

224 666 328 744 sione
345 675 385 742 et
402 665 580 741 libertate
597 665 835 763 praecedente
852 663 913 739 vel
932 664 1023 752 sine,
1042 673 1081 740 et
1099 673 1193 739 tunc
1210 662 1371 740 utrum⁸⁰
1390 663 1461 739 sibi
1478 672 1644 751 tantum,
1663 663 1725 740 vel
1744 663 1815 740 sibi

224 797 263 864 et
281 784 483 862 heredibus
502 784 591 860 suis.
615 784 658 859 Si
677 792 808 859 autem
828 808 852 858 a
870 782 1025 858 domino
1045 782 1116 858 sub
1137 781 1243 859 cuius
1264 790 1457 880 potestate
1478 781 1637 870 fuerit,⁸²
1658 791 1697 859 et
1717 807 1813 881 prae·

223 906 378 982 cesserit
399 904 555 980 libertas
577 928 665 979 cum
686 902 995 992 manumissione,
1016 901 1120 979 valet
1142 901 1311 990 donatio,
1336 926 1381 977 ac
1403 901 1434 978 si
1458 901 1566 977 facta
1586 911 1686 978 esset
1709 901 1814 978 cirili·

223 1025 288 1102 bet
306 1024 370 1100 alii
389 1026 437 1100 de
455 1023 613 1123 populo,
632 1023 711 1099 sive
728 1021 799 1097 hoc
816 1022 887 1099 fiat
906 1047 994 1097 cum
1012 1030 1120 1098 carta
1138 1020 1198 1097 vel
1218 1021 1309 1110 sine,
1329 1021 1424 1096 dum
1441 1029 1572 1097 tamen
1592 1020 1814 1119 homagium

222 1143 482 1221 intervenerit.
500 1143 594 1218 Non
608 1149 740 1217 tamen
755 1150 867 1216 nocet
885 1139 916 1216 si
932 1140 1162 1217 interveniat
1177 1149 1397 1238 utrumque,
1415 1139 1506 1238 quia
1522 1139 1695 1238 quamvis
1712 1139 1813 1214 dica·

223 1264 253 1340 f.
267 1261 363 1356 24b]
418 1270 485 1338 tur
508 1263 611 1360 quod
634 1285 766 1336 servus
789 1259 953 1336 liberum
974 1267 1238 1335 tenementum
1259 1258 1399 1335 habere
1423 1284 1501 1334 non
1525 1259 1658 1358 possit,
1682 1268 1814 1336 tamen

223 1382 447 1460 defenditur
464 1381 506 1456 in
525 1381 773 1480 possessione,
792 1388 837 1455 ut
858 1379 889 1455 si
909 1379 1095 1454 feoffator
1115 1405 1206 1455 suus
1226 1386 1266 1454 et
1287 1377 1465 1454 dominus
1484 1387 1594 1477 petat
1615 1388 1654 1455 et
1674 1378 1814 1456 habeat

223 1502 350 1601 prima
369 1499 467 1576 facie
486 1499 685 1588 actionem,
705 1525 836 1576 servus
854 1497 969 1575 habet
988 1507 1124 1574 contra
1143 1497 1332 1573 actionem
1351 1497 1495 1573 domini
1516 1497 1575 1574 sui
1594 1506 1813 1596 competen-

223 1629 302 1697 tem
320 1619 601 1719 exceptionem:
621 1628 660 1694 et
679 1617 711 1694 si
729 1617 905 1694 dominus
924 1642 1013 1692 eum
1030 1617 1181 1693 eiecerit
1200 1624 1335 1692 contra
1354 1617 1503 1692 factum
1523 1641 1647 1704 suum,
1667 1626 1706 1693 et
1725 1642 1814 1692 cum

224 1763 354 1816 servus
384 1746 494 1836 petat
522 1737 700 1814 dominus
729 1735 897 1834 excipiat
925 1736 974 1812 de
1001 1735 1196 1823 servitute,
1227 1760 1358 1812 servus
1387 1734 1503 1811 habet
1531 1743 1813 1834 competentem

222 1857 511 1956 replicationem
537 1857 585 1933 de
612 1856 717 1931 facto
744 1854 899 1931 domini.
929 1854 1033 1930 Item
1059 1854 1091 1931 si
1117 1855 1158 1930 in
1185 1863 1292 1930 carta
1319 1854 1561 1932 contineatur
1588 1857 1704 1933 etiam
1732 1858 1813 1932 sine

221 1975 518 2053 manumissione
539 1999 733 2074 expressa,
754 1973 971 2050 habendam
992 1983 1031 2049 et
1053 1973 1262 2050 troadam
1283 1972 1412 2061 libere,
1433 1973 1561 2072 quiete
1581 1982 1622 2052 et
1642 1975 1813 2074 pacifice,

222 2094 294 2172 aba·
310 2105 349 2171 ct
364 2093 566 2171 heredibus
581 2093 672 2181 araia
688 2092 776 2169 licet
791 2091 1013 2189 homagium
1031 2116 1109 2167 non
1127 2092 1386 2180 intervenerit,
1403 2092 1579 2169 innuitur
1596 2118 1667 2192 per
1684 2093 1812 2170 huius·

222 2213 327 2289 modi
341 2212 459 2288 verba
474 2222 513 2289 et
529 2210 771 2288 vehementer
787 2210 1032 2310 presumitur
1048 2211 1152 2308 quod
1169 2212 1334 2286 donator
1350 2210 1472 2288 voluit
1490 2210 1606 2287 eum⁸²
1623 2237 1704 2289 esse
1721 2212 1812 2289 libe·

222 2356 311 2408 rum
328 2332 389 2407 cui
409 2333 596 2408 donatum
615 2339 683 2406 est.
706 2330 749 2406 Si
768 2339 899 2406 autem
917 2330 958 2405 in
978 2338 1085 2405 carta
1102 2329 1174 2404 hoc
1193 2328 1376 2406 tantum⁸⁸
1396 2330 1650 2420 contineatur,
1673 2329 1813 2409 hoben-

223 2451 316 2527 dom
339 2451 608 2528 attestandum
631 2449 712 2538 toli,
734 2474 823 2525 cum
845 2449 895 2525 sit
917 2475 1061 2537 servus,
1084 2473 1156 2548 per
1178 2448 1340 2525 liberam
1363 2449 1573 2538 servitium,
1596 2449 1813 2527 huiusmodi

222 2569 340 2647 verba
360 2594 440 2645 non
460 2569 611 2646 faciunt
631 2593 784 2644 servum
805 2567 968 2644 liberum
988 2590 1058 2644 nec
1079 2569 1175 2645 dant
1197 2567 1231 2642 ei
1253 2566 1416 2644 liberum
1436 2578 1710 2646 tenementum.
1735 2569 1813 2646 Est
1952 2627 1956 2636 .

223 2690 325 2765 enim
337 2688 453 2786 longe
467 2688 572 2765 aliud
585 2695 719 2763 tenere
731 2687 859 2775 libere,
875 2697 915 2763 et
929 2687 1033 2763 aliud
1048 2712 1119 2784 per
1133 2686 1296 2764 liberum
1311 2687 1519 2776 servitium,
1535 2689 1625 2786 quia
1640 2689 1813 2787 quamvis

223 2806 308 2906 quis
322 2814 453 2883 teneat
467 2832 539 2906 per
552 2805 715 2883 liberum
729 2805 937 2893 servitium,
954 2815 1179 2882 nontamen
1194 2815 1356 2904 propter
1371 2805 1442 2881 hoc
1455 2816 1563 2883 tenet
1578 2807 1707 2896 libere,
1724 2808 1814 2906 quia

223 2932 486 3003 tenementum
503 2925 608 3022 quod
624 2923 847 2999 conceditur
862 2923 1004 2999 villano
1021 2924 1232 3001 tenendum
1250 2950 1320 3022 per
1338 2924 1500 3002 liberum
1519 2925 1717 3003 servitium
1736 2951 1814 3002 non

224 3046 243 3120 f
244 3044 319 3121 acit
333 3044 520 3120 villanum
533 3042 696 3120 liberum
711 3042 783 3121 nisi
797 3052 929 3120 teneat
943 3043 1071 3131 libere,
1089 3069 1168 3119 non
1181 3045 1305 3142 magis
1322 3070 1438 3142 quam
1452 3044 1702 3143 villenagn'um
1719 3046 1814 3122 facit

223 3163 386 3239 liberum
401 3162 594 3238 hominem
608 3161 794 3238 villanum
811 3163 841 3238 si
856 3161 952 3238 liber
966 3161 1080 3238 homo
1096 3172 1226 3238 teneat
1243 3188 1314 3262 per
1330 3163 1490 3240 villanos
1508 3165 1813 3253 consuetudines,

223 3282 315 3380 qiria
329 3290 593 3358 tenementum
608 3280 702 3356 nihil
718 3281 870 3358 confert
887 3306 957 3356 nec
975 3281 1142 3358 detrahit
1160 3307 1343 3381 personae,
1361 3283 1434 3358 nisi
1452 3284 1655 3382 praecedat,
1673 3292 1719 3360 ut
1737 3285 1812 3360 dic·
1894 3371 1898 3376 ¹

223 3411 309 3478 tum
328 3410 397 3489 est,
417 3400 639 3499 homagn'um
657 3399 718 3476 vel
738 3399 996 3489 manumissio,
1016 3400 1077 3476 vel
1098 3399 1202 3499 quod
1220 3401 1452 3477 tantundem
1472 3402 1576 3478 valet
1595 3403 1643 3479 de
1664 3427 1813 3478 conces·

224 3519 329 3596 sione
347 3519 503 3607 domini,
522 3518 664 3595 scilicet
681 3518 784 3617 quod
803 3518 967 3595 villanus
986 3518 1102 3595 libere
1121 3528 1251 3597 teneat
1270 3529 1309 3597 et
1329 3521 1456 3618 quiete
1475 3519 1541 3597 et⁸⁴
1562 3545 1633 3619 per
1651 3520 1814 3600 liberum

225 3638 433 3726 servitium,
454 3637 524 3713 sibi
544 3647 582 3714 et
602 3636 804 3714 heredibus
824 3637 913 3714 suis.
938 3638 979 3713 Si
1001 3647 1132 3714 autem
1151 3637 1222 3713 hoc
1243 3637 1367 3715 solum
1387 3638 1538 3715 dicatur
1558 3642 1662 3738 quod
1682 3650 1814 3718 teneat

224 3782 296 3856 per
315 3757 477 3833 liberum
498 3755 706 3844 servitium,
729 3757 760 3832 si
780 3756 921 3832 eiectus
944 3756 1063 3832 fuerit
1084 3783 1107 3831 a
1128 3782 1368 3855 quocumque
1389 3782 1468 3833 non
1490 3758 1721 3857 reeuperat·⁶
1744 3785 1815 3858 per

224 3874 409 3951 assisam⁸⁸
427 3883 474 3952 ut
492 3874 654 3951 liberum
670 3881 945 3964 tenementum,
964 3873 1054 3973 quia
1072 3875 1228 3950 domino
1247 3876 1431 3975 competit
1450 3877 1568 3954 assisa
1586 3888 1627 3955 et
1646 3904 1725 3955 non
1744 3879 1813 3955 vil·

223 3993 324 4071 lano.
353 3993 459 4069 Sed⁸'
483 3992 600 4070 cum⁸⁸
623 3993 800 4070 dominus
825 3994 955 4092 ipsum
979 3993 1142 4083 eiecerit,
1168 3993 1353 4092 quaritur
1378 4019 1430 4070 an
1455 4005 1590 4072 contra
1616 3997 1814 4076 dominum

223 4141 339 4214 agere
357 4113 479 4214 possit
497 4115 545 4190 de
564 4113 814 4189 conventione
833 4136 921 4188 cum
941 4111 1066 4211 prima
1086 4112 1185 4189 facie
1204 4138 1283 4188 non
1301 4112 1440 4192 habeat
1461 4139 1666 4213 personam
1685 4118 1814 4194 standi

223 4235 264 4311 in
279 4233 431 4323 iudicio,
450 4232 587 4309 adhoc
604 4233 708 4330 quod
725 4231 901 4309 dominus
920 4230 955 4307 ei
970 4239 1102 4309 teneat
1118 4232 1420 4309 conventionem.
1439 4233 1607 4310 Videtur
1625 4236 1730 4334 quod
1749 4235 1813 4324 sic,

223 4361 387 4453 propter
405 4352 554 4429 factum
574 4350 717 4429 domini
736 4350 806 4440 sui,
826 4359 871 4428 ut
890 4349 922 4426 si
942 4360 1034 4448 agat
1054 4352 1102 4426 de
1120 4350 1371 4427 conventione
1389 4361 1428 4428 et
1449 4352 1626 4428 dominus
1647 4353 1814 4453 excipiat

222 4474 270 4550 de
292 4472 488 4560 servitute,
510 4469 695 4570 replicare
717 4470 861 4568 poterit
882 4470 931 4545 de
953 4470 1059 4545 facto
1081 4469 1225 4547 domini
1248 4470 1317 4559 sui,
1340 4471 1438 4548 sicut
1461 4497 1581 4570 supra
1604 4472 1744 4549 dicitur
1765 4475 1813 4549 de

222 4591 488 4668 feoffamento.
510 4590 595 4666 Nec
616 4588 785 4665 debent⁸⁰
806 4590 891 4664 iura
911 4589 1043 4665 iuvare
1064 4588 1264 4665 dominum
1284 4599 1420 4666 contra
1440 4590 1681 4668 voluntatem
1703 4618 1813 4669 suam

222 4710 313 4810 quia
336 4709 452 4787 semel
475 4708 596 4785 voluit
618 4708 921 4796 conventionem,
944 4717 984 4783 et
1007 4707 1180 4806 quamvis
1205 4709 1390 4784 damnum
1414 4709 1555 4787 sentiat
1578 4735 1658 4787 non
1682 4722 1813 4788 tamen

223 4829 297 4907 flt‘⁰
319 4829 355 4906 ei
375 4828 525 4904 iniuria.
548 4828 607 4905 Et
630 4853 678 4903 ex
701 4852 778 4925 quo
799 4826 1012 4926 prudenter
1034 4834 1074 4902 et
1096 4826 1258 4904 scienter
1281 4828 1475 4905 contraxit
1498 4855 1587 4905 cum
1609 4857 1718 4906 servo
1743 4857 1812 4908 suo

221 4949 338 5026 tacite
357 4946 593 5024 renuntiavit
612 4944 856 5043 exceptioni⁴²
878 4942 1083 5042 villenagii,
1105 4969 1175 5020 nec
1196 4945 1340 5044 poterit
1362 4970 1450 5024 eum
1470 4949 1571 5024 tueri
1593 4948 1813 5046 ignorantia

223 5127 482 5203 ⁸⁰si,MG,CM.
518 5123 869 5199 ⁸¹fuerint,MG,CM.
907 5121 934 5156 ⁸²
945 5126 1057 5200 ipsum,
1072 5123 1141 5196 OB,
1156 5123 1197 5197 Y,
1214 5123 1382 5199 MA30m.,
1399 5124 1474 5185 ΜΒ.
1513 5122 1539 5158 ⁸⁸
1551 5125 1632 5202 Om,
1649 5127 1718 5202 OB,
1736 5127 1812 5204 ΜΛ,

223 5229 298 5290 ΜΒ.
334 5226 361 5262 ⁸⁴
373 5228 453 5302 Om,
466 5225 535 5302 OB,
549 5225 626 5299 ΜΔ,
639 5226 715 5301 ΜΒ,
728 5226 769 5300 Υ,
782 5223 861 5299 MG,
874 5224 947 5284 cM.
982 5221 1009 5257 ⁸⁵
1021 5231 1194 5302 recuperet,
1207 5225 1247 5297 V,
1261 5224 1330 5299 OB,
1344 5226 1421 5300 ΜΒ,
1435 5226 1510 5286 MA.
1546 5224 1714 5289 “msiaam
1727 5247 1813 5290 nova

222 5327 402 5405 dhseisina,
423 5328 463 5403 V,
485 5327 565 5400 cM;
588 5330 717 5387 assisam
739 5345 835 5401 nova,
857 5325 933 5386 MG.
978 5322 1044 5358 ⁸⁸⁸⁸⁸
1056 5329 1082 5386 si
1105 5332 1218 5398 umen,
1241 5324 1281 5399 V,
1304 5326 1383 5402 MG,
1406 5328 1479 5389 cM.
1525 5326 1551 5362 ⁸⁰
1563 5327 1721 5405 deberent,
1745 5331 1811 5405 LA,

224 5430 297 5492 Mc,
333 5428 361 5464 ⁴⁰
372 5433 424 5505 ait,
438 5429 507 5505 OB,
522 5427 598 5502 MA,
613 5427 688 5488 ΜΒ.
725 5424 751 5460 ⁴²
764 5429 984 5504 exceptionem,
998 5425 1038 5500 V,
1053 5426 1130 5488 MG.
