4394 6342
385 469 434 537 68
915 459 1137 521 BRACTON:
1160 459 1221 522 DE
1246 460 1436 522 LEGIBUS

384 612 486 688 cium
509 610 683 688 aliorum.
708 610 766 687 Et
789 635 941 708 semper
964 609 1108 709 poterit
1133 611 1356 687 donatarius
1381 611 1429 687 de
1453 636 1495 687 re
1519 598 1612 687 dala
1636 610 1764 686 facere
1789 609 1976 708 quidquid

384 731 560 819 voluerit,
576 755 664 806 cum
680 729 730 807 sit
745 755 816 807 sua
831 729 998 818 omnino,
1016 728 1088 805 nisi
1105 728 1320 828 specialiter
1334 728 1578 806 contincatur
1594 729 1635 804 in
1651 737 1761 805 carta
1776 729 1881 828 quod
1897 753 1977 806 non

384 848 565 948 possit>
586 851 690 925 Item
706 844 817 924 sicut⁸
833 847 1011 946 ampliari
1027 858 1190 947 possunt
1206 846 1375 937 heredes,
1392 845 1451 924 ut’
1467 846 1694 946 praedictum
1711 857 1780 936 est,
1796 848 1853 924 ita
1870 871 1975 922 coar·
2020 895 2087 972 ὲ,

384 969 461 1045 tari
479 967 693 1066 poterunt²⁰
710 993 781 1066 per
798 969 957 1045 modum
976 967 1204 1056 donationis,
1224 967 1328 1066 quod
1347 991 1478 1044 omnes
1497 965 1655 1044 heredes
1674 966 1906 1065 generaliter
1925 965 1976 1044 ad

385 1087 659 1164 successionem
681 1111 761 1162 non
782 1096 980 1163 vocantur.
1006 1086 1152 1164 Modus
1176 1087 1278 1163 enim
1299 1086 1425 1185 legem
1449 1087 1517 1164 dat
1542 1085 1752 1175 donationi,
1775 1096 1814 1163 et
1838 1087 1975 1162 modus

384 1206 574 1283 tenendus
592 1215 650 1282 est
666 1204 811 1281 etiamn
829 1205 992 1282 contra²²
1009 1204 1096 1280 ius¹⁸
1115 1229 1316 1282 commune
1332 1216 1372 1283 et
1390 1214 1526 1281 contra
1544 1203 1712 1303 legem,²⁴
1730 1204 1821 1304 quia
1838 1205 1975 1282 modus

385 1334 424 1402 et
437 1325 639 1402 conventio
651 1325 810 1402 vincunt
823 1325 959 1423 legem.
973 1325 1035 1402 Ut
1049 1325 1079 1402 si
1094 1323 1256 1412 dicaun,
1269 1324 1338 1401 Do
1351 1323 1448 1400 ίιιῑιἯι
1463 1333 1614 1401 tantam
1628 1334 1772 1402 terrant
1786 1347 1874 1400 cuns
1888 1347 1975 1425 per-

385 1445 556 1524 tinentiis
571 1445 613 1522 in
630 1445 700 1522 tali
717 1443 820 1532 villa,
837 1443 1051 1522 habendam
1069 1453 1108 1522 et
1126 1444 1333 1522 tenendam
1350 1443 1422 1520 sibi
1440 1454 1478 1520 et
1497 1442 1699 1521 heredibus
1716 1444 1795 1520 sais
1813 1467 1910 1542 quos
1927 1444 1976 1521 de

385 1587 500 1640 earne
515 1587 587 1640 sua
603 1573 643 1640 et
659 1587 780 1640 unare
797 1562 869 1641 sibi
886 1564 1120 1662 despornata
1135 1572 1358 1663 procreatos
1377 1559 1563 1640 habuerit.
1584 1563 1660 1638 Vel
1679 1561 1743 1651 sic,
1761 1562 1830 1639 Do
1848 1561 1919 1639 tali
1937 1572 1976 1639 et

385 1683 499 1760 uaori
514 1706 594 1760 suae
612 1681 694 1772 tali,
712 1682 773 1758 vel
792 1707 879 1758 euna
898 1681 968 1759 tali
985 1681 1067 1780 filia
1084 1705 1170 1759 ntea
1188 1690 1367 1770 etcetera,
1386 1680 1601 1760 habendam
1620 1692 1659 1758 et
1680 1681 1886 1759 tenendam
1904 1681 1977 1758 sibi

386 1810 425 1878 et
444 1799 645 1877 heredibus
663 1799 770 1877 nris²⁸
788 1800 836 1878 de
855 1824 969 1878 enne
989 1799 1077 1878 talia
1096 1800 1229 1877 neoris
1247 1800 1309 1875 vel
1327 1797 1417 1898 filie
1437 1799 1666 1876 emerentibus
1684 1800 1746 1877 vel
1764 1799 1976 1898 moneatis

384 1919 450 1995 et¹'
471 1917 730 2018 procreandis.
752 1918 844 2008 Quo
864 1942 954 1994 casu
975 1917 1092 1994 cum¹⁸
1112 1919 1207 1995 certi
1227 1917 1385 1994 heredes
1405 1917 1674 2016 exprimantur
1695 1918 1737 1994 in
1757 1918 1975 2007 donatione,

383 2037 504 2114 videri
523 2037 666 2136 poterit
685 2038 789 2136 quod
808 2046 962 2113 tantum
981 2035 1055 2115 fle·
1074 2038 1277 2115 descensus
1296 2037 1347 2113 ad
1365 2037 1469 2136 ipsos
1487 2037 1644 2114 heredes
1665 2062 1884 2114 communes
1904 2063 1976 2137 per

383 2158 542 2233 modum
555 2158 596 2232 in
609 2157 817 2233 donatione
829 2156 1063 2255 appositum,
1078 2156 1254 2234 omnibus
1268 2156 1351 2233 aliis
1365 2154 1566 2234 heredibus
1582 2181 1606 2233 a
1620 2157 1853 2234 successione
1868 2157 1975 2255 peni·

384 2284 449 2351 tus
470 2275 645 2364 exclusis,
667 2274 848 2374 quiahoc
868 2275 990 2352 voluit
1011 2277 1187 2352 donator.
1210 2276 1269 2351 Et
1290 2277 1393 2353 unde
1416 2275 1448 2352 si
1468 2275 1685 2352 huiusmodi
1706 2275 1863 2352 heredes
1886 2301 1975 2375 pro-

384 2397 503 2473 creati
521 2395 680 2484 fuerint,
697 2395 771 2493 ipsi
786 2403 942 2471 tantum
959 2404 1147 2470 vocantur
1165 2396 1215 2471 ad
1233 2395 1518 2483 successionem,
1537 2404 1576 2472 et
1595 2396 1626 2471 si
1643 2395 1775 2470 taliter
1794 2393 1976 2471 feoffati¹⁰

384 2516 551 2614 aliquem
567 2514 729 2591 ulterius
746 2513 834 2590 inde
852 2512 1140 2600 feoffaverint,²²
1159 2523 1266 2591 tenet
1284 2514 1593 2603 feoffamentum,
1612 2524 1651 2591 et
1668 2514 1825 2591 heredes
1841 2523 1975 2591 tenen·

383 2644 452 2712 tur
475 2635 526 2711 ad
549 2634 788 2722 warentiam,
813 2657 901 2710 cum
925 2632 999 2732 ipsi
1023 2632 1117 2710 nihil
1140 2633 1307 2710 clamare
1331 2633 1480 2732 possint
1505 2633 1578 2710 nisi
1603 2659 1652 2709 ex
1677 2633 1910 2710 successione
1937 2643 1976 2710 et

385 2754 568 2831 descensu
593 2760 812 2853 parentum,
836 2751 1010 2851 quamvis
1035 2751 1264 2851 quibusdam
1289 2751 1466 2828 videatur
1491 2753 1594 2851 quod
1619 2752 1693 2850 ipsi
1719 2752 1874 2828 feoffati
1899 2753 1976 2829 sint

383 2899 473 2950 cum
488 2872 725 2972 parentibus,
742 2873 846 2971 quod
863 2896 941 2947 non
957 2881 1015 2949 est
1030 2896 1176 2947 verum.
1197 2870 1240 2947 Si
1256 2880 1387 2948 autem
1403 2871 1530 2948 nullos
1547 2871 1644 2949 tales
1660 2871 1817 2949 heredes
1835 2871 1975 2948 habue-

384 2991 504 3081 rint,¹²
527 3000 741 3068 revertetur
763 2999 869 3067 terra
892 2991 1031 3067 illaad
1054 2990 1281 3066 donatorem
1304 3014 1375 3088 per
1398 2988 1658 3066 condicionem
1679 2990 1851 3079 tacitam
1877 2989 1976 3067 etsi²⁸

384 3109 493 3186 nulla
507 3109 581 3186 fit²⁴
596 3110 740 3186 mentio
755 3110 795 3184 in
810 3108 1017 3185 donatione
1033 3109 1137 3207 quod
1153 3118 1382 3198 revertatur,
1399 3109 1460 3184 vel
1478 3133 1710 3206 expressam,
1729 3109 1760 3186 si
1775 3109 1919 3185 mentio
1935 3109 1977 3184 in

385 3227 591 3304 donatione
606 3227 810 3303 habeatur:
825 3227 936 3303 etita
951 3226 1024 3304 erit
1039 3227 1071 3303 si
1085 3227 1242 3303 heredes
1259 3226 1466 3325 aliquando
1481 3226 1681 3304 extiterint
1695 3236 1735 3303 et
1752 3227 1975 3305 defecerint.

389 3346 467 3423 Sed
492 3347 532 3422 in
559 3346 685 3445 primo
710 3371 802 3422 casu
827 3345 893 3422 ubi
919 3345 1049 3422 nullus
1075 3345 1258 3434 extiterit,
1286 3370 1438 3444 semper
1464 3345 1538 3422 erit
1565 3371 1626 3422 res
1653 3347 1747 3423 data
1774 3345 1977 3422 donatario

384 3465 548 3542 liberum
561 3473 825 3542 tenementum
839 3473 878 3542 et
892 3490 971 3540 non
986 3466 1156 3542 feodum.
1175 3467 1226 3541 In
1240 3466 1407 3542 secundo
1422 3464 1540 3540 vero²⁵
1556 3490 1647 3541 casu
1663 3491 1861 3564 quousque
1877 3467 1976 3542 ince-

384 3585 515 3686 perint
536 3586 693 3663 heredes
714 3612 796 3663 esse
818 3587 892 3664 erit
912 3585 1075 3662 liberum
1096 3596 1371 3675 tenementum,
1395 3611 1483 3663 cum
1506 3597 1636 3664 autem
1659 3587 1872 3686 inceperint
1894 3613 1976 3664 esse

384 3706 520 3805 incipit
536 3707 700 3783 liberum
714 3716 978 3784 tenementum
994 3731 1076 3782 esse
1093 3707 1262 3794 feodum,
1280 3716 1319 3783 et
1337 3731 1425 3782 cum
1441 3705 1623 3783 desierint
1640 3730 1720 3783 esse
1739 3707 1878 3783 desinit
1896 3731 1976 3784 esse

385 3828 555 3916 feodum,
577 3829 777 3905 etiterum
798 3826 931 3926 incipit
952 3853 1032 3905 esse
1053 3828 1217 3905 liberum
1236 3836 1511 3917 tenementum,
1534 3838 1572 3905 et
1593 3829 1650 3903 ita
1671 3853 1882 3927 numquam
1903 3829 1977 3905 erit

383 3949 437 4027 ibi
456 3951 557 4027 dotis
576 3950 726 4027 exactio
744 3951 816 4027 nisi
835 3977 936 4050 pura
956 3949 1004 4027 sit
1024 3949 1193 4039 donatio,
1212 3948 1344 4048 quod²⁸
1365 3951 1413 4028 de
1431 3949 1647 4027 reversione
1666 3974 1850 4048 expressa
1868 3947 1974 4025 non²⁷

384 4072 455 4148 fiat
468 4071 624 4149 mentio.
642 4074 745 4149 Item
758 4081 842 4149 esto
856 4073 959 4172 quod
975 4073 1027 4149 sic
1042 4071 1193 4148 dicatur
1208 4072 1249 4148 in
1263 4072 1480 4159 donatione,
1496 4071 1565 4148 Do
1580 4071 1649 4148 tali
1665 4081 1816 4148 tantane
1831 4079 1976 4148 taran

384 4217 472 4270 earn
490 4194 735 4294 pertinentiis
753 4203 920 4273 etcetera
940 4194 1154 4271 habendam
1175 4204 1213 4271 et
1234 4193 1440 4270 tenerrdan
1461 4192 1533 4270 sibi
1552 4202 1591 4269 et
1612 4192 1814 4270 heredibus
1832 4193 1976 4282 arrian

385 4317 542 4395 heredes
566 4317 615 4395 de
641 4341 802 4416 corpore
826 4341 897 4393 saro
921 4324 1145 4415 procreatos
1171 4313 1357 4391 habuerit.
1388 4312 1431 4389 Si
1455 4312 1553 4389 tales
1579 4311 1736 4391 heredes
1764 4313 1975 4400 extiterint,

385 4437 558 4536 quamvis
573 4436 795 4524 defecerint,
810 4435 1043 4534 generaliter
1055 4436 1217 4511 vocandi
1232 4444 1323 4511 sunt
1338 4459 1469 4510 omnes
1484 4435 1524 4509 in
1538 4434 1745 4522 infinitum,
1761 4435 1851 4532 quia
1867 4435 1975 4511 satis·

233 4615 240 4624 .
385 4558 535 4634 factum
551 4566 609 4633 est
624 4553 875 4631 condicioni.²⁸
895 4556 938 4632 Si
955 4563 1085 4632 autem
1102 4555 1231 4631 nullus
1247 4555 1336 4631 talis
1354 4564 1578 4654 procreatus
1596 4555 1715 4631 fuerit
1733 4580 1884 4653 semper
1903 4554 1976 4630 erit

384 4777 446 4854 ⁸si,
460 4779 537 4853 MB,
550 4777 629 4853 MG,
642 4777 721 4850 CM;
735 4780 790 4853 sic,
803 4777 870 4838 OB.
895 4774 1010 4852 ⁰sicut,
1024 4776 1064 4853 V,
1079 4776 1154 4837 MB.
1180 4775 1206 4846 ²9
1217 4783 1360 4854 possunt,
1374 4777 1452 4852 MG,
1467 4777 1539 4836 CM.
1576 4775 1602 4809 ²²
1615 4775 1696 4852 Om.,
1710 4776 1749 4850 V,
1765 4775 1841 4836 MG.
1867 4773 1934 4809 ²²²²²
1945 4783 1977 4834 et

383 4883 487 4953 etiam,
499 4880 572 4940 CM.
606 4877 672 4912 ¹¹¹¹¹
685 4877 844 4954 Om.,OB.
878 4875 945 4911 ”¹²⁸
956 4885 1065 4939 contra
1076 4876 1260 4952 huiusmodi,
1274 4879 1343 4954 ΟΛ,
1355 4879 1432 4952 MA,
1446 4879 1522 4954 MB,
1535 4878 1602 4954 ΟΕ,
1616 4879 1655 4939 Υ.
1689 4876 1796 4952 1‘tibi
1810 4877 1888 4952 MG,
1902 4876 1976 4938 CM.

385 4977 571 5057 ²⁸ipsorum,
595 4978 662 5053 LA,
687 4979 762 5054 MC,
785 4978 869 5053 MG;
893 4999 1008 5055 eorum,
1033 4980 1106 5040 CM.
1153 4977 1251 5057 ²'vel,
1275 4979 1315 5054 V,
1339 4980 1409 5054 OB,
1434 4981 1508 5040 Mn
1555 4977 1675 5054 ²⁸Om.,
1701 4980 1770 5055 OB,
1796 4980 1872 5056 ΜΒ,
1898 4980 1974 5040 MA.

384 5080 412 5115 ²⁹
423 5085 474 5157 sit,
490 5081 560 5157 OB,
575 5080 652 5157 MA,
668 5081 746 5157 MG,
762 5082 835 5142 CM.
873 5078 901 5115 ²⁰
913 5079 1073 5156 feodatus,
1089 5081 1129 5156 V,
1145 5081 1222 5156 MB,
1238 5082 1277 5143 Y.
1314 5079 1341 5114 ²²
1354 5081 1544 5156 leoffaverit,
1560 5082 1600 5158 V,
1617 5083 1693 5156 MA,
1711 5082 1787 5157 MB,
1804 5081 1843 5141 Y.
1883 5079 1975 5139 ”ha-

385 5181 497 5258 buerit,
512 5181 552 5256 V,
568 5182 637 5256 OB,
653 5182 730 5256 MB,
745 5183 784 5244 Y.
812 5179 981 5258 ²⁸ctiamsi,
998 5181 1038 5256 V,
1055 5183 1100 5255 Y;
1117 5185 1188 5258 nisi,
1205 5183 1277 5255 LA3
1295 5185 1333 5258 si,
1350 5183 1425 5257 HA,
1443 5183 1505 5244 MC
1528 5182 1584 5260 (-1-.
1596 5181 1658 5261 et).
1688 5180 1715 5215 ²⁴
1725 5185 1778 5258 sit,
1796 5181 1890 5243 MSS.
1909 5201 1973 5241 var.

384 5280 411 5316 ²⁸
423 5283 503 5358 0m.,
516 5282 556 5359 V,
569 5283 637 5358 OB,
650 5283 726 5358 MA,
740 5283 816 5358 MB,
828 5283 867 5344 Y.
902 5280 929 5316 ²⁶
941 5287 1023 5361 quia,
1035 5281 1075 5356 V,
1089 5284 1161 5343 CM.
1197 5281 1731 5361 ²⁷numquam,V;om.,MG,cM.
1767 5279 1795 5316 ²⁸
1805 5281 1975 5357 donationi,

384 5383 461 5458 MG,
478 5384 552 5444 CM.
