4374 6366
788 433 849 493 DE
872 433 1076 495 PLACITIS
1100 433 1289 496 CORONAE
1540 503 1544 510 ,
1762 444 1836 517 417

247 589 287 658 et
304 581 365 657 die
382 608 459 681 quo
475 581 547 657 hoc
563 582 646 658 fieri
664 583 796 661 debuit
815 584 892 659 fuit
910 583 1001 659 alibi
1020 593 1132 660 extra
1149 609 1324 682 regnum,
1344 586 1405 661 vel
1422 585 1463 660 in
1482 585 1679 684 provincia
1695 586 1837 665 intem

246 699 402 776 remotis
418 700 594 799 partibus
610 701 714 800 quod
729 701 931 778 verisimile
946 727 1027 779 esse
1042 726 1121 778 non
1136 702 1281 801 poterit
1295 703 1400 801 quod
1415 703 1486 779 hoc
1503 703 1606 802 quod
1623 706 1657 780 ei
1673 705 1836 804 imponi·

246 825 314 894 tur
334 818 418 893 fieri
441 828 572 917 posset
594 844 665 918 per
686 819 824 916 ipsum.
849 820 953 896 Item
975 820 1151 918 excipere
1174 819 1346 921 poterit¹⁸
1370 821 1418 897 de
1440 821 1641 899 omissione
1665 823 1772 899 lecte
1794 824 1835 899 in

246 934 414 1035 appello,
428 961 537 1012 exeo
552 937 654 1036 quod
669 936 762 1012 nihil
778 936 883 1012 eliud
897 937 989 1014 dicit
1003 938 1076 1014 nisi
1089 939 1195 1036 quod
1209 939 1413 1017 concubuit
1428 964 1517 1016 cum
1532 966 1589 1029 ea,
1605 940 1714 1017 nulls
1730 942 1836 1019 lecte

245 1053 440 1130 mentione
458 1054 505 1131 de
522 1054 736 1153 pucelogio.
756 1054 814 1131 Et
833 1055 964 1130 multae
983 1055 1066 1131 eliae
1084 1065 1248 1154 possunt
1268 1082 1348 1133 esse
1368 1059 1610 1156 exceptiones
1631 1059 1678 1136 de
1698 1059 1836 1158 quibus

245 1173 295 1248 ad
313 1196 479 1271 praesens
495 1171 589 1247 nihil
605 1171 741 1248 recolo.

345 1288 393 1367 Si
405 1289 626 1390 appellatus
639 1314 711 1389 per
723 1291 891 1389 patriam
905 1290 1027 1385 fuerit
1042 1290 1249 1380 convictos,
1264 1315 1351 1391 quoe
1365 1317 1483 1391 poeuc
1496 1304 1691 1392 aequatur.

247 1408 352 1484 Cum
371 1417 501 1485 autem
518 1407 612 1484 nihil
630 1408 679 1485 sit
696 1434 768 1507 per
786 1410 889 1506 quod
906 1408 1088 1485 declinari
1107 1411 1228 1508 possit
1246 1410 1456 1509 appellum,
1476 1411 1507 1488 si
1526 1411 1745 1511 appellatus
1765 1439 1836 1512 per

245 1526 414 1625 petriam
426 1527 546 1603 fuerit
558 1527 834 1602 condemnatus
847 1527 927 1604 sine
939 1527 1069 1627 aliquo
1079 1528 1354 1627 redemptione,
1369 1528 1497 1606 oculos
1511 1530 1666 1608 amittet
1678 1540 1717 1607 et
1729 1530 1835 1608 testi·

246 1644 351 1720 culos
368 1644 591 1743 supradicto
606 1644 766 1733 ratione,
782 1644 854 1722 nisi
870 1646 926 1721 ite
943 1645 992 1722 sit
1009 1647 1112 1745 quod
1130 1646 1276 1722 femina
1292 1647 1344 1722 sic
1360 1655 1546 1745 corrupta
1562 1674 1651 1724 eum
1667 1657 1777 1747 petat
1795 1648 1835 1724 in

78 1777 94 1810 ·
244 1761 371 1839 virum
385 1771 476 1838 ente
489 1759 672 1839 iudicium
686 1763 892 1851 redditum,
909 1763 1083 1861 quiahoc
1098 1773 1157 1840 est
1171 1772 1327 1841 tentum
1341 1764 1380 1840 in
1396 1765 1597 1842 voluntate
1611 1765 1779 1843 mulieris
1796 1773 1835 1843 et

244 1906 324 1958 non
340 1881 424 1970 viri,
443 1881 533 1979 quie
549 1883 581 1957 si
597 1880 668 1956 hoc
685 1891 784 1959 esset
801 1881 842 1958 in
860 1881 1060 1958 voluntate
1077 1879 1149 1958 viri
1168 1880 1247 1957 sic²'
1267 1890 1491 1980 sequeretur
1508 1881 1640 1960 istud'⁸
1659 1884 1834 1960 inconve-

244 2000 364 2088 niens,
385 2024 537 2076 servum
557 1998 732 2077 videlicet
752 1998 840 2075 vel²⁹
860 1999 1068 2098 ignobilem
1088 1999 1286 2076 mulierem
1306 1999 1472 2077 nobilem
1492 1999 1560 2077 et⁸⁰
1581 2000 1833 2100 generosem⁸²

244 2117 357 2194 unius
378 2116 601 2216 pollutionis
621 2116 797 2193 actione³²
817 2125 1008 2216 perpetuo
1030 2117 1189 2207 foedare,
1209 2126 1249 2195 et
1269 2118 1310 2193 in
1330 2119 1584 2217 opprobrium
1603 2119 1754 2217 generis
1776 2119 1834 2196 sui

244 2237 383 2312 ducere
404 2235 445 2312 in
465 2262 636 2313 uxorem.
662 2236 739 2312 Sed
761 2245 843 2312 esto
866 2237 969 2334 quod
990 2235 1050 2313 vir
1071 2245 1208 2335 raptor
1230 2235 1306 2313 sit⁸⁸
1328 2236 1466 2313 nobilis
1487 2246 1527 2314 et
1549 2237 1694 2313 femina
1718 2263 1835 2335 quam

244 2355 376 2452 rapuit
401 2353 591 2452 ignobilis,
616 2354 803 2452 numquid
830 2355 902 2430 erit
928 2353 969 2428 in
994 2354 1176 2430 electione
1203 2353 1356 2430 feminae
1382 2363 1574 2452 corruptae
1600 2353 1766 2451 eligendi
1794 2362 1833 2430 et

243 2472 412 2549 nubendi
430 2472 513 2548 viro
531 2473 648 2548 nobili
667 2472 728 2548 vel
745 2473 844 2547 non?
864 2472 969 2562 Quia
988 2472 1084 2548 illud
1104 2473 1205 2548 idem
1225 2481 1270 2549 ut
1288 2473 1442 2548 videtur
1460 2480 1684 2570 sequeretur
1704 2473 1833 2549 incon·

243 2591 397 2667 veniens
412 2615 461 2666 ex
477 2599 589 2689 parte
604 2590 675 2666 viri
691 2590 839 2665 nobilis.
857 2591 1101 2688 Respondeo,
1118 2587 1250 2688 qu0d⁸⁴
1267 2591 1346 2666 sive
1362 2590 1421 2666 vir
1435 2589 1573 2666 nobilis
1590 2590 1669 2667 sive
1684 2589 1832 2688 ignobi·

242 2709 300 2797 lis,
324 2706 496 2784 lemina⁸⁸
518 2707 655 2784 nobilis
678 2706 755 2784 sive
777 2706 983 2806 ignobilis⁸⁶
1006 2709 1066 2796 sit,
1090 2707 1268 2785 voluntas
1292 2732 1442 2806 semper
1465 2708 1538 2784 erit
1560 2709 1602 2783 in
1625 2707 1771 2784 femina
1793 2717 1832 2784 et

241 2825 387 2915 electio,
406 2826 498 2924 quie
514 2825 644 2924 quod⁸²
662 2826 704 2901 in
722 2825 867 2903 femine
886 2836 945 2903 est
963 2825 1235 2914 voluntarium,
1255 2823 1323 2900 in³8
1342 2824 1453 2901 riro⁸⁹
1473 2825 1546 2902 erit
1565 2824 1831 2914 necessarium,

241 2955 285 3022 ut
302 2944 475 3021 membre
491 2971 562 3021 sus
578 2943 769 3021 redimat‘⁰
788 2970 837 3020 ex
854 2944 1089 3021 necessitate.
1110 2945 1212 3021 Cum
1231 2944 1351 3042 igitur
1369 2943 1507 3020 mulier
1524 2943 1663 3020 habeat
1682 2943 1830 3020 electio-

242 3089 330 3140 nem
344 3073 383 3140 et
398 3073 528 3163 spreto
542 3063 680 3139 iudicio
695 3071 806 3161 petet
820 3063 948 3161 ipsum
962 3062 1003 3138 in
1017 3061 1155 3150 virum,
1171 3060 1392 3138 conceditur
1407 3061 1441 3138 ei
1457 3062 1506 3137 de
1520 3061 1649 3159 gratio
1662 3061 1765 3159 regis
1782 3061 1832 3136 ob

241 3183 416 3259 favorem
437 3181 682 3259 matrimonii.
708 3181 751 3257 Si
773 3190 904 3258 cutem
925 3180 1108 3256 iudicium
1132 3180 1301 3284 elegerit,
1326 3181 1434 3256 fecte
1455 3179 1679 3256 executione
1703 3177 1831 3255 iudicii

240 3300 270 3376 f.
287 3298 405 3394 148b]
461 3301 509 3377 de
524 3297 790 3398 corruptore,⁴²
807 3300 991 3399 procedat
1008 3297 1206 3397 appellum
1222 3323 1354 3374 versus
1372 3323 1435 3374 eos
1453 3297 1518 3395 qui
1536 3296 1722 3396 appellati
1740 3305 1830 3373 sunt

241 3420 289 3495 de
305 3417 438 3495 loreia.
455 3419 628 3495 Possunt
643 3417 745 3494 enim
759 3417 890 3517 plures
906 3443 985 3494 esse
1001 3417 1042 3492 in
1058 3415 1192 3505 forcia,
1208 3415 1275 3492 sed
1290 3423 1422 3492 temen
1437 3440 1538 3492 unus
1554 3424 1708 3492 tantum
1724 3424 1829 3490 tene-

241 3536 345 3612 bitur
359 3536 408 3612 de
422 3535 680 3635 corruptione,
695 3536 783 3611 licet
798 3535 929 3634 plures
945 3535 1067 3612 teneri
1083 3531 1259 3633 possint‘²
1275 3535 1324 3610 de
1339 3533 1555 3609 concubitu.
1572 3533 1630 3611 Et
1646 3558 1735 3608 cum
1750 3531 1831 3608 ibi⁴⁸

241 3654 392 3730 diverse
408 3652 513 3730 sint⁴⁴
530 3654 648 3741 fecta,
666 3652 820 3728 videtur
836 3654 938 3750 quod
957 3653 997 3728 in
1013 3661 1178 3750 utroque
1197 3650 1302 3728 facto
1320 3652 1426 3749 sequi
1443 3676 1523 3727 non
1539 3649 1723 3727 deberet⁴⁶
1742 3674 1830 3726 con·

240 3772 371 3849 similis
384 3797 511 3871 poena,
525 3773 615 3870 quia
626 3795 872 3870 corrumpere
885 3769 1084 3868 virginem,
1098 3779 1136 3847 et
1149 3767 1426 3845 concumbere⁴⁸
1440 3794 1528 3845 cum
1541 3776 1737 3866 corrupte,
1751 3792 1830 3844 non

241 3889 413 3989 sequitur
428 3899 635 3986 utrumque
650 3890 799 3964 fectum
815 3889 949 3964 eedem
963 3885 1124 3986 poene:‘'
1142 3889 1245 3986 quod
1262 3887 1416 3986 quidem
1431 3913 1565 3963 verum
1582 3896 1651 3975 est,
1668 3887 1735 3963 sed
1751 3910 1830 3962 non

239 4008 313 4084 nisi
332 4016 494 4107 propter
513 4005 675 4083 forciam
694 4032 778 4105 quae
797 4006 853 4083 ite
872 4004 1103 4082 coniuncta⁴⁸
1122 4003 1208 4082 est⁴⁹
1229 4005 1354 4105 primo
1375 4006 1481 4080 facto
1502 4006 1550 4082 de
1570 4003 1828 4103 corruptione.

240 4127 298 4204 Et
311 4134 404 4202 tunc
417 4125 469 4202 sic
482 4125 553 4201 fiet
564 4124 763 4223 appellum
775 4149 907 4200 versus
921 4122 1137 4223 appellatos
1151 4125 1200 4200 de
1214 4123 1347 4199 forcia.

338 4244 405 4321 De
421 4242 627 4343 appellatio
644 4242 692 4320 dc
708 4242 843 4337 forcia.

239 4362 395 4437 Enru
410 4361 462 4437 A.
478 4360 652 4459 appellet
667 4361 712 4436 C.
728 4361 831 4459 quod
845 4360 979 4436 eodem
994 4359 1066 4448 die,
1081 4361 1214 4436 eodem
1231 4383 1333 4434 anno
1349 4365 1516 4435 etceterc
1531 4384 1607 4456 quo
1623 4356 1828 4456 praedictus

239 4480 302 4568 Β,
319 4487 359 4556 et
374 4480 508 4555 eedem
523 4478 629 4567 hore,
646 4478 741 4555 dum
755 4476 885 4554 idem⁶⁰
902 4478 950 4553 B.
969 4477 1129 4554 abstulit
1146 4476 1391 4576 pucelagium
1408 4502 1520 4552 suum
1539 4474 1643 4551 fuit⁸²
1662 4475 1764 4552 idem
1782 4475 1828 4551 C.

239 4652 266 4687 ²⁸
277 4657 387 4732 possit,
402 4653 441 4729 V,
455 4653 529 4726 OA;
544 4660 660 4732 posset,
676 4653 764 4724 MG„
789 4649 814 4685 ²⁷
827 4653 907 4727 om,
921 4651 990 4725 OB,
1005 4652 1082 4726 MA,
1097 4651 1172 4713 MB.
1210 4647 1236 4684 ²⁸
1247 4650 1336 4727 illud,
1352 4650 1446 4712 MSS.
1462 4670 1527 4711 var.
1565 4648 1592 4684 ²⁹
1602 4655 1645 4724 et,
1661 4649 1730 4724 OA,
1747 4649 1827 4720 CM;

238 4775 308 4830 om,
326 4755 396 4828 ΟΒ,
416 4754 492 4830 MA,
512 4755 588 4828 ΜΒ,
609 4755 675 4827 CB,
696 4754 768 4815 MC.
810 4751 875 4787 ⁸⁸⁸⁸⁸
888 4752 969 4828 Om.,
988 4755 1057 4829 OB,
1078 4754 1154 4829 MA,
1175 4753 1250 4813 MB.
1291 4751 1499 4827 ‘'occasionc,
1519 4753 1556 4813 V.
1600 4750 1627 4785 ⁸⁸
1638 4758 1729 4828 esset,
1750 4750 1828 4825 MG,

240 4853 396 4929 CM,OC.
436 4852 642 4932 '‘quie,OA,
661 4854 730 4928 OB,
748 4853 824 4928 MA,
842 4854 917 4915 MB.
957 4852 1116 4930 ⁸⁵·⁸⁸Om.,
1134 4853 1203 4929 OB,
1222 4854 1298 4930 MA,
1317 4854 1393 4928 ΜΒ,
1412 4854 1487 4928 CM,
1505 4854 1582 4930 MG,
1602 4853 1667 4915 OC.
1709 4851 1828 4927 ³'Om.,

239 4953 317 5028 MG,
336 4954 410 5014 CM.
452 4951 561 5014 ⁸⁸·”et
578 4957 664 5027 viris,
683 4954 750 5029 OC,
770 4953 844 5029 CM,
865 4955 931 5016 MG
956 4952 1114 5031 (-erit).
1157 4951 1276 5029 ⁴⁰Om.,
1296 4953 1365 5028 OB,
1387 4956 1464 5029 ΜΒ,
1484 4956 1551 5016 MA
1575 4953 1631 5032 (†
1643 4952 1826 5032 custodiet).

239 5052 266 5087 ⁴²
277 5059 485 5132 corruptione,
504 5054 573 5127 OB,
592 5055 668 5129 MA,
688 5054 763 5114 MB.
803 5053 830 5088 ⁴¹
841 5061 982 5132 possunt,
1000 5054 1040 5129 V,
1060 5057 1137 5132 MA,
1156 5057 1233 5132 MG,
1252 5056 1327 5132 CM,
1346 5056 1412 5117 OC.
1454 5054 1480 5089 ⁴⁸
1492 5059 1547 5130 ite,
1567 5057 1636 5132 OB,
1656 5058 1737 5129 MA;
1758 5076 1828 5130 om,

240 5153 315 5214 MB.
357 5152 384 5186 ⁴⁴
396 5161 478 5228 sunt,
498 5154 538 5229 V,
558 5154 636 5228 MG,
656 5155 729 5215 CM.
771 5152 798 5187 ⁴⁸
808 5154 931 5231 debeat,
951 5155 1020 5231 OB,
1042 5157 1117 5217 MB.
1159 5154 1376 5232 ⁴⁸concubcre,
1398 5159 1491 5220 MSS.
1513 5179 1578 5219 ver.
1621 5157 1740 5234 ‘'Om,
1761 5159 1827 5234 LA,

239 5253 377 5332 Y(÷).
415 5251 604 5331 ⁴⁸couricta,
621 5254 698 5329 MG,
715 5254 789 5330 CM,
805 5256 874 5329 OB,
892 5256 968 5332 MA,
985 5256 1059 5317 ΜΒ.
1098 5254 1216 5334 ⁴⁹Om.,
1233 5257 1302 5335 OB,
1319 5258 1396 5333 MA,
1413 5259 1487 5320 ΜΒ.
1527 5258 1741 5337 ”predictus
1759 5260 1828 5335 OB,

240 5354 316 5428 MA,
333 5354 408 5415 MB.
446 5353 513 5388 ¹¹¹¹¹
524 5356 604 5431 Om.,
620 5355 689 5431 OB,
707 5355 783 5430 MA,
801 5356 875 5418 MB.
