4432 6340
628 506 690 567 DE
712 506 1016 579 ADQUIBENDO
1038 507 1196 569 RERUM
1220 507 1421 569 DOMINIO
1748 515 1823 584 243

234 656 468 755 distringat⁴²
490 667 624 734 tenens
646 683 737 736 suus
758 659 887 757 ipsum
907 659 1062 735 omnino
1084 659 1387 748 deadvocaverit,
1411 659 1542 736 statim
1564 659 1726 735 cessabit
1748 660 1822 736 dis·

232 777 371 855 trictio.
388 777 447 854 Et
463 777 656 877 oportebit
672 779 776 876 quod
791 779 967 855 dominus
984 778 1053 855 sibi
1069 778 1272 877 provideat
1290 778 1365 854 alio
1380 778 1495 854 modo
1513 778 1590 855 sive
1608 779 1666 854 ius
1683 778 1823 854 habue-

234 895 284 972 rit
301 895 342 970 in
359 895 514 973 servitio
531 895 608 972 sive
626 922 716 985 non,
735 898 786 973 ad
803 896 979 974 seisinam
998 923 1107 973 suam
1126 899 1387 995 repetendam,
1408 905 1447 972 et
1464 897 1535 973 hoc
1553 923 1623 996 per
1643 897 1756 973 breve
1776 897 1825 973 de

234 1014 396 1091 servitiis
420 1024 459 1092 et
483 1015 820 1092 consuetudinibus
845 1041 929 1114 quae
951 1016 986 1092 ei
1011 1015 1139 1091 facere
1164 1016 1271 1105 solet,
1296 1016 1352 1091 ita
1375 1017 1480 1115 quod
1504 1016 1618 1093 breve
1642 1016 1825 1114 loquatur

233 1144 389 1213 tantum
407 1136 454 1212 de
472 1134 609 1212 seisina
624 1133 690 1210 et‘²
707 1159 786 1210 non
803 1135 850 1211 de
868 1135 961 1223 iure,
979 1144 1018 1211 et
1035 1144 1129 1210 tunc
1148 1160 1227 1210 non
1243 1135 1317 1211 erit
1333 1134 1385 1210 ibi
1404 1134 1575 1211 duellum
1593 1160 1663 1210 nec
1681 1161 1825 1232 magna

235 1254 353 1331 assisa
370 1278 457 1329 cum
476 1254 590 1329 breve
609 1255 790 1352 loquatur
809 1262 964 1330 tantum
983 1254 1031 1330 de
1050 1253 1227 1330 seisina.⁴³
1250 1254 1355 1344 <Et
1375 1253 1520 1352 poterit
1539 1262 1674 1330 tenens
1694 1262 1825 1330 tenere

235 1373 282 1449 de
304 1372 459 1449 domino
480 1398 549 1448 suo
570 1373 636 1470 qui
658 1370 897 1448 attomavit⁴⁴
918 1371 1115 1449 servitium
1137 1398 1250 1448 suum
1272 1372 1382 1448 alteri
1405 1397 1493 1448 cum
1515 1373 1763 1460 districtione,
1786 1382 1826 1449 et

234 1490 290 1568 ita
303 1491 448 1591 poterit
462 1500 597 1568 tenens
614 1491 849 1568 deadvocare
864 1517 953 1566 eum
968 1492 1028 1565 cui
1045 1491 1242 1567 servitium
1258 1499 1499 1568 attornatum
1513 1501 1582 1568 est.
1603 1491 1680 1567 Sed
1698 1491 1739 1568 in
1753 1491 1826 1567 hoc

234 1634 325 1686 casu
354 1634 433 1686 non
462 1608 625 1685 cessabit
654 1609 840 1686 districtio
870 1618 1033 1709 propter
1063 1608 1411 1685 deadvocationem.
1446 1609 1524 1686 Sed
1555 1609 1586 1686 si
1617 1619 1826 1709 utrumque

234 1729 489 1808 attornaverit
510 1730 557 1806 de
577 1730 778 1805 voluntate
799 1728 976 1816 tenentis,
1000 1727 1105 1806 aliud
1127 1727 1210 1805 erit.
1234 1729 1309 1804 Vel
1332 1729 1363 1804 si
1384 1736 1592 1826 utrumque
1615 1728 1824 1804 deadvoca-

233 1851 343 1938 verit,
361 1849 558 1926 dominum
576 1847 641 1946 qui
658 1847 912 1924 attornaverit
929 1856 967 1923 et
985 1855 1236 1923 attornatum.
1257 1847 1336 1924 Sed
1352 1872 1440 1923 cum
1456 1847 1659 1923 cessaverit
1677 1846 1824 1924 distric-

233 1968 289 2043 tio
307 1993 377 2066 per
396 1967 744 2054 deadvocationem,
765 1976 803 2042 et
822 1965 997 2041 dominus
1018 1963 1183 2063 probare
1201 1965 1323 2064 possit
1342 1965 1518 2041 seisinam
1538 1990 1659 2053 suam,
1679 1975 1718 2042 et
1737 1989 1825 2040 cum

235 2111 305 2186 per
324 2085 661 2163 deadvocationem
678 2085 845 2161 tenentis
865 2084 1023 2183 incipiat
1042 2110 1123 2160 esse
1142 2110 1222 2160 non
1240 2093 1386 2172 tenens,
1406 2084 1533 2159 locum
1552 2083 1691 2159 habere
1712 2083 1824 2160 debet

235 2204 353 2281 assisa
369 2202 503 2281 novae⁴⁸
520 2201 763 2279 disseisinae.⁴⁰
781 2203 839 2280 Et
856 2203 905 2278 ad
921 2202 992 2277 hoc
1008 2202 1109 2278 bona
1126 2212 1184 2279 est
1202 2203 1313 2279 rati0.
1334 2202 1413 2279 Sed
1430 2227 1518 2278 cum
1536 2202 1690 2278 omnino
1710 2203 1824 2279 dead·

234 2332 392 2399 vocatus
417 2322 537 2398 fuerit
560 2321 750 2410 dominus,
775 2321 925 2398 nullum
949 2321 1103 2398 habebit
1130 2321 1243 2397 breve
1268 2322 1317 2397 de
1342 2319 1531 2397 servitiis⁴'
1559 2330 1598 2397 et
1622 2328 1824 2397 consuetu·

235 2444 398 2533 dinibus,
417 2443 507 2542 quia
524 2442 617 2518 nihil
635 2440 775 2518 clamat
793 2450 923 2517 tenere
942 2441 990 2516 de
1008 2465 1064 2528 eo,
1083 2439 1204 2538 igitur
1222 2440 1297 2516 alio
1315 2441 1430 2516 modo
1448 2437 1821 2538 procedendum.⁴⁸>

237 2563 315 2641 Sed
338 2587 427 2639 cum
452 2561 628 2638 dominus
652 2569 763 2659 petat
789 2559 997 2647 servitium,
1023 2568 1062 2635 et
1087 2561 1191 2634 unde
1215 2569 1387 2635 recenter
1413 2558 1490 2634 fuit
1516 2559 1556 2634 in
1581 2559 1729 2646 saisina,
1757 2566 1826 2634 aut

233 2689 368 2758 tenens
387 2679 634 2757 confitebitur
653 2678 714 2755 vel
734 2679 829 2754 nihil
848 2676 1123 2777 respondebit⁴⁹
1145 2679 1195 2752 ad
1215 2677 1427 2776 proposita,
1449 2678 1510 2752 vel
1531 2677 1686 2753 omnino
1707 2701 1824 2775 nega·

234 2799 290 2878 bit
306 2809 345 2878 et
363 2797 588 2876 defendet.⁸⁰
606 2798 650 2875 Si
668 2807 797 2874 autem
815 2798 1055 2885 confiteatur,
1074 2796 1236 2895 planum
1254 2803 1323 2872 est.
1346 2795 1388 2871 Si
1407 2805 1537 2872 autem
1555 2795 1648 2870 nihil
1666 2821 1823 2894 respon·

234 2920 264 2995 f.
279 2919 348 3011 84]
391 2919 492 3006 deat,
508 2917 730 2993 indefensus
745 2917 828 2991 erit.
848 2916 890 2992 Si
906 2924 1036 2991 autem
1044 2913 1255 3011 negaverit,
1265 2922 1419 3012 oportet
1430 2914 1532 3012 quod
1541 2923 1677 3012 petens
1687 2914 1825 3011 probet

234 3041 486 3115 intentionem
504 3047 543 3114 et
562 3037 739 3114 seisinam
758 3063 878 3113 suam.
900 3036 977 3112 Sed
997 3036 1119 3112 refert
1140 3036 1315 3134 qualiter,
1335 3035 1424 3133 quia
1445 3035 1476 3110 si
1497 3034 1639 3112 offerat
1660 3033 1825 3133 probare

234 3185 460 3258 percorpus
476 3156 664 3246 hominis‚¹
682 3183 760 3234 non
777 3157 913 3233 iacebit
930 3156 1102 3233 duellum
1118 3155 1209 3255 quia
1225 3181 1304 3231 non
1321 3156 1452 3254 agitur
1467 3154 1516 3231 de
1533 3155 1618 3256 ipso
1636 3155 1735 3230 iure:
1754 3179 1825 3231 nec

235 3281 266 3357 si
278 3270 426 3357 tenens²
439 3279 554 3357 vellet
567 3305 607 3355 se
619 3278 826 3355 defendere
840 3303 910 3378 per
922 3276 1105 3366 duellum,
1118 3276 1180 3353 vel
1193 3302 1336 3377 ponere
1350 3261 1445 3352 sein
1458 3301 1641 3375 magnam
1655 3276 1823 3364 assisam,

235 3426 314 3478 non
327 3399 477 3477 iacebit⁸
491 3401 577 3499 pari
591 3399 751 3488 ratione,
767 3398 949 3497 quianon
964 3399 1094 3496 agitur
1110 3399 1157 3474 de
1171 3399 1265 3473 iure.
1282 3397 1451 3496 Oportet
1467 3397 1587 3495 igitur
1603 3398 1650 3474 de
1665 3395 1824 3472 necessi-

234 3531 316 3600 tate
336 3522 440 3620 quod
460 3530 595 3619 petens
617 3518 755 3619 probet
775 3545 846 3618 per
866 3519 1046 3618 patriam,
1067 3529 1105 3595 et
1125 3526 1260 3594 tenens
1282 3544 1354 3617 per
1375 3519 1544 3616 patriam
1566 3544 1606 3594 se
1627 3518 1824 3605 defendat,

235 3667 323 3719 cum
334 3642 476 3718 veritas
489 3643 539 3717 sit
551 3641 622 3718 sub
635 3640 751 3716 dubio
765 3648 927 3739 propter
940 3639 1185 3737 negationem
1198 3638 1376 3715 tenentis
1391 3639 1449 3715 Et
1465 3639 1496 3714 si
1510 3648 1645 3714 tenens
1660 3637 1825 3736 probare

235 3761 415 3838 noluerit*
438 3786 509 3859 per
531 3760 711 3860 patriam,
736 3784 823 3837 cum
846 3759 993 3836 nullam
1017 3758 1132 3835 aliam
1153 3757 1343 3835 habuerit⁸
1367 3758 1635 3857 probationem
1660 3759 1824 3856 denega·

235 3882 340 3958 bitur
358 3882 393 3958 ei
412 3881 523 3959 actio.
546 3882 625 3958 Sed
643 3906 732 3957 cum
750 3907 790 3958 se
809 3881 982 3979 posuerit
1001 3905 1118 3978 super
1136 3879 1305 3978 patriam
1324 3879 1378 3955 in⁰
1399 3878 1626 3977 probatione
1647 3876 1825 3965 deficiat}

237 4004 399 4092 amittet,
424 4003 501 4080 sive
523 4002 582 4079 ius
604 4002 781 4078 habuerit
804 4002 881 4078 sive
905 4027 994 4078 non.
1020 4001 1078 4078 Et
1102 4000 1189 4076 licet
1213 4000 1272 4076 ius
1296 3998 1484 4087 habuerit,
1509 3999 1670 4075 deficere
1694 4008 1827 4076 tamen

235 4125 380 4222 poterit
400 4123 589 4223 probatio.
614 4123 657 4199 Si
679 4131 808 4198 autem
828 4131 962 4199 tenens
984 4148 1024 4198 se
1044 4145 1188 4220 ponere
1209 4120 1375 4197 noluerit
1397 4145 1514 4218 super
1534 4119 1714 4218 patriam,
1737 4144 1826 4195 cum

235 4245 383 4320 nullam
403 4244 518 4320 aliam
536 4242 690 4352 babeat⁸
710 4242 983 4331 defensionem,
1005 4243 1077 4318 erit
1099 4242 1332 4329 indefensus,
1354 4250 1393 4316 et
1414 4250 1550 4339 petens
1571 4238 1824 4338 recuperabit,

95 4388 103 4396 ·
236 4365 334 4440 sicut
346 4364 467 4441 videri
480 4363 625 4463 poterit
637 4365 678 4439 in
691 4363 831 4439 assisis·
846 4365 896 4440 ad
910 4364 1141 4461 exemplum,
1156 4362 1222 4438 ubi
1237 4387 1398 4460 querens
1412 4361 1473 4437 vel
1487 4371 1622 4460 petens
1638 4360 1687 4436 ad
1701 4361 1824 4436 inten-

99 4494 103 4505 “
234 4485 379 4561 tionem
403 4510 512 4561 suam
535 4485 776 4583 probandam
799 4510 838 4560 se
861 4483 1034 4583 posuerit
1056 4483 1098 4560 in
1121 4482 1290 4571 assisam,
1314 4491 1353 4558 et
1377 4491 1511 4558 tenens
1537 4481 1694 4561 assisam
1718 4506 1824 4558 reeu-

236 4606 387 4682 saverit.

235 4824 262 4858 ⁴²
273 4824 490 4904 distringatur,
504 4824 580 4898 MA,
592 4823 668 4883 MG.
703 4820 769 4856 ⁴²⁴⁸
781 4823 862 4898 Om,
874 4822 943 4895 OB,
957 4822 1032 4897 MA,
1046 4822 1120 4881 ΜΒ.
1155 4818 1183 4854 ⁴⁴
1194 4825 1408 4897 attornaverit,
1421 4821 1489 4895 OA,
1505 4823 1581 4896 ΜΒ,
1593 4822 1632 4882 V.
1667 4819 1826 4895 ⁴³¹⁴⁰Om.,

236 4923 302 4985 CB.
338 4923 365 4958 ⁴⁸
376 4926 456 5001 Om,
471 4925 540 5000 OA,
554 4925 629 4999 CM,
643 4925 682 4984 Y.
719 4922 745 4958 ⁴³
757 4927 893 4999 servitio,
908 4922 976 4999 OB,
992 4923 1068 4997 ΜΒ,
1084 4922 1157 4983 CM.
1193 4920 1459 5001 ⁴⁸procedendum
1474 4930 1532 4999 est,
1549 4924 1626 4996 MG,
1643 4923 1723 4995 CM;
1739 4943 1825 5002 proc.

234 5029 306 5099 erit,
320 5025 358 5087 V.
396 5024 606 5103 ⁴⁹reapondit,
623 5025 697 5098 CM,
713 5025 751 5086 V.
790 5022 816 5057 ³⁰
828 5023 980 5098 defendit,
997 5023 1063 5098 OC,
1079 5023 1118 5084 V.
1185 5073 1192 5084 .

318 5123 423 5200 ²0m.,
440 5125 513 5198 00;
530 5124 688 5186 cuiusdam
702 5124 793 5186 liberi
810 5125 951 5201 hominia,
969 5125 1047 5200 MG,
1063 5126 1102 5187 V.
1142 5125 1246 5201 ²0m,
1264 5126 1333 5202 OB,
1351 5126 1427 5200 MA,
1445 5128 1520 5187 ΜΒ.
1559 5125 1738 5202 'iacebunt
1756 5127 1825 5201 OA,

235 5227 302 5304 LA,
319 5227 395 5304 MB,
411 5228 486 5304 MC,
503 5229 540 5289 V.
580 5225 746 5302 ‘voluerit
763 5228 832 5304 OB,
850 5227 926 5300 MA,
944 5228 1020 5301 ΜΒ,
1036 5228 1102 5290 OC.
1142 5224 1290 5301 ⁸babeat,
1308 5228 1376 5303 OB,
1395 5228 1470 5302 MA,
1488 5229 1563 5289 ΜΒ.
1599 5226 1640 5262 Μ
1651 5236 1684 5289 et
1701 5231 1734 5290 in
1753 5249 1825 5307 pro-

234 5328 358 5391 batione
372 5328 534 5405 defecerit,
549 5328 627 5404 MG,
640 5328 680 5390 V.
715 5325 893 5404 'habuerit
909 5328 984 5405 MA,
999 5329 1038 5391 V.
1074 5327 1208 5404 'assisa
1223 5329 1262 5405 V,
1278 5329 1353 5406 CM,
1369 5331 1449 5403 MA3
1466 5334 1565 5404 assia,
1580 5329 1650 5406 OB,
1665 5331 1733 5407 OC,
1749 5331 1825 5407 ΜΒ,

235 5430 313 5506 MG,
329 5431 367 5491 Y.
