4374 6366
765 495 826 555 DE
850 494 1053 556 PLACITIS
1077 493 1266 556 CORONAE
1739 499 1812 568 435

224 646 400 748 propter⁹
417 643 654 724 adventum¹⁰
670 645 974 734 iustitiariorum‚
991 645 1091 744 pro¹²
1109 645 1384 722 indictamento
1401 653 1439 722 et
1456 645 1559 722 malo
1578 653 1693 735 recto,
1713 654 1752 722 et
1769 671 1814 723 eo

225 768 329 866 quod
345 767 445 843 male
460 765 593 841 crediti
608 774 700 842 sunt
715 765 756 841 in
772 763 906 841 itinere
922 790 994 863 per
1009 765 1149 840 milites
1164 773 1205 841 et
1220 763 1383 840 villatas.
1402 764 1461 841 Et
1476 761 1607 839 rmde²²
1624 760 1814 862 propter¹⁸

225 885 419 984 duplicem
438 884 703 983 suspicionem,
723 883 865 960 scilicet
885 893 1048 982 propter
1068 883 1266 983 appellum
1287 894 1325 960 et
1347 891 1629 960 sacramentum
1649 884 1816 961 militum

226 1015 266 1084 et
285 1007 434 1105 fugam,
455 1030 534 1082 non
554 1016 645 1082 sunt
664 1030 735 1104 per
755 1004 904 1103 plegios
925 1004 1143 1082 dimittendi
1163 1006 1195 1082 si
1215 1005 1409 1095 redierint,
1431 1006 1498 1083 sed
1519 1006 1560 1083 in
1580 1008 1738 1106 prisona
1757 1034 1815 1084 re·

225 1127 374 1205 tinendi
396 1127 518 1203 donec
539 1152 608 1202 rex
631 1126 720 1202 inde
742 1126 968 1225 preceperit
991 1151 1101 1202 suam
1123 1126 1375 1203 voluntatem.
1401 1127 1519 1204 Unde
1543 1138 1634 1205 sunt
1660 1127 1817 1227 quidam

228 1249 294 1348 qui
309 1249 426 1325 finem
440 1248 590 1325 faciunt
606 1272 694 1323 cum
710 1272 802 1344 rege
817 1257 1025 1345 antequam
1041 1247 1201 1323 redeant
1217 1248 1278 1323 vel
1295 1273 1382 1324 cum
1400 1247 1575 1324 fuerint¹⁴
1590 1248 1632 1324 in
1647 1249 1816 1348 prisona.

228 1371 288 1447 Et
299 1369 385 1446 ideo
397 1368 467 1445 fiat
479 1368 689 1446 vicecomiti
701 1369 815 1445 breve
827 1368 876 1445 de
890 1368 1031 1445 talibus
1045 1369 1086 1444 in
1097 1368 1168 1444 hac
1183 1368 1321 1445 forma.

327 1494 523 1572 Stantem
543 1493 732 1592 appellati
751 1494 925 1570 uenerint
946 1502 985 1570 et
1004 1494 1121 1592 finem
1141 1493 1318 1589 fecerint,
1338 1495 1443 1594 quod
1463 1495 1588 1573 redire
1607 1497 1758 1595 possint
1770 1506 1818 1574 ‘et

328 1637 409 1691 eece
423 1612 493 1689 aab
508 1612 658 1712 plepiie.
1248 1623 1250 1628 '

228 1739 325 1816 nex
339 1737 548 1814 vicecomiti
564 1738 738 1815 salutem.
757 1737 863 1815 Scias
879 1739 982 1836 quod
997 1737 1086 1814 talis
1102 1739 1219 1814 finem
1235 1738 1328 1816 fecit
1343 1738 1539 1815 nobiscum
1555 1765 1627 1838 pro
1644 1739 1724 1816 tali.
1743 1739 1818 1815 Vel

228 1862 298 1938 sic:
318 1860 425 1939 Scias
441 1861 544 1960 quod
561 1861 648 1938 finis
666 1861 793 1937 factus
812 1868 870 1937 est
887 1861 1085 1937 nobiscum
1101 1886 1174 1960 pro
1192 1862 1262 1938 tali
1280 1861 1346 1960 qui
1364 1871 1421 1938 est
1439 1861 1480 1937 in
1498 1861 1656 1960 prisona
1672 1869 1817 1938 nostra.

228 1984 304 2061 Vel
322 1984 450 2062 aliter:
472 1983 578 2061 Scias
598 1984 702 2082 quod
720 1983 807 2060 finis
827 1984 955 2060 factus
975 1994 1032 2060 est
1051 1983 1276 2060 nobiseum¹⁵
1296 2009 1426 2060 coram
1445 1985 1657 2063 iustitiariis
1676 1986 1817 2063 nostris

228 2109 293 2207 qui
313 2107 449 2184 ultimo
467 2107 744 2184 itineraverunt
763 2108 804 2182 in
822 2107 1008 2184 comitatu
1027 2118 1107 2196 tua,
1128 2107 1226 2184 sicut
1245 2109 1319 2206 ipsi
1338 2107 1532 2185 iustitiarii
1550 2108 1673 2185 nostri
1693 2133 1816 2184 recor·

229 2230 384 2317 dantur,
402 2255 475 2328 pro
491 2228 544 2304 A.
563 2229 628 2327 qui
646 2236 812 2305 rettatus
830 2229 906 2305 fuit
924 2253 1053 2305 coram
1071 2228 1124 2306 eis
1142 2230 1190 2305 de
1207 2228 1418 2327 burgaria²⁸
1435 2240 1474 2307 et
1491 2230 1591 2306 male
1609 2230 1776 2307 creditus
1795 2256 1819 2307 a

228 2351 430 2428 duodecim
449 2351 633 2428 militibus
654 2359 694 2428 et
713 2351 866 2440 villatis,
888 2351 948 2427 vel
971 2351 1036 2451 qui
1057 2352 1163 2450 fugit
1184 2361 1346 2452 propter
1368 2352 1567 2452 appellum
1589 2353 1818 2453 probatoria,

229 2475 333 2574 quod
349 2474 474 2551 redire
491 2475 613 2574 possit
629 2484 668 2551 et
685 2499 766 2551 esse
783 2475 854 2551 sub
870 2474 1008 2573 plegiis
1027 2475 1076 2551 ad
1094 2475 1276 2551 standum
1293 2484 1409 2564 recto,
1428 2475 1460 2551 si
1479 2475 1562 2573 quis
1580 2501 1711 2551 versus
1730 2500 1820 2551 eum

228 2597 334 2697 loqui
355 2598 531 2674 voluerit.
554 2597 612 2674 Et
634 2596 720 2673 ideo
742 2597 811 2674 tibi
833 2596 1075 2696 praecipimus
1100 2598 1203 2696 quod
1227 2597 1258 2673 si
1281 2597 1486 2696 praedictus
1509 2600 1562 2674 A.
1587 2599 1755 2687 redierit,
1780 2608 1819 2676 et

228 2719 298 2796 tibi
318 2719 466 2819 plegios
486 2720 674 2796 invenerit
695 2721 745 2795 ad
766 2719 948 2796 standum
968 2729 1072 2796 recto
1092 2719 1134 2794 in
1155 2719 1325 2796 adventu
1345 2721 1637 2797 iustitiariorum
1657 2719 1818 2798 eodem²'

228 2852 346 2932 recto,
364 2843 395 2918 si
412 2843 496 2941 quis
512 2868 644 2919 versus
661 2868 750 2919 eum
766 2842 871 2940 loqui
888 2841 1063 2932 voluerit,
1081 2851 1175 2919 tunc
1191 2842 1226 2919 ei
1242 2842 1332 2918 inde
1350 2867 1486 2941 pacem
1503 2842 1642 2920 habere
1659 2843 1818 2942 permit·

229 2974 301 3042 tas.
322 2965 425 3042 Item
444 2966 475 3041 si
494 2965 629 3064 aliquis
648 2972 813 3042 rettatus
833 2965 880 3040 de
899 2964 1050 3040 roberia
1066 2965 1127 3041 vel
1148 2963 1222 3039 alio
1240 2964 1427 3041 maleficio
1447 2965 1678 3041 deliberatus
1700 2964 1820 3042 fuerit

229 3114 300 3187 per
313 3088 492 3186 patriam,
508 3087 578 3164 fiat
593 3086 707 3163 breve
721 3086 931 3163 vicecomiti
947 3087 994 3163 de
1010 3087 1263 3163 deliberandis
1279 3087 1426 3164 catallis
1443 3087 1520 3164 suis
1535 3087 1576 3162 in
1591 3088 1662 3162 hac
1679 3087 1817 3163 forma.

333 3209 414 3288 Ubi
436 3209 521 3309 quie
544 3209 764 3308 appellatus
787 3233 860 3309 per
882 3209 1051 3308 patriam
1074 3209 1195 3304 fuerit
1219 3208 1463 3297 deliberatus,
1488 3217 1527 3285 et
1552 3209 1657 3309 qood
1681 3208 1819 3285 babeat

330 3327 471 3405 catello
488 3354 569 3407 aaa.

230 3452 326 3528 Rex
347 3450 557 3527 vicecomiti
578 3451 752 3527 salutem.
777 3449 883 3527 Scias
905 3451 1008 3549 quod
1028 3452 1081 3526 A.
1105 3475 1218 3549 quem
1240 3450 1288 3526 Β.
1310 3450 1478 3526 incuria
1500 3459 1633 3528 nostra
1654 3461 1820 3529 etcetcra

231 3572 443 3672 appellavit
470 3573 518 3650 de
544 3597 639 3671 pace
667 3583 706 3650 et
732 3571 859 3671 plagis
886 3582 926 3649 et
951 3572 1152 3661 mahemio,
1180 3598 1251 3671 per
1278 3572 1539 3649 testimonium
1568 3572 1733 3650 visneti²⁸
1762 3572 1820 3650 sui

230 3696 462 3772 deliberatus
482 3705 540 3771 est
560 3705 599 3771 et
620 3696 771 3794 quietus
791 3695 990 3783 clamatus,
1011 3695 1109 3772 sicut
1129 3694 1195 3770 ille
1215 3695 1280 3793 qui
1300 3719 1379 3770 non
1400 3694 1478 3772 fuit
1497 3695 1586 3771 inde
1607 3695 1818 3794 culpabilis.

231 3819 289 3893 Et
309 3817 395 3896 ideo
415 3817 485 3894 tibi
505 3816 747 3917 praecipimus
768 3817 871 3915 quod
892 3816 1021 3892 omnia
1041 3816 1181 3892 catalla
1202 3817 1321 3915 ipsius
1342 3817 1395 3891 A.
1419 3841 1503 3915 quae
1524 3825 1569 3892 tu
1591 3817 1737 3914 cepisti,
1759 3816 1820 3893 vel

230 3939 318 4016 talis
331 3940 493 4017 ballivus
506 3947 610 4029 tuus,
624 3938 819 4015 occasione
832 3938 1004 4038 praedicti
1018 3938 1163 4038 appelli
1176 3949 1215 4016 et
1229 3938 1417 4036 captionis
1432 3938 1604 4037 praedicti
1617 3937 1683 4026 A.,
1698 3939 1821 4014 eidem

230 4062 284 4138 A.
303 4062 385 4139 sine
401 4061 583 4138 dilatione
602 4061 710 4138 reddi
730 4060 861 4149 facias,
879 4071 918 4137 et
937 4062 970 4137 ei
990 4061 1141 4136 firmam
1160 4085 1295 4160 pacem
1313 4068 1486 4136 nostram
1504 4060 1644 4136 habere
1663 4060 1820 4158 permit·

230 4191 303 4260 tas.
323 4181 428 4259 Est²⁹
446 4182 513 4259 et¹⁰
532 4182 637 4259 aliud
654 4184 769 4260 breve
788 4184 836 4260 de
853 4183 1017 4259 materia
1034 4183 1108 4259 ista
1127 4183 1231 4281 quod
1248 4182 1428 4281 generale
1447 4191 1506 4259 est
1525 4183 1572 4258 de
1592 4181 1822 4259 dimittendo

232 4332 295 4383 eos
311 4331 383 4405 per
398 4306 558 4405 plegios,
574 4305 646 4382 nisi
663 4306 703 4381 in
719 4303 894 4381 casibus²²
911 4305 1092 4405 exceptis.

331 4429 459 4505 Breve
475 4429 523 4504 de
539 4427 789 4526 replepiando
806 4426 970 4526 aliquem
987 4451 1101 4526 qoem
1119 4426 1208 4504 talia
1223 4426 1324 4525 cepit
1341 4436 1381 4504 et
1396 4436 1554 4526 captam
1570 4427 1727 4504 detinet.

232 4553 329 4630 Rex
342 4551 552 4628 vicecomiti
568 4551 743 4628 salutem.
760 4550 1011 4649 Praecipimus
1027 4551 1097 4628 tibi
1112 4551 1216 4649 quod
1231 4551 1330 4627 iuste
1346 4560 1385 4628 et
1401 4549 1481 4628 sine
1498 4551 1681 4629 dilatione
1698 4551 1820 4650 reple-

232 4674 331 4773 gfiari
353 4675 472 4751 facias
494 4675 611 4751 talem
634 4699 747 4773 quem
767 4673 856 4751 talis
878 4672 980 4772 cepit
1002 4681 1040 4749 et
1063 4682 1220 4770 captum
1243 4673 1400 4761 detinet,
1422 4673 1495 4750 nisi
1518 4683 1655 4772 captus
1679 4673 1727 4750 sit
1751 4699 1822 4772 per

232 4797 397 4895 speciale
416 4804 653 4895 praeceptum
673 4803 849 4872 nostrum
869 4795 930 4871 vel
950 4794 1126 4893 capitalis
1148 4794 1342 4871 iustitiarii
1363 4795 1497 4883 nostri,
1519 4794 1579 4870 vel
1602 4820 1675 4894 pro
1696 4803 1822 4872 morte

232 5013 285 5048 ⁹⁴⁰
296 5035 355 5093 pro
380 5014 525 5087 adventu,
550 5012 619 5088 OB,
646 5013 722 5085 MA,
747 5012 824 5086 ΜΒ,
850 5012 917 5084 CE,
943 5012 1016 5072 CM.
1064 5009 1135 5072 ¹¹et
1160 5030 1229 5089 pro,
1255 5011 1325 5085 OA,
1350 5012 1419 5087 OB,
1446 5012 1521 5087 MA,
1549 5013 1625 5088 ΜΒ,
1652 5011 1719 5085 CE,
1745 5011 1819 5072 CM.

232 5115 258 5149 ¹²
270 5115 351 5176 unde
374 5137 453 5191 cum,
476 5115 515 5189 V,
537 5114 603 5190 LA,
625 5114 665 5188 Y,
690 5112 763 5189 MC,
786 5112 863 5186 MG,
887 5112 954 5186 OC,
978 5113 1045 5174 OA.
1091 5111 1210 5188 stom,
1233 5114 1302 5187 OB,
1326 5112 1403 5189 MA,
1427 5114 1503 5190 MB,
1527 5115 1599 5175 CM.
1645 5111 1821 5187 ²⁴fuerant,

232 5217 301 5291 OB,
320 5216 396 5290 MA,
415 5217 490 5277 ΜΒ.
529 5212 724 5275 ¹'nobiseum
742 5234 801 5293 pro
818 5213 886 5287 teli,
904 5214 983 5288 MG,
1000 5214 1067 5276 OC.
1108 5211 1306 5292 ²⁸burguria,
1325 5216 1399 5288 OA;
1419 5215 1575 5294 burgario,
1597 5215 1662 5290 LA,
1683 5216 1723 5292 Y,
1742 5217 1821 5291 MG,

233 5317 305 5390 OC;
329 5317 441 5396 burgo,
466 5317 540 5376 MA.
588 5315 665 5377 Hdc
689 5313 806 5391 eodem,
832 5315 872 5389 V,
897 5315 937 5388 Y,
964 5314 1037 5376 Mc.
1085 5312 1218 5389 ²⁸visus,
1243 5316 1313 5390 OB,
1340 5317 1416 5390 MA,
1443 5319 1519 5393 ΜΒ,
1546 5318 1613 5392 OE,
1640 5319 1715 5394 CM,
1742 5319 1819 5380 MG,

232 5415 298 5452 ¹⁰⁴⁰
310 5423 367 5493 est,
390 5416 457 5491 LA,
479 5416 519 5492 Y,
540 5415 620 5489 Μῦς
642 5422 685 5490 ct,
708 5413 790 5488 MA,
812 5423 861 5477 cst
881 5420 985 5491 ctiam,
1007 5414 1075 5490 OC,
1096 5417 1173 5478 ΜΒ.
1217 5415 1243 5451 ¹²
1254 5417 1376 5482 casibus
1398 5418 1527 5496 scilicet,
1551 5421 1620 5497 OB,
1644 5420 1720 5496 MA,
1745 5423 1819 5484 ΜΒ.
