4432 6336
629 450 690 511 DE
713 451 1016 524 ADQUIRENDO
1039 452 1197 514 RERUM
1220 451 1423 515 DOMINIO
1752 462 1825 537 137

232 602 264 677 si
282 601 407 678 claves
425 601 581 690 cellulae,
599 601 763 691 vivariae,
782 604 844 680 vel
861 602 1086 680 horreorum
1104 603 1308 681 tradiderit
1327 603 1412 702 quis
1432 603 1586 681 domino
1604 605 1666 681 vel
1686 630 1822 705 procu·

231 719 364 809 ratori,
380 720 471 797 vina
485 730 525 798 et
539 745 683 798 merces
700 722 802 798 tradi
818 721 1010 811 videntur,
1027 731 1066 799 et
1084 723 1114 798 si
1130 733 1360 821 procurator
1376 748 1454 799 non
1471 734 1573 801 erret
1590 732 1630 800 et
1646 724 1823 802 dominus

231 847 346 927 erret,
364 838 487 915 adhuc
502 838 658 915 domino
676 839 893 938 adquiritur
909 841 1107 941 possessio.
1126 841 1185 918 Et
1201 841 1282 917 vice
1299 866 1409 918 versa
1427 841 1458 919 si
1475 851 1705 941 procurator
1722 852 1824 920 erret

232 965 272 1033 et
294 956 472 1033 dominus
495 981 586 1046 non,
611 957 829 1057 adquiritur
851 958 1108 1048 nihilominus,
1133 958 1272 1037 sufficit
1296 959 1399 1036 enim
1423 960 1454 1036 si
1479 985 1579 1037 unus
1604 986 1684 1038 non
1709 971 1822 1038 erret.

235 1078 353 1153 Secus
374 1076 447 1153 erit
468 1076 499 1152 si
519 1084 693 1175 uterque,
715 1077 904 1177 quianon
924 1077 1141 1155 consentit²²
1165 1078 1230 1177 qui
1251 1088 1367 1155 errat.
1391 1079 1496 1155 Item
1517 1079 1704 1179 quidquid
1725 1081 1824 1157 iuste

233 1220 304 1294 per
330 1220 484 1272 servum
510 1194 738 1293 adquiritur,
765 1195 805 1272 id
833 1195 987 1272 domino
1015 1195 1243 1294 adquiritur,
1272 1197 1340 1272 sed
1366 1223 1413 1274 ea
1439 1223 1524 1296 quae
1551 1223 1600 1273 ex
1626 1198 1822 1276 maleficiis

232 1337 364 1390 servus
386 1312 726 1413 apprehenderit²⁸
749 1316 801 1390 ad
823 1313 967 1391 domini
990 1316 1267 1414 possessionem
1289 1315 1375 1393 ideo
1397 1341 1477 1393 non
1500 1317 1709 1416 pertinent,
1732 1317 1824 1416 quia

231 1458 300 1509 nec
315 1432 455 1533 peculii
469 1457 624 1510 causam
639 1432 948 1533 apprehendunt.
966 1433 1071 1510 Item
1086 1434 1187 1511 tradi
1204 1442 1333 1533 potest
1349 1434 1537 1533 possessio
1553 1461 1624 1534 per
1640 1460 1822 1534 procura·

230 1560 355 1628 torem
371 1550 469 1629 sicut
485 1550 647 1650 adquiri,
665 1560 705 1628 et
721 1552 752 1628 si
769 1551 853 1650 quis
869 1577 940 1651 per
957 1561 1248 1651 procuratorem
1264 1553 1366 1629 tradi
1384 1553 1536 1631 iusserit
1554 1554 1666 1630 alicui
1683 1563 1723 1631 et
1740 1555 1823 1654 ipse

231 1671 461 1748 auctoritate
491 1669 652 1770 propria
683 1669 765 1746 sine
796 1679 1046 1769 procuratore
1078 1697 1118 1746 se
1149 1671 1322 1773 posuerit
1352 1671 1394 1746 in
1426 1672 1614 1760 seisinam,
1649 1673 1823 1772 quemvis

230 1815 403 1878 vacuam,
421 1789 509 1866 talis
526 1798 630 1866 recte
647 1813 719 1888 per
736 1813 776 1866 se
794 1787 835 1864 in
851 1789 1129 1887 possessionem
1146 1815 1226 1866 non
1242 1791 1381 1879 veniet,
1400 1791 1490 1890 quia
1508 1800 1638 1889 posset
1658 1792 1823 1868 donator

231 1917 322 1985 ante
350 1907 599 1985 traditionem
630 1932 809 1984 revocare
839 1908 1097 1996 donationem,
1131 1910 1235 2006 quod
1268 1907 1422 2007 quidem
1453 1917 1543 2008 post
1575 1909 1822 1987 traditionem

231 2026 360 2102 facere
377 2052 455 2102 non
473 2036 615 2126 posset.
635 2027 687 2102 In
704 2027 889 2125 pendenti
907 2026 1029 2124 igitur
1046 2027 1119 2104 erit
1138 2027 1295 2104 donatio
1314 2053 1512 2127 quousque
1532 2027 1697 2104 donator
1715 2028 1822 2105 illam

230 2154 356 2223 ratam
370 2144 548 2222 habuerit
562 2145 623 2221 vel
639 2144 800 2235 irritam,
817 2144 963 2222 tenebit
978 2154 1110 2222 tamen
1127 2145 1158 2222 si
1174 2145 1282 2222 illam
1298 2144 1546 2225 ratificaverit
1563 2171 1743 2246 expresse
1760 2147 1822 2223 vel

230 2263 357 2340 tacite.
380 2265 590 2364 Expresse,
613 2262 743 2363 quod²'
763 2263 835 2340 hoc
855 2263 1031 2340 voluerit.
1054 2265 1201 2353 Tacite,
1225 2264 1256 2341 si
1276 2264 1383 2340 illam
1404 2265 1445 2340 in
1467 2265 1547 2342 vita
1568 2291 1647 2342 non
1668 2290 1821 2342 revoca·

229 2385 339 2462 verit.
365 2386 408 2461 Si
430 2392 561 2462 autem
583 2384 727 2461 amicus
748 2383 957 2460 venditoris
980 2383 1042 2458 cui
1063 2382 1264 2460 mandavit
1285 2392 1330 2460 ut
1354 2384 1600 2461 donatarium
1623 2384 1821 2460 induceret

229 2503 270 2580 in
294 2505 582 2604 possessionem,
608 2502 793 2579 donatore
817 2511 970 2579 mortuo
995 2502 1221 2601 priusquam
1246 2499 1314 2577 id²⁰
1338 2501 1491 2590 sciret,¹¹
1515 2502 1717 2579 heredibus
1742 2528 1822 2580 non

230 2621 521 2722 prohibentibus
546 2621 792 2698 donatarium
816 2620 858 2696 in
883 2621 1161 2719 possessionem
1186 2619 1421 2708 induxerit,”
1447 2629 1550 2697 recte
1575 2621 1723 2698 tradita
1748 2621 1821 2698 erit

229 2743 428 2844 possessio.
448 2742 527 2819 Sed
542 2741 573 2818 si
588 2741 629 2819 id
645 2739 806 2817 feeerit·
822 2764 910 2816 cum
927 2740 1040 2816 sciret
1057 2739 1282 2816 donatorem
1299 2747 1507 2828 mortuum,
1524 2739 1587 2816 vel
1602 2765 1690 2816 cum
1708 2740 1821 2817 sciret

230 2862 334 2960 quod
348 2860 506 2936 heredes
522 2860 562 2934 id
579 2860 706 2936 facere
722 2857 910 2945 nollent,²⁴
927 2883 1005 2935 non
1023 2857 1096 2935 erit
1113 2858 1185 2934 rite
1203 2857 1310 2934 facta
1325 2857 1495 2935 traditio.
1517 2857 1596 2933 Sed
1615 2859 1645 2934 si
1663 2858 1820 2936 heredes

229 2982 300 3058 hoc
319 2979 588 3058 affectaverint
606 2978 712 3055 aliud
730 2977 814 3054 erit.
834 2978 939 3054 Item
957 2975 1098 3052 dicitur
1114 3001 1235 3075 supra
1252 2975 1293 3052 in
1312 2975 1513 3075 principio,
1534 3000 1621 3052 cum
1639 2976 1733 3053 iotis
1753 2977 1819 3054 od·

230 3100 410 3178 miniculo
431 3095 637 3186 etcetera,²⁶
661 3097 764 3196 quod
785 3095 858 3172 nisi
881 3094 1129 3172 intervenerit
1152 3094 1244 3172 iuris
1269 3095 1543 3171 adminiculum
1566 3120 1645 3171 non
1668 3095 1821 3173 videtur

230 3219 260 3294 f.
275 3217 369 3312 44h]
424 3215 509 3316 quis
530 3215 735 3316 possidere,
755 3214 844 3291 licet
863 3237 1023 3313 corpore
1043 3222 1082 3289 et
1102 3212 1230 3290 animo
1248 3214 1304 3290 rei
1324 3212 1487 3302 insistat,
1506 3220 1639 3290 tamen
1658 3223 1821 3314 propter

229 3363 311 3414 rem
324 3361 409 3435 quae
422 3336 609 3437 possideri
623 3359 702 3410 non
715 3341 856 3433 potest,
871 3332 969 3410 sicut
983 3358 1044 3408 res
1059 3356 1167 3408 sacra
1181 3341 1219 3408 et
1235 3331 1424 3429 religiosa,
1440 3357 1524 3431 quae
1539 3358 1563 3408 a
1578 3332 1684 3409 nullo
1700 3332 1820 3433 possi-

230 3453 312 3532 deri
332 3462 474 3555 potest,
494 3478 583 3530 cum
602 3461 757 3530 tsntrrm
779 3451 828 3528 sit
848 3448 916 3527 in⁸⁸
937 3450 1173 3551 possessione
1195 3449 1283 3526 dei⁸'
1306 3451 1475 3528 ethonis
1497 3450 1629 3550 ipsius,
1651 3450 1749 3526 nec¹⁸
1771 3450 1820 3527 ab

229 3574 433 3674 ignorante
449 3597 519 3650 nec
534 3598 559 3649 a
574 3571 726 3660 sciente,
744 3570 832 3648 licet
849 3594 1044 3670 possessor
1060 3569 1284 3667 religionem
1300 3567 1562 3646 contemnat.¹⁸
1581 3569 1685 3647 Item
1701 3594 1819 3669 prop·

228 3703 290 3771 ter
302 3719 469 3783 causam,
483 3692 573 3792 quia
583 3691 680 3768 liber
691 3691 805 3768 homo
818 3717 842 3768 a
854 3691 995 3769 sciente
1008 3691 1138 3789 ipsum
1151 3715 1232 3766 esse
1244 3689 1408 3766 liberum
1420 3688 1556 3766 nullo⁸⁰
1569 3690 1685 3767 modo
1699 3691 1819 3791 possi·

230 3814 310 3891 deri
324 3822 464 3912 potest.
479 3813 604 3888 Abeo
619 3820 749 3888 sutem
761 3810 949 3911 possideri
962 3817 1091 3909 potest
1106 3809 1170 3907 qui
1185 3808 1306 3885 credit
1321 3808 1430 3884 illum
1444 3834 1524 3886 esse
1539 3834 1692 3886 serrum
1708 3833 1820 3885 suum

230 3941 270 4009 et
289 3956 368 4009 non
389 3930 566 4007 alienum.
590 3931 694 4006 Item
715 3929 764 4005 ab
783 3928 957 4005 hostibus
977 3937 1115 4026 captus
1136 3952 1215 4003 non
1236 3927 1360 4024 magis
1382 3952 1498 4025 quam
1521 3953 1652 4004 servus
1675 3928 1820 4026 aliquid

231 4050 426 4150 possidere
452 4058 593 4149 potest,
620 4046 711 4147 quia
737 4047 786 4123 ab
813 4046 896 4123 aliis
923 4045 1152 4146 possidetur.
1181 4045 1240 4122 Et
1267 4046 1371 4121 unde
1399 4069 1486 4121 cum
1513 4045 1608 4120 nihil
1635 4045 1817 4145 possidet,

229 4168 403 4268 sequitur
424 4168 527 4266 quod
549 4165 642 4242 nihil
664 4167 757 4243 dare
778 4173 906 4266 potest
928 4189 997 4240 nec
1019 4164 1232 4241 transferre
1255 4165 1306 4240 ad
1327 4162 1457 4252 alium,
1480 4189 1550 4239 nec
1573 4164 1701 4240 facere
1723 4163 1818 4240 acci·

229 4287 369 4386 pientis
390 4311 477 4362 cum
496 4285 641 4362 effectu
659 4310 742 4362 rem
762 4301 879 4383 quam
899 4309 976 4360 non
996 4282 1122 4372 habet,
1143 4307 1213 4358 nec
1232 4283 1335 4358 valet
1356 4281 1459 4380 quod
1481 4282 1563 4379 agit
1585 4282 1678 4358 dum
1699 4281 1819 4358 fuerit

228 4404 299 4481 sub
316 4403 484 4481 hostium
500 4393 693 4503 potestate
709 4402 952 4479 constitutus.
1259 4395 1261 4398 ’

328 4525 376 4603 Si
393 4525 597 4602 densare
614 4523 790 4625 pluribus
807 4523 915 4617 facta
932 4521 1053 4618 fucrit
1072 4520 1230 4599 donatio
1248 4520 1363 4598 notul
1381 4519 1442 4598 vel
1460 4521 1679 4599 accessise.

229 4645 446 4734 Qsmmr
460 4654 500 4723 et
514 4671 585 4745 per
599 4671 695 4744 quas
711 4670 894 4744 personas
910 4642 1098 4743 possessio
1113 4643 1327 4720 retineatur
1342 4642 1433 4719 satis
1451 4642 1597 4718 dictum
1612 4652 1670 4720 est
1687 4669 1817 4743 supra.

231 4763 309 4840 Sed
331 4773 453 4842 restat
475 4764 605 4841 videre
627 4763 719 4862 quid
742 4763 834 4840 iuris
858 4763 889 4840 si
911 4761 1087 4861 pluribus
1110 4763 1158 4838 de
1181 4788 1261 4838 nna
1284 4769 1323 4837 et
1345 4762 1480 4837 eadem
1502 4787 1544 4838 re
1568 4761 1676 4837 facta
1699 4760 1819 4838 fuerit

229 4969 256 5004 ²²
267 4975 372 5045 sentit,
390 4971 460 5046 OB,
477 4972 553 5046 MA,
571 4971 646 5030 ΜΒ.
685 4969 941 5048 ¹⁸apprehend1t,
960 4969 1027 5043 OC,
1045 4968 1123 5042 MG,
1142 4968 1215 5028 CM.
1256 4964 1377 5044 ¹'qnia,
1396 4967 1474 5043 MG,
1492 4966 1566 5042 CM,
1585 4966 1659 5027 MC.
1699 4963 1726 4999 ²⁰
1737 4965 1819 5040 Om.,

229 5071 301 5145 LA;
315 5080 360 5147 nt,
373 5072 454 5144 MC;
468 5071 557 5146 illud,
571 5073 646 5133 MA
672 5070 697 5105 ¹²
709 5074 816 5147 scires,
829 5071 898 5144 OA,
913 5071 979 5146 LA,
994 5070 1071 5132 MG.
1098 5067 1124 5102 ²²
1135 5067 1305 5142 induceret,
1320 5069 1389 5144 OB,
1404 5068 1480 5141 MA,
1497 5068 1572 5143 ΜΒ,
1587 5068 1627 5128 Y.
1651 5066 1679 5101 ²⁸
1691 5067 1819 5143 laceret,

229 5170 298 5247 OB,
318 5172 395 5248 MA,
416 5172 493 5247 ΜΒ,
514 5173 555 5247 Y,
576 5172 642 5234 ΟΕ.
685 5170 712 5205 ⁸⁴
722 5170 815 5246 nolle,
837 5172 906 5246 OA,
927 5171 1000 5244 LA;
1022 5171 1188 5245 noluerint,
1210 5169 1276 5231 OC.
1321 5168 1439 5244 ¹⁶0m.,
1462 5170 1531 5244 OA,
1554 5170 1620 5244 LA,
1643 5170 1721 5246 MG,
1744 5171 1817 5232 CM.

229 5269 294 5306 ²⁸⁴²
305 5277 339 5333 in
351 5276 546 5352 possessione
559 5272 690 5334 ethonis
703 5271 764 5349 dei,
778 5271 844 5334 OC.
880 5269 945 5305 ’Μ’
956 5277 990 5333 ln
1003 5272 1092 5334 horus
1106 5270 1157 5332 dei
1171 5292 1238 5346 nec,
1251 5271 1291 5348 V,
1305 5271 1373 5346 OA,
1387 5273 1454 5348 LA,
1469 5272 1547 5346 MG,
1562 5272 1635 5334 CM.
1671 5269 1699 5306 ²⁸
1709 5292 1818 5351 neque,

229 5371 323 5434 MSS.
339 5392 403 5434 var.
441 5370 467 5407 ²⁰
478 5372 671 5447 condemnat,
686 5373 755 5448 OB,
772 5373 836 5433 LA.
873 5370 901 5407 ¹⁰
912 5391 986 5434 vero
1000 5372 1101 5449 modo,
1118 5373 1195 5446 MG,
1212 5374 1285 5434 CM.
