4432 6340
382 518 454 586 180
912 509 1134 570 BRACTON:
1156 509 1217 570 DE
1240 509 1433 571 LEGIBUS

380 659 559 736 cantur.⁸⁶
587 661 691 737 Item
717 659 961 758 praededuci¹⁷
990 659 1130 737 debent
1157 685 1334 759 expensae
1364 659 1548 737 faciendae
1576 662 1677 737 circa
1704 661 1835 737 funus.
1866 662 1970 738 Item

379 781 591 859 necessaria
606 783 738 859 uxoris
755 807 876 879 usque
894 782 945 857 ad
961 791 1251 881 quarentenam,
1268 783 1341 858 nisi
1356 782 1391 858 ei
1409 782 1529 859 fuerit
1547 807 1617 859 sua
1634 781 1703 859 dos
1721 782 1832 860 citius
1851 783 1969 880 assig-

250 917 259 929 ‘
379 911 484 980 nata.
508 901 929 1001 Hisigituromnibus
952 902 1132 980 debonis
1156 903 1330 979 defuncti
1355 903 1528 979 deductis
1552 902 1745 1002 peculium
1769 903 1842 980 erit
1866 904 1970 1002 quod

380 1023 627 1123 superfuerit.
647 1024 689 1100 Si
705 1031 835 1100 autem
850 1022 942 1100 nihil
959 1022 1208 1122 superfuerit,
1224 1023 1285 1100 vel
1301 1024 1404 1102 forte
1420 1024 1627 1102 defunctus
1643 1033 1819 1123 tempore
1835 1023 1970 1101 mortis

379 1145 473 1221 nihil
495 1145 536 1220 in
558 1143 666 1222 bonis
687 1141 862 1232 babuit,⁸⁸
885 1170 956 1243 per
977 1145 1048 1220 boc
1070 1143 1283 1221 remanebit
1305 1144 1415 1220 heres
1437 1153 1631 1221 oneratus.
1658 1145 1701 1220 Si
1726 1154 1856 1222 autem
1880 1154 1970 1244 post

380 1266 511 1342 debita
522 1265 808 1365 praededucta,³⁹
819 1275 860 1343 et
872 1275 961 1364 post
974 1264 1242 1342 deductionem
1255 1290 1512 1364 expensarum
1525 1289 1610 1364 quar
1624 1265 1843 1342 necessaria
1856 1274 1971 1342 erunt

379 1396 424 1464 ut
441 1387 668 1486 predictum
684 1395 754 1475 est,
772 1387 811 1462 id
828 1395 956 1463 totum
973 1387 1077 1485 quod
1092 1394 1186 1462 tunc
1204 1386 1441 1484 superfuerit
1458 1387 1594 1463 intres
1613 1396 1744 1486 partes
1763 1386 1969 1477 dividatur,

380 1533 544 1607 quarum
560 1532 746 1606 unapars
763 1505 1003 1606 relinquatur
1019 1507 1149 1606 pueris
1166 1507 1197 1584 si
1215 1533 1355 1607 pueros
1371 1506 1548 1585 babuerit
1566 1507 1785 1597 defunctus,
1803 1508 1971 1585 secunda

379 1629 491 1705 uxori
511 1628 542 1705 si
562 1637 756 1727 superstes
776 1627 907 1718 fuerit,
926 1637 966 1705 et
986 1627 1033 1705 de
1052 1628 1168 1705 tertia
1187 1637 1300 1726 parte
1319 1628 1458 1706 habeat
1477 1635 1643 1704 testator
1661 1628 1821 1705 liberam
1841 1629 1970 1728 dispo·

378 1750 495 1826 nendi
513 1749 751 1826 facultatem.
773 1749 816 1825 Si
834 1757 964 1825 autem
981 1747 1119 1826 liberos
1137 1774 1216 1824 uon
1232 1747 1449 1837 habuerit,⁴⁰
1468 1758 1562 1826 tunc
1580 1749 1765 1828 medietas
1784 1749 1970 1826 defuncto

379 1869 410 1945 f.
425 1871 494 1963 61]
550 1879 589 1946 et
610 1868 686 1945 alia
707 1869 892 1946 medietas
914 1870 1026 1945 uxori
1048 1879 1275 1946 reservetur.
1302 1870 1344 1946 Si
1368 1877 1498 1947 autem
1521 1870 1600 1948 sine
1623 1895 1745 1947 uxore
1768 1871 1971 1948 decesserit

379 1988 507 2067 liberis
525 1988 788 2080 existentibus,
805 1999 899 2067 tunc
916 1989 1101 2067 medietas
1120 1991 1305 2067 defuncto
1324 1999 1363 2067 et
1382 1991 1458 2067 alia
1475 1992 1659 2068 medietas
1678 1992 1806 2068 liberis
1824 1990 1969 2069 tribua·

379 2119 456 2186 tur.
486 2109 529 2185 Si
554 2117 685 2185 autem
710 2109 790 2186 siue
816 2134 936 2186 uxore
963 2118 1002 2186 et
1028 2109 1167 2198 liberis,
1194 2118 1288 2186 tunc
1313 2110 1354 2185 id
1378 2118 1507 2186 totum
1534 2109 1720 2187 defuncto
1746 2110 1968 2187 remanebit.

380 2217 534 2303 Eodem
553 2228 668 2304 modo
691 2227 722 2302 si
744 2227 792 2302 ab
812 2227 922 2304 initio
942 2226 1057 2304 nullis
1080 2228 1200 2305 fuerit
1220 2227 1358 2305 debitis
1380 2236 1575 2318 oneratus,
1598 2228 1668 2305 fiat
1691 2229 1738 2304 de
1760 2227 1869 2304 bonis
1892 2229 1970 2304 suis

380 2348 590 2426 secundum
608 2348 711 2446 quod
730 2345 957 2445 praedictum
974 2355 1043 2422 est.
1065 2346 1195 2423 Heres
1215 2353 1345 2422 autem
1364 2345 1539 2423 defuncti
1557 2345 1752 2423 tenebitur
1771 2346 1821 2423 ad
1842 2345 1971 2422 debita

380 2465 666 2566 predecessoris
688 2466 746 2541 sui
769 2464 1028 2563 adquietanda
1049 2473 1219 2554 eatenus,
1244 2473 1432 2563 quatenus
1457 2465 1658 2563 adipsum
1681 2465 1899 2564 pervenerit
1921 2466 1971 2541 de

380 2585 591 2662 hereditate
617 2583 803 2672 defuncti,
828 2590 867 2660 et
891 2607 970 2659 non
994 2583 1100 2659 ultra
1122 2583 1195 2659 nisi
1220 2583 1312 2659 velit
1337 2583 1385 2659 de
1409 2583 1548 2681 gratia.
1575 2582 1634 2659 Et
1659 2583 1690 2659 si
1714 2583 1820 2672 nibil,
1846 2582 1970 2660 multo

381 2703 533 2780 fortius.
560 2702 638 2780 Sed
661 2703 692 2778 si
715 2703 766 2779 ad
786 2701 916 2800 ipsum
938 2699 1082 2800 aliquid
1106 2700 1260 2778 aliunde
1284 2701 1514 2800 pervenerit,
1539 2701 1790 2778 inhumanum
1816 2711 1914 2778 esset
1939 2701 1970 2778 si

380 2821 510 2898 debita
534 2829 741 2919 parentum
765 2819 1029 2919 impersoluta¹
1055 2828 1308 2896 remanerent.
1336 2820 1395 2896 Et
1420 2844 1574 2918 eaquae
1600 2820 1702 2898 dicta
1728 2828 1819 2897 sunt
1843 2819 1971 2896 locum

380 2939 523 3015 babent
539 2947 578 3017 et
595 2947 741 3028 tenent,
759 2938 832 3014 nisi
848 2939 899 3016 sit
915 2937 1152 3015 consuetudo
1171 2963 1255 3037 quoe
1273 2965 1313 3015 se
1330 2939 1469 3016 babeat
1487 2939 1528 3014 in
1546 2937 1793 3027 contrarium,
1814 2939 1911 3014 sicut
1930 2939 1971 3013 in

380 3055 608 3147 civitatibus,
627 3057 772 3155 burgis,
791 3067 829 3134 et
848 3057 958 3133 villis.
978 3056 1115 3133 Habet
1134 3056 1235 3133 enim
1253 3056 1386 3134 civitas
1405 3056 1618 3133 Londoniae
1637 3057 1678 3132 in
1696 3057 1971 3134 consuetudine

381 3177 484 3275 quod
504 3177 536 3253 si
554 3184 659 3252 certa
678 3177 747 3252 dos
765 3176 878 3251 uxori
898 3175 1167 3264 constituatur,
1189 3176 1267 3252 sive
1287 3174 1328 3250 in
1348 3176 1525 3263 denariis,
1547 3175 1625 3251 sive
1645 3175 1685 3250 in
1707 3175 1788 3251 aliis
1809 3175 1970 3264 catallis,

381 3296 459 3372 sive
476 3295 529 3370 in'
545 3294 732 3383 domibus,
751 3292 842 3370 sive⁸
859 3293 900 3368 in
917 3291 1014 3370 aliis‘
1031 3319 1115 3392 quae
1131 3293 1215 3369 loco
1232 3293 1460 3371 catellorum
1476 3293 1679 3382 habentur,
1698 3293 1791 3369 nihil
1809 3293 1970 3377 ulterius

381 3424 513 3515 petere
528 3413 671 3513 poterit
687 3438 803 3511 quam
818 3411 947 3488 dotem
963 3437 1072 3488 suam
1089 3413 1136 3487 de
1151 3411 1245 3500 iure,
1262 3412 1334 3488 nisi
1349 3411 1420 3487 hoc
1437 3412 1557 3489 fuerit
1574 3413 1621 3488 de
1637 3412 1766 3510 gratia
1781 3422 1820 3488 et
1837 3412 1970 3488 volun·

381 3542 462 3609 tate
475 3532 547 3607 viri
561 3531 631 3620 sui,
646 3532 676 3608 si
690 3531 724 3608 ei
737 3530 953 3630 specialiter
966 3529 1111 3629 aliquid
1124 3530 1320 3629 reliquerit
1335 3529 1439 3606 ultra
1454 3531 1585 3606 dotem
1599 3531 1687 3628 plus
1702 3532 1763 3607 vel
1778 3529 1916 3619 minus,
1932 3539 1972 3608 et

381 3651 591 3729 secundum
613 3648 716 3748 quod
739 3647 872 3725 fuerit⁶
894 3649 989 3725 bene
1011 3647 1149 3725 merita
1171 3648 1211 3723 in
1232 3648 1313 3724 vita
1335 3648 1407 3724 viri
1430 3648 1488 3725 sui
1511 3649 1571 3724 vel
1594 3674 1683 3724 non.
1708 3649 1767 3726 Et
1788 3658 1847 3725 est
1871 3649 1971 3726 ratio

381 3794 500 3868 quare
514 3770 602 3868 plus
615 3776 747 3867 petere
759 3793 839 3843 non
852 3766 995 3867 poterit
1009 3791 1125 3865 quam
1140 3767 1269 3844 dotem
1283 3767 1533 3844 constitutam
1548 3768 1757 3844 secundum
1772 3769 1970 3866 quosdam,

382 3887 473 3986 quia
486 3888 572 3986 ipsa
589 3896 680 3962 ante
696 3911 826 3962 omnes
843 3884 1047 3961 debitores⁰
1063 3884 1194 3961 dotem
1210 3911 1320 3962 suam
1337 3885 1581 3982 praededucet
1598 3892 1722 3962 totam
1740 3886 1801 3961 vel
1820 3893 1971 3984 partem

382 4004 564 4105 quamdiu
584 4015 739 4083 tantum
760 4003 985 4080 remanserit
1006 4003 1046 4078 in
1066 4003 1174 4080 bonis
1194 4002 1266 4079 viri
1287 4004 1356 4080 sui.
1380 4004 1546 4080 Etcum
1564 4012 1689 4080 totam
1711 4005 1840 4080 dotem
1862 4029 1972 4081 suam

381 4125 433 4200 sic
449 4123 589 4200 babere
605 4123 742 4200 debeat
760 4122 1005 4221 praecipuam,
1024 4121 1076 4199 sic
1092 4121 1173 4198 vice
1190 4147 1300 4198 versa
1318 4123 1348 4198 si
1367 4122 1482 4220 plura
1499 4121 1577 4198 sint
1594 4122 1696 4198 bona
1714 4123 1843 4198 dotem
1862 4146 1970 4198 exce·

380 4242 523 4332 dentis,
547 4241 641 4318 nihil
664 4240 829 4341 amplius
852 4239 991 4339 capiet*
1017 4265 1133 4339 quam
1157 4241 1288 4316 dotem
1311 4241 1561 4329 nominatam,
1586 4239 1658 4316 nisi
1682 4241 1752 4315 hoc
1778 4241 1898 4316 fuerit
1922 4241 1971 4316 de

382 4360 535 4458 speciali
566 4359 705 4458 gratia,
736 4369 782 4434 ut
813 4359 1038 4458 praedictum
1068 4365 1139 4446 est,
1173 4367 1212 4434 et
1241 4357 1338 4434 bene
1367 4358 1515 4435 merita.
1549 4359 1607 4433 Et
1638 4357 1734 4434 illud
1765 4359 1867 4435 idem
1899 4358 1972 4435 erit

380 4478 663 4556 observandum
679 4478 725 4554 de
740 4477 868 4554 liberis
883 4477 1021 4553 talium
1035 4487 1081 4554 ut
1097 4476 1254 4576 quidam
1271 4477 1415 4565 dicunt,
1433 4476 1574 4554 scilicet
1591 4477 1695 4575 quod
1711 4501 1789 4552 non
1805 4477 1971 4576 amplius

381 4595 536 4694 capient
553 4595 726 4671 debonis
742 4595 916 4671 defuncti
934 4596 982 4671 de
998 4595 1091 4684 iure,
1110 4594 1172 4670 dc'
1188 4594 1297 4671 bonis
1314 4594 1399 4669 dico
1415 4592 1629 4684 mobilibus,
1648 4620 1764 4694 quam
1782 4595 1901 4672 fuerit
1918 4595 1972 4672 eis

382 4713 598 4813 specialiter
622 4715 808 4804 relictum,
833 4713 906 4790 nisi
930 4713 1001 4789 hoc
1026 4714 1145 4790 fuerit
1170 4714 1219 4790 de
1243 4713 1372 4811 gratia
1396 4713 1604 4802 testatoris,
1632 4713 1842 4790 secundum
1867 4713 1972 4812 quod

381 4930 584 5006 ⁸⁰deducant,
615 4932 685 5006 OB,
717 4932 794 5006 ΜΒ,
825 4931 891 4992 CE.
945 4929 1130 5010 ⁸⁷praduci,
1162 4930 1232 5006 OB,
1264 4931 1341 5005 ΜΒ,
1373 4931 1456 5004 MG;
1489 4930 1631 5010 produci,
1664 4933 1745 5005 MA;
1778 4931 1899 5008 deduci,
1932 4931 1970 4992 V.

381 5032 573 5108 ⁸'babuerit
598 5033 692 5096 MSS.
719 5052 784 5094 var.
832 5029 859 5066 ⁸⁰
870 5032 1013 5109 deducta,
1037 5033 1078 5108 V,
1105 5033 1186 5106 ΜΛ,
1213 5031 1382 5112 preducta,
1408 5032 1484 5096 MG.
1533 5032 1689 5111 ⁴⁰babuit,
1715 5034 1785 5109 OA,
1812 5035 1886 5109 MC,
1911 5033 1971 5095 OC

386 5134 515 5214 (pueros
530 5155 561 5196 n.
577 5133 645 5213 h.);
661 5133 784 5210 habeat,
798 5134 836 5196 V.

464 5235 635 5310 ¹iusoluta,
651 5235 695 5309 V;
711 5254 812 5313 nuper
828 5233 940 5311 soluta,
956 5233 1034 5296 MG.
1073 5233 1178 5309 ²Om.,
1194 5236 1235 5312 V,
1251 5234 1320 5310 OA,
1338 5236 1406 5310 LA,
1422 5237 1489 5298 OC.
1528 5232 1567 5269 ⁸⁰⁴
1578 5235 1659 5310 Om.‚
1676 5237 1716 5312 V,
1733 5235 1802 5312 OA,
1820 5235 1887 5310 LA,
1905 5236 1973 5312 OC,

302 5386 305 5390 ,
383 5336 460 5412 MG,
476 5338 549 5399 MC.
587 5336 684 5413 ‘tuit
698 5335 738 5411 V,
754 5335 831 5398 ΜΘ.
868 5333 973 5413 ⁶Om,
990 5336 1059 5413 OB,
1076 5336 1152 5411 MA,
1168 5337 1246 5412 ΜΒ,
1262 5337 1329 5411 CE,
1344 5337 1418 5398 cM.
1456 5335 1595 5416 'capiat
1612 5339 1651 5416 V,
1670 5337 1745 5412 ΜΒ,
1762 5337 1828 5400 OC.
1867 5335 1973 5413 ⁸0m.,

383 5440 452 5516 OA,
467 5439 537 5514 ΟΒ,
552 5440 618 5516 LA,
633 5439 700 5514 ΟΕ,
716 5438 792 5513 MA,
806 5436 879 5498 CM.
