4374 6366
354 452 428 520 400
885 445 1110 507 BBACTON:
1131 443 1192 506 DE
1216 445 1409 508 LEGIBUS

354 593 503 672 duobus
520 593 703 672 militibus
720 593 781 671 vel
798 593 985 692 legalibus
1001 593 1217 673 hominibus
1234 593 1358 684 aliis?
1376 596 1586 674 secundum
1603 599 1707 698 quod
1725 599 1944 700 appellatus

354 711 491 790 nobilia
514 712 634 790 fuerit
656 711 848 811 persona⁸²
871 712 933 787 vel
955 712 1144 810 ignobilis,
1168 722 1207 791 et
1230 739 1302 812 per
1323 711 1416 791 eos⁸²
1439 716 1604 792 ducatur
1626 715 1667 792 in
1690 741 1871 817 campum
1894 718 1945 795 ad

353 830 527 910 duellum
544 829 765 907 faciendum
783 830 1026 929 deputatum,
1046 840 1085 908 et
1104 830 1305 930 appellans
1325 833 1458 910 eodem
1476 833 1602 909 modo.
1623 833 1683 911 Et
1701 835 1757 912 ita
1776 835 1944 913 debent⁸⁸

353 951 574 1050 appellatus
588 957 628 1026 et
641 948 844 1048 appellans
857 975 882 1026 a
895 947 1087 1048 predictis
1101 949 1296 1039 custodiri,
1312 951 1415 1048 quod
1430 976 1543 1028 nemo
1557 961 1647 1052 post
1662 963 1944 1031 sacramentum

354 1069 504 1146 lactum
529 1092 616 1144 cum
642 1067 717 1144 illia
743 1067 884 1144 habeat
908 1065 1168 1165 colloquium·⁴
1196 1077 1286 1144 ante
1313 1069 1430 1145 duelli
1457 1070 1752 1170 percussionem,
1781 1081 1943 1171 excepto

353 1185 383 1261 f.
400 1187 492 1278 142]
548 1184 606 1261 eo¹
621 1185 825 1285 quodcum
839 1185 880 1260 in
894 1209 1075 1284 campum
1088 1186 1263 1262 venerint
1277 1186 1405 1262 iurare
1419 1187 1560 1266 debent
1574 1187 1717 1266 coram²
1731 1189 1942 1268 iustitiariis

354 1305 564 1381 secundum
578 1303 745 1380 formam
759 1303 884 1380 istam.

452 1428 748 1505 Sacramentum
762 1426 984 1521 faciendum
997 1426 1039 1503 in
1053 1450 1202 1526 campo.

353 1551 451 1627 Hoc
466 1549 607 1627 auditis
623 1549 816 1627 iustitiarii
831 1549 935 1648 quod
950 1575 1023 1648 ego
1038 1576 1117 1627 non
1132 1551 1278 1627 comedi
1294 1575 1418 1649 neque
1433 1552 1512 1628 bibi
1527 1552 1610 1628 nec'
1627 1553 1764 1652 aliquis
1780 1553 1868 1653 pro*
1882 1581 1944 1632 me

353 1693 423 1746 nec
438 1694 509 1768 per
522 1669 609 1757 me,⁸
624 1677 787 1768 propter
802 1669 904 1769 quod
919 1667 982 1746 lex
999 1669 1060 1746 dei
1076 1669 1239 1767 deprimi
1255 1669 1393 1748 debeat
1409 1679 1448 1748 et
1463 1671 1526 1746 lex
1542 1671 1683 1748 diaboli
1699 1672 1875 1763 exaltari,
1891 1673 1944 1750 sic

352 1813 414 1865 me
427 1789 521 1864 deus
535 1795 712 1864 etcetera.

453 1910 547 1988 Fiat
564 1910 713 1988 bonnac
729 1910 843 2010 repis.

353 2035 419 2112 Er
435 2035 541 2111 lacto
557 2034 627 2112 tali
640 2035 755 2111 modo
771 2043 1010 2112 sacramento
1026 2033 1157 2112 statim
1174 2035 1244 2112 dat
1259 2036 1410 2112 bannus
1427 2035 1529 2133 regis
1546 2034 1616 2112 sub
1633 2061 1725 2114 voce
1741 2037 1943 2136 preconia,

353 2163 392 2230 et
408 2153 514 2228 lacto
529 2152 681 2230 silentio
694 2177 765 2252 per
779 2153 857 2228 hacc
871 2151 1005 2228 verba:
1023 2154 1269 2252 Praeceptum
1285 2153 1386 2250 regis
1403 2163 1442 2230 et
1457 2154 1750 2232 iustitiariorum
1766 2164 1824 2232 est
1841 2156 1944 2253 quod

353 2272 482 2349 nullus
503 2272 552 2350 ait
571 2272 627 2347 ita
646 2296 762 2348 ausus
782 2271 843 2348 vel
862 2271 992 2348 audax
1013 2271 1116 2370 quod
1137 2271 1323 2370 quidquid
1344 2272 1477 2348 audiat
1498 2271 1560 2348 vel
1579 2271 1709 2348 videat
1730 2298 1772 2350 ae
1791 2282 1944 2350 moveat

353 2390 413 2467 vel
431 2388 570 2466 verbis⁸
588 2390 777 2489 proferat,
796 2389 884 2467 etsi
903 2389 986 2488 quia
1004 2399 1139 2466 contra
1157 2389 1229 2466 hoc
1248 2389 1395 2478 lecerit,
1414 2398 1552 2488 captus
1571 2390 1644 2468 erit
1663 2399 1702 2468 et
1720 2390 1884 2489 positus'
1904 2391 1945 2466 in

353 2506 577 2607 prisonam,⁸
593 2515 632 2584 et
649 2508 700 2582 ibi
717 2507 854 2585 iacebit
869 2533 940 2606 per
958 2531 1103 2584 annum
1120 2516 1159 2584 et
1177 2507 1279 2584 diem
1296 2533 1417 2606 usque
1435 2507 1611 2585 dominus
1629 2534 1698 2584 rex
1718 2509 1766 2584 de
1784 2534 1828 2583 eo
1847 2533 1943 2607 prae·

352 2626 498 2726 ceperit
519 2626 760 2702 voluntatem
783 2651 903 2702 suam.
929 2626 1010 2702 His
1032 2626 1152 2724 igitur
1175 2624 1306 2704 taliter
1329 2626 1495 2724 peractis
1518 2626 1820 2724 congrediantur
1842 2652 1943 2704 cam-

352 2744 486 2844 piones
502 2754 540 2822 et
556 2752 745 2844 pugnent.
761 2745 820 2822 Et
836 2745 868 2821 si
883 2743 1085 2842 appellans
1101 2745 1224 2821 victus
1242 2743 1373 2833 luerit,
1391 2744 1452 2820 vel
1467 2745 1498 2821 si
1516 2744 1736 2844 appellatus
1753 2769 1794 2820 se
1810 2745 1942 2820 defen·

352 2862 452 2939 derit
469 2871 605 2939 contra
621 2861 749 2962 ipsum
765 2870 850 2938 tota
867 2863 930 2938 dic
945 2886 1067 2960 usque
1084 2864 1134 2939 ad
1151 2861 1286 2938 horam
1303 2889 1380 2961 qua
1398 2863 1516 2938 stellae
1533 2863 1723 2961 incipiunt
1742 2888 1941 2961 apparere,

351 2989 446 3056 tunc
472 2980 623 3057 recedet
650 2979 870 3078 appellatus
898 2980 1048 3078 quietus
1076 2979 1123 3056 de
1150 2979 1306 3078 appello
1333 3006 1381 3056 ex
1410 3006 1486 3078 quo
1514 2979 1568 3058 ae⁰
1595 2979 1781 3078 obligavit
1810 2979 1941 3079 appel·

353 3097 438 3175 lans
457 3097 507 3173 ad
525 3097 827 3174 convincendum
845 3123 933 3174 eum
951 3122 1031 3173 una
1047 3097 1143 3174 hora
1161 3097 1246 3186 diei,
1267 3097 1371 3197 quod
1391 3097 1545 3196 quidem
1564 3124 1643 3174 non
1662 3099 1766 3175 fecit.
1788 3099 1846 3175 Et
1865 3124 1944 3175 non

354 3215 478 3292 solum
493 3215 673 3314 quietus¹⁰
690 3215 907 3292 dimittetur
923 3214 1143 3314 appellatus
1160 3216 1209 3291 de
1226 3216 1343 3304 lacto,
1361 3216 1477 3292 immo
1495 3241 1625 3293 omnes
1644 3217 1708 3291 alii
1726 3217 1791 3315 qui
1811 3216 1943 3316 appel·

351 3334 422 3410 lati
441 3343 532 3412 sunt
551 3334 599 3410 de
619 3334 742 3409 forcia
760 3342 800 3410 et
820 3343 1025 3433 praecepto,
1045 3358 1114 3409 nec
1135 3333 1243 3431 ipseu
1266 3333 1485 3431 appellatus
1506 3335 1554 3410 de
1576 3334 1682 3409 facto
1703 3335 1943 3411 solummodo

354 3451 505 3552 quietus
529 3453 681 3528 recedet
704 3477 837 3528 versus
861 3451 989 3550 ipsum
1014 3451 1184 3549 primum
1210 3451 1484 3550 appellantem,
1510 3476 1644 3528 verum
1669 3452 1786 3529 etiam
1811 3479 1944 3530 versus

352 3594 485 3646 omnes
508 3569 748 3669 appellantes
771 3569 837 3668 qui
859 3571 987 3670 ipsum
1009 3568 1319 3669 appellaverint²²
1341 3570 1391 3646 de
1411 3570 1546 3646 eodem
1569 3570 1686 3659 facto,
1710 3595 1817 3648 secus
1841 3572 1872 3648 si
1896 3572 1944 3648 de

354 3685 523 3763 diversis.

452 3809 500 3889 Si
516 3809 737 3910 appellatur
754 3809 877 3888 aaa
893 3810 1025 3905 faerit.

355 3935 401 4012 SI
426 3944 556 4012 autem
580 3935 799 4034 appellatus
824 3935 947 4011 victus
972 3934 1103 4022 fuerit,
1128 3934 1266 4010 ultimo
1290 3933 1475 4032 punietur
1500 3933 1688 4033 supplicio
1713 3958 1801 4010 cum
1827 3958 1943 4034 poena

353 4055 464 4152 gravi
482 4053 543 4130 vel
560 4053 729 4152 graviori
747 4054 956 4130 secundum
974 4052 1141 4128 criminis
1161 4052 1399 4150 qualitatem,
1418 4076 1505 4128 cum
1525 4051 1818 4128 exheredatione
1838 4051 1943 4127 here·

353 4174 446 4249 dum
462 4199 619 4250 suorum
636 4180 675 4248 et
691 4172 862 4248 omnium
877 4170 1066 4247 bonorum
1082 4170 1294 4258 amissione,
1312 4169 1521 4246 secundum
1538 4171 1641 4268 quod
1660 4194 1779 4267 supra
1796 4169 1942 4245 dictum

353 4299 412 4368 eat
429 4292 477 4367 de
494 4289 691 4388 utlagatis.
713 4290 756 4365 Si
774 4297 904 4365 autem
923 4288 1053 4388 plures
1072 4313 1194 4364 unum
1212 4287 1505 4386 appellaverint,
1523 4287 1584 4363 vel
1602 4288 1733 4387 plures
1753 4288 1801 4363 de
1820 4287 1942 4363 diver-

353 4412 404 4489 sis
420 4411 549 4511 plagis
565 4419 604 4488 et
621 4410 746 4499 factis,
765 4409 796 4487 si
814 4410 1033 4508 appellatus
1051 4434 1090 4485 se
1109 4407 1326 4484 defenderit
1344 4432 1476 4484 versus
1494 4432 1626 4496 unum,
1647 4408 1859 4505 procedant
1879 4407 1943 4484 alii

354 4529 595 4630 appellantes
619 4553 751 4605 versus
777 4525 968 4604 eundem²⁸
993 4525 1107 4602 modo
1133 4525 1355 4623 supradicto
1381 4548 1580 4623 quousque
1605 4549 1737 4600 omnes
1763 4525 1810 4602 de
1837 4525 1943 4602 facto

353 4647 515 4725 convicti
533 4645 691 4736 luerint,
709 4655 747 4723 et
764 4656 858 4723 tunc
874 4642 1040 4720 deinde²⁴
1055 4643 1290 4742 procedatur
1306 4650 1442 4718 contra
1458 4643 1562 4742 ipsos
1581 4643 1629 4718 de
1648 4641 1771 4718 forcia
1789 4651 1827 4720 et
1846 4667 1942 4743 prec-

354 4865 652 4944 uoquGffipq,
687 4861 984 4954 ⁸10m‚,MG?cM.
1021 4859 1047 4893 ³²
1058 4879 1145 4938 quoa,
1159 4860 1225 4934 LA,
1240 4860 1279 4933 Y,
1294 4859 1367 4920 MC.
1404 4855 1544 4932 “debet
1558 4859 1597 4935 V,
1613 4859 1690 4920 MG.
1726 4855 1755 4891 ⁸⁴
1765 4857 1943 4936 alloquium,

352 4971 422 5045 ΟΒ,
436 4968 629 5144 dfflfffg
645 5064 723 5139 MA,
740 5063 817 5136 ΜΒ,
834 5061 899 5123 cE.
939 5059 1018 5131 ’eia
1035 5061 1075 5135 V,
1093 5059 1170 5134 MA,
1187 5059 1259 5131 CE3
1277 5079 1347 5133 om,
1365 5059 1434 5134 OA,
1452 5059 1519 5134 LA,
1539 5059 1578 5133 Y,
1597 5059 1674 5134 MG,
1694 5062 1768 5134 CM,
1787 5061 1855 5137 OC,
1874 5061 1942 5136 OB,

354 5170 519 5246 M135Mc,
555 5165 686 5241 ⁸·⁵0m.,
701 5164 774 5226 cM.
811 5160 849 5196 Μ
861 5182 918 5241 per
932 5181 991 5239 me,
1006 5160 1090 5234 MG;
1105 5181 1164 5240 pro
1178 5179 1227 5220 me
1241 5179 1298 5221 nec
1313 5179 1378 5239 pra
1393 5179 1451 5236 me,
1467 5160 1505 5222 V.
1543 5158 1672 5236 ‘verba
1687 5162 1757 5236 OB,
1774 5163 1850 5238 MA,
1867 5163 1941 5224 ΜΒ.

353 5271 634 5350 r-rqmpfigomtus,
657 5267 732 5328 ΜΒ.
776 5262 881 5340 ⁰0m.,
903 5263 972 5338 OB,
996 5261 1071 5337 MA,
1094 5261 1169 5322 ΜΒ.
1214 5259 1334 5335 ²⁰0m.‚
1358 5261 1425 5338 CB,
1449 5262 1527 5338 MG,
1551 5261 1624 5323 cM.
1668 5261 1696 5296 ²¹
1708 5264 1788 5338 om,
1812 5264 1852 5338 V,
1875 5264 1941 5325 LA.

353 5371 381 5407 ιι
392 5368 641 5450 appellaverunt,
654 5367 693 5442 V,
709 5366 775 5427 OC.
812 5360 979 5423 ²'eundem
993 5359 1110 5438 eodem,
1125 5361 1202 5437 MG,
1218 5361 1292 5423 cM.
1328 5358 1357 5395 ²⁴
1367 5359 1498 5437 demum,
1514 5360 1581 5438 LA,
1598 5362 1674 5437 MA,
1690 5364 1757 5440 ΟΕ,
1774 5365 1852 5440 MG,
1868 5365 1941 5427 MC.
