4432 6340
627 440 688 500 DE
710 439 1015 512 ADQUIRENDO
1037 441 1195 503 RERUM
1218 441 1420 504 DOMINIO
1747 451 1821 519 215

233 589 300 667 et²¹
322 591 498 668 omnibus
520 590 602 668 aliis
623 591 749 669 rebus.
772 593 831 670 Et
853 617 941 668 cum
962 591 1135 669 extensio
1156 594 1223 669 illa
1244 603 1283 670 et
1306 593 1539 694 appretiatio
1563 595 1670 672 facte
1692 596 1823 684 fuerit,

234 708 264 786 f.
278 710 348 802 74]
403 717 497 785 tunc
518 735 590 809 per
612 710 822 788 eorrmdem
845 721 1127 789 sacramentum
1149 720 1274 788 totam
1297 722 1442 789 terram
1465 711 1571 789 illam
1594 737 1683 790 cum
1705 715 1823 814 perti-

232 827 372 905 nentiis
394 827 592 927 aequaliter
612 830 751 928 partiri
774 830 894 907 facias
916 830 957 906 in
980 832 1076 907 duas
1099 839 1243 930 partes,
1266 840 1305 909 et
1328 832 1384 908 ita
1406 832 1510 930 quod
1533 831 1710 930 qualibet
1732 858 1824 931 pars

232 947 387 1046 aequalis
404 947 454 1024 sit
471 947 593 1025 alteri.
611 948 670 1027 Et
687 949 794 1026 facta
810 949 864 1026 sic
879 949 1114 1048 partitione,¹
1131 950 1336 1049 unicuique
1353 951 1526 1051 ipsorum
1544 960 1697 1051 partem
1715 975 1825 1027 suam

232 1067 371 1146 habere
390 1068 510 1145 facies
528 1076 569 1143 et
587 1068 787 1166 assignari,
807 1067 913 1147 salvo
932 1078 1063 1145 tamen
1082 1069 1205 1146 eidem
1225 1069 1274 1145 B.
1294 1078 1406 1146 tanto
1425 1079 1538 1147 terrae
1558 1095 1674 1168 quam
1695 1069 1765 1146 sibi
1784 1079 1824 1147 et

231 1187 432 1264 heredibus
452 1187 528 1264 suis
547 1188 688 1264 retinet
708 1187 788 1264 sine
807 1197 930 1286 parte,
951 1187 1057 1264 salva
1075 1188 1192 1265 etiam
1212 1188 1335 1265 eidem
1353 1187 1531 1266 aesnescia
1551 1213 1630 1264 sua.
1652 1189 1710 1267 Et
1731 1189 1823 1288 quid

232 1314 272 1381 et
284 1306 352 1382 ubi
368 1316 406 1383 et
423 1331 494 1405 per
510 1332 605 1405 quas
621 1305 831 1407 particulas
848 1306 1052 1406 unicuique
1069 1307 1243 1405 ipsorum
1259 1316 1412 1405 partem
1430 1332 1539 1384 suam
1557 1308 1822 1406 assignaveris

232 1426 326 1502 scire
342 1425 460 1501 facias
476 1425 584 1502 nobis
599 1425 661 1502 vel
674 1425 887 1503 iustitiariis
903 1426 1044 1503 nostris
1060 1435 1237 1514 etcetera,
1253 1425 1323 1502 tali
1339 1426 1422 1501 loco
1438 1426 1508 1504 tali
1523 1427 1597 1515 die,
1615 1426 1822 1515 evidenter,

231 1543 409 1621 distincte
425 1553 465 1620 et
482 1551 617 1642 aperte
634 1570 706 1643 per
721 1543 870 1622 litteras
887 1554 976 1621 tuas
994 1545 1192 1643 sigillatas,
1212 1555 1251 1622 et
1269 1572 1340 1645 per
1358 1554 1525 1644 quatuor
1542 1544 1685 1644 legales
1703 1543 1821 1622 homi·

231 1688 298 1739 nes
319 1689 367 1739 ex
387 1663 462 1740 illis
482 1688 554 1761 per
574 1689 669 1762 quos
690 1663 849 1762 partitio
870 1663 938 1740 illa
958 1664 1065 1740 iacta
1085 1664 1216 1740 fuerit.
1239 1664 1297 1742 Et
1318 1662 1458 1740 habeas
1479 1663 1532 1741 ibi
1553 1664 1623 1739 hoc
1646 1663 1759 1740 breve
1782 1672 1822 1739 et

231 1783 387 1859 nomina
403 1781 557 1858 illorum
573 1809 645 1881 per
663 1808 827 1881 quorum
845 1790 1128 1860 sacramentum
1145 1783 1394 1881 partitionem
1412 1783 1518 1859 illam
1537 1783 1683 1859 feceris.
1704 1784 1821 1859 Teste

231 1909 408 1977 etcetera.
425 1901 528 1977 Item
542 1900 613 1978 est²
628 1901 734 1979 aliud
747 1901 860 1978 breve
873 1902 922 1977 de
936 1902 1070 1978 eodem
1083 1901 1293 1977 vicecomiti
1308 1900 1564 1998 dirigendum,
1582 1902 1648 1977 sed
1664 1900 1821 1977 alterius

228 2019 346 2095 modi.

330 2141 457 2219 Breve
480 2143 585 2242 quoti
606 2142 691 2242 quia
712 2142 762 2219 eit
784 2143 836 2219 aei
858 2142 1088 2241 capiendum
1111 2150 1394 2218 sacramentum
1417 2143 1465 2218 de
1489 2140 1765 2229 ectensoribos,
1788 2142 1822 2219 ai

329 2259 510 2356 socienda
525 2261 575 2338 eit
593 2261 765 2339 cetensio
784 2271 897 2338 caira
912 2261 1147 2338 comitatam.

231 2383 327 2460 ltux
344 2383 555 2460 vicecomiti
575 2382 749 2460 salutem.
770 2383 1021 2483 Praecipimus
1040 2383 1110 2460 tibi
1130 2385 1233 2483 quod
1254 2382 1358 2459 omni
1377 2383 1572 2460 occasione
1593 2382 1821 2482 postposita,

231 2501 281 2578 sis
295 2500 366 2578 tali
380 2501 441 2578 die
455 2512 493 2579 et
505 2501 576 2580 tali
590 2502 673 2578 loco
688 2503 738 2578 ad
752 2502 982 2601 capiendum
997 2512 1279 2580 sacramentum
1295 2503 1342 2578 de
1356 2501 1426 2578 tali
1441 2511 1480 2578 et
1495 2500 1603 2578 sociis
1620 2499 1710 2577 suis⁸
1725 2501 1820 2577 elec·

230 2620 280 2696 tis
297 2622 346 2696 ad
361 2621 621 2697 extensionem
636 2630 676 2698 et
692 2619 1016 2719 appretiationem
1031 2619 1248 2697 faciendam
1265 2621 1314 2696 de
1328 2619 1442 2696 terris
1460 2629 1499 2698 et
1515 2618 1742 2697 tenementis
1760 2617 1821 2695 de‘

231 2738 301 2814 tali
326 2738 481 2828 honore,
508 2741 718 2816 secundum
744 2740 848 2838 quod
874 2739 914 2815 in
940 2739 1078 2816 litteris
1105 2739 1245 2814 nostris
1273 2738 1495 2837 patentibus
1525 2763 1608 2836 quae
1634 2737 1704 2813 tibi
1731 2737 1821 2813 inde

230 2857 495 2934 ostendentur⁵
515 2859 746 2935 continetur.
768 2859 827 2934 Et
848 2859 879 2935 si
900 2883 998 2956 opus
1020 2858 1151 2946 fuerit,
1173 2883 1302 2934 coram
1323 2857 1464 2933 eisdem
1485 2856 1669 2933 militibus
1692 2857 1821 2932 venire

226 2975 351 3052 iacias
369 2976 463 3052 alios
479 2977 527 3053 de
542 2979 676 3054 eodem
692 2977 836 3054 honore
852 3002 947 3075 quos
964 2975 1136 3076 praedicti
1152 2976 1291 3052 milites
1310 2976 1360 3052 od
1376 2975 1447 3052 hoc
1464 2999 1599 3052 vocare
1616 2974 1819 3063 voluerint,

231 3105 276 3173 ut
289 3097 430 3174 eisdem
443 3097 626 3174 militibus
642 3124 759 3197 super
772 3107 1056 3174 sacramentum
1069 3122 1183 3173 suum
1198 3097 1275 3174 sint
1290 3096 1518 3173 auxiliantes
1533 3096 1583 3172 ad
1598 3095 1821 3195 predictam

231 3218 493 3294 extensionem
511 3227 550 3296 et
569 3217 892 3317 appretiationem
912 3219 1139 3294 faciendam.
1160 3218 1219 3295 Et
1238 3242 1326 3293 cum
1345 3216 1517 3294 extensio
1537 3215 1603 3292 illa
1622 3224 1662 3293 et
1681 3241 1820 3315 appre-

231 3337 340 3415 tiatio
363 3339 469 3416 facta
491 3339 610 3416 fuerit
631 3339 921 3428 rationabiliter,
942 3339 1156 3438 plenariam
1179 3338 1355 3414 seisinam
1376 3337 1516 3414 habere
1538 3337 1658 3414 facias
1680 3336 1750 3412 tali
1774 3338 1821 3413 de

230 3459 406 3537 omnibus
428 3459 541 3536 terris
563 3469 602 3536 et
624 3461 851 3536 tenementis
874 3461 921 3537 de
943 3459 1127 3559 praedicto
1148 3459 1291 3535 honore
1315 3484 1402 3534 cum
1425 3458 1678 3558 pertinentiis.
1703 3458 1821 3534 Teste

230 3589 408 3658 etcetera.
431 3580 579 3658 Milites
602 3582 831 3679 quandoque
853 3581 902 3656 ad
924 3580 1094 3679 primum
1114 3561 1342 3656 mandatum
1364 3580 1466 3677 regis
1488 3605 1566 3655 non
1589 3579 1749 3655 veniunt
1772 3577 1821 3653 ad

231 3701 449 3777 faciendam
464 3702 736 3790 extensionem,
752 3703 813 3778 vel
830 3702 933 3778 forte
950 3726 1038 3778 cum
1053 3701 1228 3778 venerint
1244 3700 1449 3777 vicecomes
1467 3700 1708 3798 negligenter
1726 3699 1822 3775 facit

232 3820 335 3918 quod
349 3819 383 3896 ei
395 3817 623 3895 iniunctum⁰
639 3829 707 3896 est.
723 3820 782 3896 Et
795 3819 899 3895 unde
914 3819 958 3896 si'
973 3817 1127 3896 milites⁸
1141 3845 1220 3895 non
1233 3819 1419 3906 venerint,
1435 3820 1504 3895 fiat
1520 3819 1572 3894 eis
1588 3817 1728 3894 iterum
1743 3816 1821 3893 tale

231 3936 356 4014 breve.

330 4059 458 4138 Breve
473 4059 541 4137 obi
557 4068 776 4138 ecteaaores
792 4059 885 4137 nibil
900 4059 1063 4153 feceriut
1080 4060 1131 4136 aei
1147 4057 1317 4156 primum
1333 4057 1570 4134 mandatum.

231 4184 328 4259 Rex
349 4182 495 4259 dilectis
516 4192 555 4259 et
576 4182 752 4259 fidelibus
773 4182 851 4259 suis
871 4183 924 4258 A.
947 4182 995 4257 Β.
1020 4182 1065 4258 C.
1087 4181 1142 4257 D.
1165 4181 1339 4256 salutem.
1365 4179 1469 4256 Satis
1491 4178 1692 4255 recolimus
1714 4176 1821 4254 vobis

232 4300 340 4380 olias⁹
355 4302 502 4380 dedisse
517 4303 558 4378 in
571 4303 764 4379 mandatis
780 4303 884 4402 quod
898 4303 951 4378 A.
969 4312 1008 4379 et
1024 4303 1072 4378 B.
1089 4303 1130 4377 in
1146 4301 1252 4377 curia
1267 4309 1400 4376 nostra
1415 4324 1544 4375 coram
1560 4307 1737 4387 etcetera,
1757 4297 1821 4373 eli·

231 4433 373 4521 gerunt
390 4450 457 4500 vos
474 4423 522 4500 de
540 4425 731 4499 communi
749 4423 933 4500 assensu¹⁰
952 4449 1096 4512 eorum,
1114 4432 1160 4499 ut
1177 4448 1249 4522 per
1267 4429 1549 4498 sacramentum
1567 4430 1738 4497 vestrum
1756 4444 1820 4496 ex-

230 4545 469 4622 tendantur¹²
485 4553 524 4622 et
537 4544 807 4644 appretientur
820 4569 951 4620 omnes
964 4554 1077 4621 terrae
1091 4553 1129 4620 et
1144 4542 1273 4618 omnia
1285 4551 1506 4619 tenementa
1521 4541 1569 4618 de
1582 4540 1653 4617 tali
1665 4541 1820 4628 honore,

232 4764 358 4841 uetin,
372 4764 441 4841 OB,
457 4765 532 4838 MA,
547 4764 622 4825 ΜΒ.

314 4864 578 4942 ¹sppretiatione,
602 4863 671 4938 OB,
694 4864 771 4937 MA,
794 4864 876 4937 MB;
898 4866 1149 4941 participatione,
1173 4863 1267 4924 MSS.
1290 4881 1356 4923 var.
1402 4860 1474 4923 ²est
1497 4869 1538 4935 et,
1563 4861 1631 4933 OA,
1655 4859 1722 4933 OE,
1747 4860 1821 4933 MC,

231 4967 309 5042 MG,
330 4966 375 5040 Y;
396 4987 467 5041 om,
487 4966 554 5029 OC.
595 4964 698 5042 ὀίω,
717 4964 787 5042 OA,
806 4965 874 5042 LA,
895 4966 969 5027 MC.
1011 4963 1068 5026 ‘et
1088 4962 1137 5039 dc,
1159 4963 1228 5038 OB,
1250 4964 1326 5039 MA,
1347 4964 1424 5038 ΜΒ,
1446 4962 1486 5036 Υ,
1508 4962 1580 5022 CM.
1624 4959 1821 5035 'ostendent

231 5069 300 5144 OB,
313 5068 390 5144 MA,
403 5069 478 5130 ΜΒ.
513 5064 674 5128 ‘iunctum
686 5067 736 5127 vel
749 5071 874 5141 iussum,
888 5068 933 5140 V;
947 5070 1061 5127 iustum
1074 5065 1125 5126 vel
1138 5069 1296 5140 iniustum,
1310 5064 1379 5140 OB,
1394 5064 1476 5136 MB;
1489 5066 1604 5123 iustum
1619 5068 1650 5121 et
1664 5064 1821 5134 iniustum,

232 5169 298 5230 MA
304 5191 313 5243 ;
328 5174 443 5231 iustum
457 5169 648 5244 vellosum,
663 5168 736 5242 CE;
752 5170 877 5242 iussum,
892 5168 938 5241 Y;
954 5170 1063 5243 visum,
1079 5166 1156 5228 MG.
1192 5163 1231 5198 Μ
1242 5164 1395 5239 similiter,
1411 5163 1480 5240 OA,
1498 5162 1564 5239 ΟΕ,
1582 5164 1661 5237 MC3
1680 5162 1821 5224 similiter

230 5291 309 5346 cum,
325 5271 392 5332 LA.
430 5269 535 5347 ’Om‚
551 5270 619 5348 LA,
639 5267 695 5347 (4-
707 5267 796 5348 OA).
835 5267 1034 5344 ²⁰consensu,
1051 5268 1121 5344 OA,
1138 5267 1205 5341 LA,
1221 5267 1289 5343 OC,
1307 5265 1345 5328 V.
1385 5265 1412 5299 ²¹
1423 5263 1638 5340 extendentur,
1656 5264 1725 5341 OB,
1745 5265 1820 5340 MA,
