<?xml version="1.0" encoding="UTF-8"?>
<!DOCTYPE html PUBLIC "-//W3C//DTD XHTML 1.0 Transitional//EN"
    "http://www.w3.org/TR/xhtml1/DTD/xhtml1-transitional.dtd">
<html xmlns="http://www.w3.org/1999/xhtml" xml:lang="en" lang="en">
 <head>
  <title>
</title>
<meta http-equiv="Content-Type" content="text/html;charset=utf-8" />
  <meta name='ocr-system' content='tesseract 3.04.00' />
  <meta name='ocr-capabilities' content='ocr_page ocr_carea ocr_par ocr_line ocrx_word'/>
</head>
<body>
  <div class='ocr_page' id='page_1' title='image "./bractondelegibu01histgoog_0221.png"; bbox 0 0 4432 6340; ppageno 0'>
   <div class='ocr_carea' id='block_1_1' title="bbox 638 437 1833 518">
    <p class='ocr_par' dir='ltr' id='par_1_1' title="bbox 638 437 1833 518">
     <span class='ocr_line' id='line_1_1' title="bbox 638 437 1833 518; baseline 0.016 -21"><span class='ocrx_word' id='word_1_1' title='bbox 638 437 698 498; x_wconf 89' lang='lat' dir='ltr'><strong>DE</strong></span> <span class='ocrx_word' id='word_1_2' title='bbox 721 437 1025 510; x_wconf 83' lang='lat' dir='ltr'><strong>ADQUIRENDO</strong></span> <span class='ocrx_word' id='word_1_3' title='bbox 1048 439 1206 500; x_wconf 87' lang='lat' dir='ltr'><strong>RERUM</strong></span> <span class='ocrx_word' id='word_1_4' title='bbox 1229 439 1432 502; x_wconf 89' lang='lat' dir='ltr'><strong>DOMINIO</strong></span> <span class='ocrx_word' id='word_1_5' title='bbox 1723 509 1728 518; x_wconf 93' lang='grc'>,</span> <span class='ocrx_word' id='word_1_6' title='bbox 1758 447 1833 516; x_wconf 77' lang='grc'><strong>203</strong></span> 
     </span>
    </p>
   </div>
   <div class='ocr_carea' id='block_1_2' title="bbox 239 583 1834 1286">
    <p class='ocr_par' dir='ltr' id='par_1_2' title="bbox 239 583 1834 1286">
     <span class='ocr_line' id='line_1_2' title="bbox 240 583 1832 689; baseline 0.005 -29"><span class='ocrx_word' id='word_1_7' title='bbox 240 583 317 662; x_wconf 92' lang='lat' dir='ltr'><strong>lem</strong></span> <span class='ocrx_word' id='word_1_8' title='bbox 334 610 413 662; x_wconf 91' lang='lat' dir='ltr'><strong>non</strong></span> <span class='ocrx_word' id='word_1_9' title='bbox 430 586 616 664; x_wconf 90' lang='lat' dir='ltr'><strong>habuerit.</strong></span> <span class='ocrx_word' id='word_1_10' title='bbox 636 589 695 665; x_wconf 87' lang='lat' dir='ltr'><strong>Et</strong></span> <span class='ocrx_word' id='word_1_11' title='bbox 713 589 894 688; x_wconf 91' lang='lat' dir='ltr'><strong>quoniam</strong></span> <span class='ocrx_word' id='word_1_12' title='bbox 912 599 1064 668; x_wconf 87' lang='lat' dir='ltr'><strong>tantam</strong></span> <span class='ocrx_word' id='word_1_13' title='bbox 1082 590 1343 689; x_wconf 80' lang='lat' dir='ltr'>excogitatam</span> <span class='ocrx_word' id='word_1_14' title='bbox 1361 590 1548 668; x_wconf 89' lang='lat' dir='ltr'><strong>malitiam</strong></span> <span class='ocrx_word' id='word_1_15' title='bbox 1567 589 1744 668; x_wconf 88' lang='lat' dir='ltr'><strong>volumus</strong></span> <span class='ocrx_word' id='word_1_16' title='bbox 1763 591 1832 668; x_wconf 90' lang='lat' dir='ltr'><strong>im·</strong></span> 
     </span>
     <span class='ocr_line' id='line_1_3' title="bbox 241 707 1833 809; baseline 0.003 -25"><span class='ocrx_word' id='word_1_17' title='bbox 241 707 386 807; x_wconf 88' lang='lat' dir='ltr'><strong>pedire,</strong></span> <span class='ocrx_word' id='word_1_18' title='bbox 404 707 475 784; x_wconf 93' lang='lat' dir='ltr'><strong>tibi</strong></span> <span class='ocrx_word' id='word_1_19' title='bbox 493 709 735 808; x_wconf 82' lang='lat' dir='ltr'><strong>praeeipimus</strong></span> <span class='ocrx_word' id='word_1_20' title='bbox 753 711 857 809; x_wconf 92' lang='lat' dir='ltr'><strong>quod</strong></span> <span class='ocrx_word' id='word_1_21' title='bbox 875 710 1082 809; x_wconf 79' lang='lat' dir='ltr'><strong>assumptis</strong></span> <span class='ocrx_word' id='word_1_22' title='bbox 1101 721 1230 788; x_wconf 92' lang='lat' dir='ltr'><strong>tecum</strong></span> <span class='ocrx_word' id='word_1_23' title='bbox 1248 710 1419 788; x_wconf 88' lang='lat' dir='ltr'><strong>discretis</strong></span> <span class='ocrx_word' id='word_1_24' title='bbox 1439 721 1478 788; x_wconf 92' lang='lat' dir='ltr'><strong>et</strong></span> <span class='ocrx_word' id='word_1_25' title='bbox 1497 711 1685 809; x_wconf 84' lang='lat' dir='ltr'><strong>legalibus</strong></span> <span class='ocrx_word' id='word_1_26' title='bbox 1704 713 1833 790; x_wconf 94' lang='lat' dir='ltr'><strong>militi·</strong></span> 
     </span>
     <span class='ocr_line' id='line_1_4' title="bbox 242 827 1834 932; baseline 0.005 -30"><span class='ocrx_word' id='word_1_27' title='bbox 242 827 313 905; x_wconf 89' lang='lat' dir='ltr'><strong>bus</strong></span> <span class='ocrx_word' id='word_1_28' title='bbox 329 837 368 904; x_wconf 92' lang='lat' dir='ltr'><strong>et</strong></span> <span class='ocrx_word' id='word_1_29' title='bbox 384 827 556 906; x_wconf 92' lang='lat' dir='ltr'><strong>discretis</strong></span> <span class='ocrx_word' id='word_1_30' title='bbox 572 839 612 906; x_wconf 92' lang='lat' dir='ltr'><strong>et</strong></span> <span class='ocrx_word' id='word_1_31' title='bbox 627 829 814 928; x_wconf 77' lang='lat' dir='ltr'><strong>legalibus</strong></span> <span class='ocrx_word' id='word_1_32' title='bbox 830 831 1053 908; x_wconf 91' lang='lat' dir='ltr'><strong>mulieribus</strong></span> <span class='ocrx_word' id='word_1_33' title='bbox 1070 833 1118 909; x_wconf 92' lang='lat' dir='ltr'><strong>de</strong></span> <span class='ocrx_word' id='word_1_34' title='bbox 1134 833 1318 908; x_wconf 93' lang='lat' dir='ltr'><strong>comitatu</strong></span> <span class='ocrx_word' id='word_1_35' title='bbox 1335 841 1416 922; x_wconf 91' lang='lat' dir='ltr'><strong>tu0,</strong></span> <span class='ocrx_word' id='word_1_36' title='bbox 1433 832 1474 909; x_wconf 91' lang='lat' dir='ltr'><strong>in</strong></span> <span class='ocrx_word' id='word_1_37' title='bbox 1491 834 1652 932; x_wconf 92' lang='lat' dir='ltr'><strong>propria</strong></span> <span class='ocrx_word' id='word_1_38' title='bbox 1668 858 1834 932; x_wconf 88' lang='lat' dir='ltr'><strong>persona</strong></span> 
     </span>
     <span class='ocr_line' id='line_1_5' title="bbox 241 947 1833 1049; baseline 0.004 -27"><span class='ocrx_word' id='word_1_39' title='bbox 241 956 311 1023; x_wconf 93' lang='lat' dir='ltr'><strong>tua</strong></span> <span class='ocrx_word' id='word_1_40' title='bbox 328 947 485 1024; x_wconf 76' lang='lat' dir='ltr'>accedas</span> <span class='ocrx_word' id='word_1_41' title='bbox 502 949 551 1024; x_wconf 95' lang='lat' dir='ltr'><strong>ad</strong></span> <span class='ocrx_word' id='word_1_42' title='bbox 567 947 693 1046; x_wconf 91' lang='lat' dir='ltr'><strong>ipsam</strong></span> <span class='ocrx_word' id='word_1_43' title='bbox 707 950 839 1038; x_wconf 86' lang='lat' dir='ltr'><strong>talem,</strong></span> <span class='ocrx_word' id='word_1_44' title='bbox 857 959 897 1026; x_wconf 91' lang='lat' dir='ltr'><strong>et</strong></span> <span class='ocrx_word' id='word_1_45' title='bbox 914 974 1043 1026; x_wconf 91' lang='lat' dir='ltr'><strong>coram</strong></span> <span class='ocrx_word' id='word_1_46' title='bbox 1060 950 1252 1049; x_wconf 86' lang='lat' dir='ltr'><strong>praedictis</strong></span> <span class='ocrx_word' id='word_1_47' title='bbox 1269 949 1453 1028; x_wconf 89' lang='lat' dir='ltr'><strong>militibus</strong></span> <span class='ocrx_word' id='word_1_48' title='bbox 1473 950 1593 1028; x_wconf 85' lang='lat' dir='ltr'><strong>facias</strong></span> <span class='ocrx_word' id='word_1_49' title='bbox 1610 978 1696 1028; x_wconf 91' lang='lat' dir='ltr'><strong>eam</strong></span> <span class='ocrx_word' id='word_1_50' title='bbox 1712 951 1833 1028; x_wconf 87' lang='lat' dir='ltr'><strong>videri</strong></span> 
     </span>
     <span class='ocr_line' id='line_1_6' title="bbox 242 1066 1832 1170; baseline 0.003 -27"><span class='ocrx_word' id='word_1_51' title='bbox 242 1093 267 1143; x_wconf 90' lang='lat' dir='ltr'><strong>a</strong></span> <span class='ocrx_word' id='word_1_52' title='bbox 290 1067 482 1166; x_wconf 76' lang='lat' dir='ltr'><strong>praedietis</strong></span> <span class='ocrx_word' id='word_1_53' title='bbox 506 1066 740 1156; x_wconf 92' lang='lat' dir='ltr'><strong>mulieribus,</strong></span> <span class='ocrx_word' id='word_1_54' title='bbox 765 1077 805 1144; x_wconf 93' lang='lat' dir='ltr'><strong>et</strong></span> <span class='ocrx_word' id='word_1_55' title='bbox 829 1068 1034 1166; x_wconf 73' lang='lat' dir='ltr'><strong>diligenter</strong></span> <span class='ocrx_word' id='word_1_56' title='bbox 1058 1069 1218 1145; x_wconf 90' lang='lat' dir='ltr'><strong>tractari</strong></span> <span class='ocrx_word' id='word_1_57' title='bbox 1244 1096 1315 1169; x_wconf 93' lang='lat' dir='ltr'><strong>per</strong></span> <span class='ocrx_word' id='word_1_58' title='bbox 1338 1069 1460 1145; x_wconf 88' lang='lat' dir='ltr'><strong>ubera</strong></span> <span class='ocrx_word' id='word_1_59' title='bbox 1485 1079 1524 1146; x_wconf 91' lang='lat' dir='ltr'><strong>et</strong></span> <span class='ocrx_word' id='word_1_60' title='bbox 1549 1095 1622 1170; x_wconf 93' lang='lat' dir='ltr'><strong>per</strong></span> <span class='ocrx_word' id='word_1_61' title='bbox 1646 1080 1832 1159; x_wconf 90' lang='lat' dir='ltr'><strong>ventrem,</strong></span> 
     </span>
     <span class='ocr_line' id='line_1_7' title="bbox 239 1186 1833 1286; baseline 0.001 -22"><span class='ocrx_word' id='word_1_62' title='bbox 239 1187 363 1264; x_wconf 91' lang='lat' dir='ltr'><strong>modis</strong></span> <span class='ocrx_word' id='word_1_63' title='bbox 381 1187 557 1263; x_wconf 92' lang='lat' dir='ltr'><strong>omnibus</strong></span> <span class='ocrx_word' id='word_1_64' title='bbox 575 1186 712 1286; x_wconf 93' lang='lat' dir='ltr'><strong>quibus</strong></span> <span class='ocrx_word' id='word_1_65' title='bbox 730 1186 865 1264; x_wconf 89' lang='lat' dir='ltr'><strong>melius</strong></span> <span class='ocrx_word' id='word_1_66' title='bbox 884 1197 922 1264; x_wconf 91' lang='lat' dir='ltr'><strong>et</strong></span> <span class='ocrx_word' id='word_1_67' title='bbox 940 1188 1136 1264; x_wconf 78' lang='lat' dir='ltr'><strong>honestius</strong></span> <span class='ocrx_word' id='word_1_68' title='bbox 1154 1189 1242 1265; x_wconf 91' lang='lat' dir='ltr'><strong>inde</strong></span> <span class='ocrx_word' id='word_1_69' title='bbox 1262 1186 1476 1286; x_wconf 76' lang='lat' dir='ltr'><strong>poterunt⁸⁹</strong></span> <span class='ocrx_word' id='word_1_70' title='bbox 1495 1188 1703 1266; x_wconf 87' lang='lat' dir='ltr'><strong>certiorari.</strong></span> <span class='ocrx_word' id='word_1_71' title='bbox 1724 1190 1783 1264; x_wconf 86' lang='lat' dir='ltr'><strong>Et</strong></span> <span class='ocrx_word' id='word_1_72' title='bbox 1801 1189 1833 1266; x_wconf 89' lang='lat' dir='ltr'><strong>si</strong></span> 
     </span>
    </p>
   </div>
   <div class='ocr_carea' id='block_1_3' title="bbox 240 1304 1950 1408">
    <p class='ocr_par' dir='ltr' id='par_1_3' title="bbox 240 1304 1950 1408">
     <span class='ocr_line' id='line_1_8' title="bbox 240 1304 1950 1408; baseline 0.003 -28"><span class='ocrx_word' id='word_1_73' title='bbox 240 1305 366 1403; x_wconf 88' lang='lat' dir='ltr'><strong>ipsam</strong></span> <span class='ocrx_word' id='word_1_74' title='bbox 386 1304 603 1382; x_wconf 90' lang='lat' dir='ltr'><strong>invenerint</strong></span> <span class='ocrx_word' id='word_1_75' title='bbox 625 1305 932 1404; x_wconf 76' lang='lat' dir='ltr'><strong>praegnantem,⁴⁰</strong></span> <span class='ocrx_word' id='word_1_76' title='bbox 954 1305 1160 1404; x_wconf 81' lang='lat' dir='ltr'><strong>diligenter</strong></span> <span class='ocrx_word' id='word_1_77' title='bbox 1182 1307 1379 1405; x_wconf 90' lang='lat' dir='ltr'><strong>inquirant</strong></span> <span class='ocrx_word' id='word_1_78' title='bbox 1403 1307 1451 1384; x_wconf 93' lang='lat' dir='ltr'><strong>de</strong></span> <span class='ocrx_word' id='word_1_79' title='bbox 1475 1317 1649 1406; x_wconf 90' lang='lat' dir='ltr'><strong>tempore</strong></span> <span class='ocrx_word' id='word_1_80' title='bbox 1672 1331 1832 1408; x_wconf 89' lang='lat' dir='ltr'><strong>concep-</strong></span> <span class='ocrx_word' id='word_1_81' title='bbox 1941 1363 1950 1374; x_wconf 87' lang='lat'><em>-</em></span> 
     </span>
    </p>
   </div>
   <div class='ocr_carea' id='block_1_4' title="bbox 237 1423 1832 4513">
    <p class='ocr_par' dir='ltr' id='par_1_4' title="bbox 239 1423 1832 2710">
     <span class='ocr_line' id='line_1_9' title="bbox 240 1423 1831 1525; baseline 0.002 -26"><span class='ocrx_word' id='word_1_82' title='bbox 240 1431 317 1514; x_wconf 90' lang='lat' dir='ltr'><strong>tus,</strong></span> <span class='ocrx_word' id='word_1_83' title='bbox 332 1447 420 1522; x_wconf 92' lang='lat' dir='ltr'><strong>quo,</strong></span> <span class='ocrx_word' id='word_1_84' title='bbox 436 1423 603 1522; x_wconf 91' lang='lat' dir='ltr'><strong>quando,</strong></span> <span class='ocrx_word' id='word_1_85' title='bbox 619 1433 658 1500; x_wconf 90' lang='lat' dir='ltr'><strong>et</strong></span> <span class='ocrx_word' id='word_1_86' title='bbox 672 1423 749 1512; x_wconf 94' lang='lat' dir='ltr'><strong>ubi,</strong></span> <span class='ocrx_word' id='word_1_87' title='bbox 764 1434 804 1501; x_wconf 89' lang='lat' dir='ltr'><strong>et</strong></span> <span class='ocrx_word' id='word_1_88' title='bbox 820 1423 922 1523; x_wconf 82' lang='lat' dir='ltr'><strong>qu0⁴²</strong></span> <span class='ocrx_word' id='word_1_89' title='bbox 938 1425 1005 1500; x_wconf 91' lang='lat' dir='ltr'><strong>illa</strong></span> <span class='ocrx_word' id='word_1_90' title='bbox 1019 1425 1223 1502; x_wconf 86' lang='lat' dir='ltr'><strong>crediderit</strong></span> <span class='ocrx_word' id='word_1_91' title='bbox 1239 1450 1279 1502; x_wconf 88' lang='lat' dir='ltr'><strong>se</strong></span> <span class='ocrx_word' id='word_1_92' title='bbox 1293 1451 1374 1502; x_wconf 89' lang='lat' dir='ltr'><strong>esse</strong></span> <span class='ocrx_word' id='word_1_93' title='bbox 1389 1425 1616 1525; x_wconf 91' lang='lat' dir='ltr'><strong>parituram.</strong></span> <span class='ocrx_word' id='word_1_94' title='bbox 1635 1426 1692 1504; x_wconf 85' lang='lat' dir='ltr'><strong>Et</strong></span> <span class='ocrx_word' id='word_1_95' title='bbox 1708 1425 1831 1525; x_wconf 91' lang='lat' dir='ltr'><strong>inqui·</strong></span> 
     </span>
     <span class='ocr_line' id='line_1_10' title="bbox 240 1540 1831 1643; baseline 0.002 -24"><span class='ocrx_word' id='word_1_96' title='bbox 240 1540 418 1619; x_wconf 91' lang='lat' dir='ltr'><strong>sitionem</strong></span> <span class='ocrx_word' id='word_1_97' title='bbox 432 1568 548 1641; x_wconf 91' lang='lat' dir='ltr'><strong>quam</strong></span> <span class='ocrx_word' id='word_1_98' title='bbox 560 1542 650 1618; x_wconf 93' lang='lat' dir='ltr'><strong>inde</strong></span> <span class='ocrx_word' id='word_1_99' title='bbox 665 1543 801 1619; x_wconf 86' lang='lat' dir='ltr'><strong>feceris</strong></span> <span class='ocrx_word' id='word_1_100' title='bbox 817 1543 911 1620; x_wconf 91' lang='lat' dir='ltr'><strong>scire</strong></span> <span class='ocrx_word' id='word_1_101' title='bbox 926 1543 1046 1620; x_wconf 84' lang='lat' dir='ltr'><strong>facias</strong></span> <span class='ocrx_word' id='word_1_102' title='bbox 1061 1542 1273 1622; x_wconf 88' lang='lat' dir='ltr'><strong>iustitiariis</strong></span> <span class='ocrx_word' id='word_1_103' title='bbox 1288 1543 1428 1620; x_wconf 92' lang='lat' dir='ltr'><strong>nostris</strong></span> <span class='ocrx_word' id='word_1_104' title='bbox 1444 1544 1550 1643; x_wconf 89' lang='lat' dir='ltr'><strong>apud</strong></span> <span class='ocrx_word' id='word_1_105' title='bbox 1565 1545 1831 1622; x_wconf 85' lang='lat' dir='ltr'><strong>Westmonas·</strong></span> 
     </span>
     <span class='ocr_line' id='line_1_11' title="bbox 240 1660 1831 1761; baseline 0.001 -23"><span class='ocrx_word' id='word_1_106' title='bbox 240 1662 381 1738; x_wconf 86' lang='lat' dir='ltr'><strong>terium</strong></span> <span class='ocrx_word' id='word_1_107' title='bbox 396 1660 466 1738; x_wconf 90' lang='lat' dir='ltr'><strong>tali</strong></span> <span class='ocrx_word' id='word_1_108' title='bbox 480 1660 554 1751; x_wconf 91' lang='lat' dir='ltr'><strong>die,</strong></span> <span class='ocrx_word' id='word_1_109' title='bbox 571 1661 767 1739; x_wconf 91' lang='lat' dir='ltr'><strong>evidenter</strong></span> <span class='ocrx_word' id='word_1_110' title='bbox 782 1669 822 1737; x_wconf 91' lang='lat' dir='ltr'><strong>et</strong></span> <span class='ocrx_word' id='word_1_111' title='bbox 837 1661 1014 1738; x_wconf 87' lang='lat' dir='ltr'><strong>distincte</strong></span> <span class='ocrx_word' id='word_1_112' title='bbox 1030 1671 1069 1738; x_wconf 91' lang='lat' dir='ltr'><strong>et</strong></span> <span class='ocrx_word' id='word_1_113' title='bbox 1085 1670 1231 1760; x_wconf 89' lang='lat' dir='ltr'><strong>aperte,</strong></span> <span class='ocrx_word' id='word_1_114' title='bbox 1247 1687 1318 1761; x_wconf 94' lang='lat' dir='ltr'><strong>per</strong></span> <span class='ocrx_word' id='word_1_115' title='bbox 1334 1660 1483 1739; x_wconf 79' lang='lat' dir='ltr'><strong>litteras</strong></span> <span class='ocrx_word' id='word_1_116' title='bbox 1499 1662 1616 1738; x_wconf 83' lang='lat' dir='ltr'><strong>tuas⁴²</strong></span> <span class='ocrx_word' id='word_1_117' title='bbox 1633 1663 1831 1761; x_wconf 90' lang='lat' dir='ltr'><strong>sigillatas,</strong></span> 
     </span>
     <span class='ocr_line' id='line_1_12' title="bbox 242 1779 1831 1879; baseline 0.002 -25"><span class='ocrx_word' id='word_1_118' title='bbox 242 1779 271 1855; x_wconf 86' lang='lat' dir='ltr'><strong>f.</strong></span> <span class='ocrx_word' id='word_1_119' title='bbox 284 1787 309 1861; x_wconf 74' lang='lat'>7</span> <span class='ocrx_word' id='word_1_120' title='bbox 311 1781 355 1873; x_wconf 89' lang='lat'><strong>0]</strong></span> <span class='ocrx_word' id='word_1_121' title='bbox 410 1789 450 1856; x_wconf 94' lang='lat' dir='ltr'><strong>et</strong></span> <span class='ocrx_word' id='word_1_122' title='bbox 464 1806 535 1879; x_wconf 92' lang='lat' dir='ltr'><strong>per</strong></span> <span class='ocrx_word' id='word_1_123' title='bbox 549 1779 731 1856; x_wconf 90' lang='lat' dir='ltr'><strong>discretos</strong></span> <span class='ocrx_word' id='word_1_124' title='bbox 746 1779 885 1856; x_wconf 84' lang='lat' dir='ltr'><strong>milites</strong></span> <span class='ocrx_word' id='word_1_125' title='bbox 900 1805 949 1856; x_wconf 87' lang='lat' dir='ltr'><strong>ex</strong></span> <span class='ocrx_word' id='word_1_126' title='bbox 964 1779 1038 1857; x_wconf 92' lang='lat' dir='ltr'><strong>illis</strong></span> <span class='ocrx_word' id='word_1_127' title='bbox 1053 1781 1119 1879; x_wconf 92' lang='lat' dir='ltr'><strong>qui</strong></span> <span class='ocrx_word' id='word_1_128' title='bbox 1134 1779 1369 1879; x_wconf 92' lang='lat' dir='ltr'><strong>inquisitioni</strong></span> <span class='ocrx_word' id='word_1_129' title='bbox 1384 1780 1439 1856; x_wconf 91' lang='lat' dir='ltr'><strong>illi</strong></span> <span class='ocrx_word' id='word_1_130' title='bbox 1454 1780 1743 1857; x_wconf 85' lang='lat' dir='ltr'><strong>interfuerint.⁴⁸</strong></span> <span class='ocrx_word' id='word_1_131' title='bbox 1759 1781 1831 1857; x_wconf 77' lang='grc' dir='ltr'><strong>Εῐι</strong></span> 
     </span>
     <span class='ocr_line' id='line_1_13' title="bbox 240 1897 1830 1999; baseline 0.001 -25"><span class='ocrx_word' id='word_1_132' title='bbox 240 1899 397 1996; x_wconf 92' lang='lat' dir='ltr'><strong>cognita</strong></span> <span class='ocrx_word' id='word_1_133' title='bbox 419 1897 582 1975; x_wconf 89' lang='lat' dir='ltr'><strong>veritate</strong></span> <span class='ocrx_word' id='word_1_134' title='bbox 607 1899 677 1976; x_wconf 89' lang='lat' dir='ltr'><strong>fiat</strong></span> <span class='ocrx_word' id='word_1_135' title='bbox 701 1898 790 1976; x_wconf 92' lang='lat' dir='ltr'><strong>inde</strong></span> <span class='ocrx_word' id='word_1_136' title='bbox 815 1899 919 1997; x_wconf 91' lang='lat' dir='ltr'><strong>quod</strong></span> <span class='ocrx_word' id='word_1_137' title='bbox 944 1898 1043 1976; x_wconf 93' lang='lat' dir='ltr'><strong>iuste</strong></span> <span class='ocrx_word' id='word_1_138' title='bbox 1069 1899 1188 1975; x_wconf 86' lang='lat' dir='ltr'><strong>fuerit</strong></span> <span class='ocrx_word' id='word_1_139' title='bbox 1213 1899 1444 1975; x_wconf 84' lang='lat' dir='ltr'><strong>faciendum.</strong></span> <span class='ocrx_word' id='word_1_140' title='bbox 1472 1899 1530 1976; x_wconf 85' lang='lat' dir='ltr'><strong>Et</strong></span> <span class='ocrx_word' id='word_1_141' title='bbox 1555 1899 1710 1976; x_wconf 91' lang='lat' dir='ltr'><strong>interim</strong></span> <span class='ocrx_word' id='word_1_142' title='bbox 1735 1925 1830 1999; x_wconf 85' lang='lat' dir='ltr'><strong>prae·</strong></span> 
     </span>
     <span class='ocr_line' id='line_1_14' title="bbox 240 2017 1831 2106; baseline -0.001 -10"><span class='ocrx_word' id='word_1_143' title='bbox 240 2019 344 2096; x_wconf 91' lang='lat' dir='ltr'><strong>dicta</strong></span> <span class='ocrx_word' id='word_1_144' title='bbox 358 2018 447 2096; x_wconf 90' lang='lat' dir='ltr'><strong>talis</strong></span> <span class='ocrx_word' id='word_1_145' title='bbox 461 2018 567 2095; x_wconf 90' lang='lat' dir='ltr'><strong>salvo</strong></span> <span class='ocrx_word' id='word_1_146' title='bbox 581 2017 822 2094; x_wconf 86' lang='lat' dir='ltr'><strong>custodiatur</strong></span> <span class='ocrx_word' id='word_1_147' title='bbox 836 2018 877 2094; x_wconf 92' lang='lat' dir='ltr'><strong>in</strong></span> <span class='ocrx_word' id='word_1_148' title='bbox 891 2028 1017 2094; x_wconf 91' lang='lat' dir='ltr'><strong>castro</strong></span> <span class='ocrx_word' id='word_1_149' title='bbox 1032 2017 1102 2092; x_wconf 91' lang='lat' dir='ltr'><strong>tali</strong></span> <span class='ocrx_word' id='word_1_150' title='bbox 1118 2018 1178 2094; x_wconf 91' lang='lat' dir='ltr'><strong>vel</strong></span> <span class='ocrx_word' id='word_1_151' title='bbox 1195 2017 1284 2093; x_wconf 90' lang='lat' dir='ltr'><strong>alibi</strong></span> <span class='ocrx_word' id='word_1_152' title='bbox 1300 2027 1387 2094; x_wconf 93' lang='lat' dir='ltr'><strong>tuto</strong></span> <span class='ocrx_word' id='word_1_153' title='bbox 1404 2017 1498 2106; x_wconf 91' lang='lat' dir='ltr'><strong>loco,</strong></span> <span class='ocrx_word' id='word_1_154' title='bbox 1515 2019 1565 2095; x_wconf 86' lang='lat' dir='ltr'><strong>ad</strong></span> <span class='ocrx_word' id='word_1_155' title='bbox 1581 2044 1734 2095; x_wconf 92' lang='lat' dir='ltr'><strong>omnem</strong></span> <span class='ocrx_word' id='word_1_156' title='bbox 1750 2045 1831 2095; x_wconf 94' lang='lat' dir='ltr'><strong>sus·</strong></span> 
     </span>
     <span class='ocr_line' id='line_1_15' title="bbox 240 2135 1830 2237; baseline -0.001 -24"><span class='ocrx_word' id='word_1_157' title='bbox 240 2137 429 2237; x_wconf 91' lang='lat' dir='ltr'><strong>picionem</strong></span> <span class='ocrx_word' id='word_1_158' title='bbox 446 2135 658 2213; x_wconf 90' lang='lat' dir='ltr'><strong>tollendam</strong></span> <span class='ocrx_word' id='word_1_159' title='bbox 677 2135 834 2212; x_wconf 90' lang='lat' dir='ltr'><strong>alicuius</strong></span> <span class='ocrx_word' id='word_1_160' title='bbox 855 2135 1036 2212; x_wconf 86' lang='lat' dir='ltr'><strong>falsitatis</strong></span> <span class='ocrx_word' id='word_1_161' title='bbox 1056 2136 1241 2212; x_wconf 73' lang='lat' dir='ltr'><strong>faciende</strong></span> <span class='ocrx_word' id='word_1_162' title='bbox 1260 2137 1379 2212; x_wconf 87' lang='lat' dir='ltr'><strong>donec</strong></span> <span class='ocrx_word' id='word_1_163' title='bbox 1399 2137 1447 2212; x_wconf 92' lang='lat' dir='ltr'><strong>de</strong></span> <span class='ocrx_word' id='word_1_164' title='bbox 1466 2146 1584 2236; x_wconf 89' lang='lat' dir='ltr'><strong>partu</strong></span> <span class='ocrx_word' id='word_1_165' title='bbox 1604 2136 1723 2236; x_wconf 92' lang='lat' dir='ltr'><strong>ipsius</strong></span> <span class='ocrx_word' id='word_1_166' title='bbox 1742 2161 1830 2212; x_wconf 93' lang='lat' dir='ltr'><strong>con·</strong></span> 
     </span>
     <span class='ocr_line' id='line_1_16' title="bbox 240 2253 1831 2354; baseline -0.001 -21"><span class='ocrx_word' id='word_1_167' title='bbox 240 2255 392 2334; x_wconf 89' lang='lat' dir='ltr'><strong>stiterit.</strong></span> <span class='ocrx_word' id='word_1_168' title='bbox 407 2256 466 2333; x_wconf 86' lang='lat' dir='ltr'><strong>Et</strong></span> <span class='ocrx_word' id='word_1_169' title='bbox 477 2255 618 2332; x_wconf 91' lang='lat' dir='ltr'><strong>habeas</strong></span> <span class='ocrx_word' id='word_1_170' title='bbox 632 2255 684 2330; x_wconf 93' lang='lat' dir='ltr'><strong>ibi</strong></span> <span class='ocrx_word' id='word_1_171' title='bbox 697 2255 769 2331; x_wconf 96' lang='lat' dir='ltr'><strong>hoc</strong></span> <span class='ocrx_word' id='word_1_172' title='bbox 781 2254 895 2331; x_wconf 89' lang='lat' dir='ltr'><strong>breve</strong></span> <span class='ocrx_word' id='word_1_173' title='bbox 909 2264 948 2331; x_wconf 92' lang='lat' dir='ltr'><strong>et</strong></span> <span class='ocrx_word' id='word_1_174' title='bbox 961 2254 1118 2330; x_wconf 90' lang='lat' dir='ltr'><strong>nomina</strong></span> <span class='ocrx_word' id='word_1_175' title='bbox 1129 2254 1296 2331; x_wconf 92' lang='lat' dir='ltr'><strong>militum</strong></span> <span class='ocrx_word' id='word_1_176' title='bbox 1310 2265 1348 2331; x_wconf 91' lang='lat' dir='ltr'><strong>et</strong></span> <span class='ocrx_word' id='word_1_177' title='bbox 1362 2253 1567 2331; x_wconf 89' lang='lat' dir='ltr'><strong>mulierum</strong></span> <span class='ocrx_word' id='word_1_178' title='bbox 1582 2281 1653 2354; x_wconf 91' lang='lat' dir='ltr'><strong>per</strong></span> <span class='ocrx_word' id='word_1_179' title='bbox 1667 2281 1831 2354; x_wconf 90' lang='lat' dir='ltr'><strong>quorum</strong></span> 
     </span>
     <span class='ocr_line' id='line_1_17' title="bbox 241 2372 1830 2472; baseline -0.001 -22"><span class='ocrx_word' id='word_1_180' title='bbox 241 2384 524 2451; x_wconf 91' lang='lat' dir='ltr'><strong>sacramentum</strong></span> <span class='ocrx_word' id='word_1_181' title='bbox 548 2373 831 2472; x_wconf 90' lang='lat' dir='ltr'><strong>inquisitionem</strong></span> <span class='ocrx_word' id='word_1_182' title='bbox 857 2374 964 2449; x_wconf 92' lang='lat' dir='ltr'><strong>illam</strong></span> <span class='ocrx_word' id='word_1_183' title='bbox 990 2372 1137 2449; x_wconf 86' lang='lat' dir='ltr'><strong>feceris.</strong></span> <span class='ocrx_word' id='word_1_184' title='bbox 1165 2374 1284 2449; x_wconf 87' lang='lat' dir='ltr'><strong>Teste</strong></span> <span class='ocrx_word' id='word_1_185' title='bbox 1309 2382 1486 2449; x_wconf 88' lang='lat' dir='ltr'><strong>etcetera.</strong></span> <span class='ocrx_word' id='word_1_186' title='bbox 1517 2373 1560 2450; x_wconf 92' lang='lat' dir='ltr'><strong>Si</strong></span> <span class='ocrx_word' id='word_1_187' title='bbox 1587 2383 1717 2451; x_wconf 92' lang='lat' dir='ltr'><strong>autem</strong></span> <span class='ocrx_word' id='word_1_188' title='bbox 1742 2373 1830 2450; x_wconf 87' lang='lat' dir='ltr'><strong>talis</strong></span> 
     </span>
     <span class='ocr_line' id='line_1_18' title="bbox 239 2491 1832 2590; baseline -0.001 -21"><span class='ocrx_word' id='word_1_189' title='bbox 239 2491 377 2569; x_wconf 91' lang='lat' dir='ltr'><strong>mulier</strong></span> <span class='ocrx_word' id='word_1_190' title='bbox 397 2491 526 2569; x_wconf 91' lang='lat' dir='ltr'><strong>venire</strong></span> <span class='ocrx_word' id='word_1_191' title='bbox 545 2492 685 2568; x_wconf 91' lang='lat' dir='ltr'><strong>debeat</strong></span> <span class='ocrx_word' id='word_1_192' title='bbox 705 2517 834 2568; x_wconf 91' lang='lat' dir='ltr'><strong>coram</strong></span> <span class='ocrx_word' id='word_1_193' title='bbox 855 2491 1067 2567; x_wconf 90' lang='lat' dir='ltr'><strong>iustitiariis</strong></span> <span class='ocrx_word' id='word_1_194' title='bbox 1089 2491 1196 2590; x_wconf 91' lang='lat' dir='ltr'><strong>apud</strong></span> <span class='ocrx_word' id='word_1_195' title='bbox 1217 2492 1621 2582; x_wconf 81' lang='lat' dir='ltr'><strong>westmonasterium,</strong></span> <span class='ocrx_word' id='word_1_196' title='bbox 1644 2500 1738 2567; x_wconf 93' lang='lat' dir='ltr'><strong>tunc</strong></span> <span class='ocrx_word' id='word_1_197' title='bbox 1760 2492 1832 2568; x_wconf 88' lang='lat' dir='ltr'><strong>fiat</strong></span> 
     </span>
     <span class='ocr_line' id='line_1_19' title="bbox 239 2609 1390 2710; baseline -0.001 -23"><span class='ocrx_word' id='word_1_198' title='bbox 239 2612 353 2689; x_wconf 91' lang='lat' dir='ltr'><strong>breve</strong></span> <span class='ocrx_word' id='word_1_199' title='bbox 368 2612 408 2688; x_wconf 93' lang='lat' dir='ltr'><strong>in</strong></span> <span class='ocrx_word' id='word_1_200' title='bbox 421 2611 492 2687; x_wconf 91' lang='lat' dir='ltr'><strong>hac</strong></span> <span class='ocrx_word' id='word_1_201' title='bbox 508 2612 636 2687; x_wconf 89' lang='lat' dir='ltr'><strong>forma</strong></span> <span class='ocrx_word' id='word_1_202' title='bbox 649 2612 753 2710; x_wconf 90' lang='lat' dir='ltr'><strong>quod</strong></span> <span class='ocrx_word' id='word_1_203' title='bbox 767 2610 973 2687; x_wconf 84' lang='lat' dir='ltr'><strong>vicecomes</strong></span> <span class='ocrx_word' id='word_1_204' title='bbox 988 2609 1127 2688; x_wconf 90' lang='lat' dir='ltr'><strong>habeat</strong></span> <span class='ocrx_word' id='word_1_205' title='bbox 1142 2635 1282 2709; x_wconf 91' lang='lat' dir='ltr'><strong>corpus</strong></span> <span class='ocrx_word' id='word_1_206' title='bbox 1299 2609 1390 2686; x_wconf 91' lang='lat' dir='ltr'><strong>eius.</strong></span> 
     </span>
    </p>

    <p class='ocr_par' dir='ltr' id='par_1_5' title="bbox 338 2733 1831 2834">
     <span class='ocr_line' id='line_1_20' title="bbox 338 2733 1831 2834; baseline -0.001 -23"><span class='ocrx_word' id='word_1_207' title='bbox 338 2736 444 2811; x_wconf 78' lang='lat' dir='ltr'><strong>item</strong></span> <span class='ocrx_word' id='word_1_208' title='bbox 467 2733 516 2810; x_wconf 86' lang='lat' dir='ltr'><strong>dc</strong></span> <span class='ocrx_word' id='word_1_209' title='bbox 540 2734 674 2812; x_wconf 84' lang='lat' dir='ltr'><strong>codem</strong></span> <span class='ocrx_word' id='word_1_210' title='bbox 698 2735 802 2834; x_wconf 84' lang='lat' dir='ltr'><strong>qaod</strong></span> <span class='ocrx_word' id='word_1_211' title='bbox 826 2734 1033 2811; x_wconf 79' lang='lat' dir='ltr'><strong>vicecomes</strong></span> <span class='ocrx_word' id='word_1_212' title='bbox 1054 2733 1176 2829; x_wconf 70' lang='lat' dir='ltr'><strong>saciat</strong></span> <span class='ocrx_word' id='word_1_213' title='bbox 1201 2759 1285 2811; x_wconf 85' lang='lat' dir='ltr'><strong>eom</strong></span> <span class='ocrx_word' id='word_1_214' title='bbox 1310 2733 1440 2810; x_wconf 71' lang='lat' dir='ltr'><strong>vertice</strong></span> <span class='ocrx_word' id='word_1_215' title='bbox 1465 2757 1594 2810; x_wconf 83' lang='lat' dir='ltr'><strong>coram</strong></span> <span class='ocrx_word' id='word_1_216' title='bbox 1618 2733 1831 2813; x_wconf 78' lang='lat' dir='ltr'><strong>iustitiariic</strong></span> 
     </span>
    </p>

    <p class='ocr_par' dir='ltr' id='par_1_6' title="bbox 237 2852 1831 4513">
     <span class='ocr_line' id='line_1_21' title="bbox 340 2852 865 2951; baseline 0 -23"><span class='ocrx_word' id='word_1_217' title='bbox 340 2853 447 2951; x_wconf 79' lang='lat' dir='ltr'><strong>aprcd</strong></span> <span class='ocrx_word' id='word_1_218' title='bbox 467 2852 865 2930; x_wconf 67' lang='lat' dir='ltr'><strong>westmonasterium.</strong></span> 
     </span>
     <span class='ocr_line' id='line_1_22' title="bbox 239 2973 1830 3074; baseline -0.001 -22"><span class='ocrx_word' id='word_1_219' title='bbox 239 2975 336 3052; x_wconf 80' lang='lat' dir='ltr'><strong>Rnx</strong></span> <span class='ocrx_word' id='word_1_220' title='bbox 355 2975 565 3053; x_wconf 87' lang='lat' dir='ltr'><strong>vicecomiti</strong></span> <span class='ocrx_word' id='word_1_221' title='bbox 586 2975 760 3052; x_wconf 89' lang='lat' dir='ltr'><strong>salutem.</strong></span> <span class='ocrx_word' id='word_1_222' title='bbox 783 2976 1034 3074; x_wconf 80' lang='lat' dir='ltr'><strong>Praecipimus</strong></span> <span class='ocrx_word' id='word_1_223' title='bbox 1055 2975 1126 3051; x_wconf 95' lang='lat' dir='ltr'><strong>tibi</strong></span> <span class='ocrx_word' id='word_1_224' title='bbox 1147 2976 1251 3074; x_wconf 92' lang='lat' dir='ltr'><strong>quod</strong></span> <span class='ocrx_word' id='word_1_225' title='bbox 1272 2975 1376 3051; x_wconf 93' lang='lat' dir='ltr'><strong>omni</strong></span> <span class='ocrx_word' id='word_1_226' title='bbox 1397 2974 1592 3051; x_wconf 90' lang='lat' dir='ltr'><strong>occasione</strong></span> <span class='ocrx_word' id='word_1_227' title='bbox 1613 2973 1830 3074; x_wconf 89' lang='lat' dir='ltr'><strong>postposita</strong></span> 
     </span>
     <span class='ocr_line' id='line_1_23' title="bbox 238 3092 1828 3193; baseline 0.001 -25"><span class='ocrx_word' id='word_1_228' title='bbox 238 3093 378 3170; x_wconf 91' lang='lat' dir='ltr'><strong>habeas</strong></span> <span class='ocrx_word' id='word_1_229' title='bbox 391 3118 521 3170; x_wconf 89' lang='lat' dir='ltr'><strong>coram</strong></span> <span class='ocrx_word' id='word_1_230' title='bbox 536 3094 749 3171; x_wconf 90' lang='lat' dir='ltr'><strong>iustitiariis</strong></span> <span class='ocrx_word' id='word_1_231' title='bbox 763 3094 904 3170; x_wconf 90' lang='lat' dir='ltr'><strong>nostris</strong></span> <span class='ocrx_word' id='word_1_232' title='bbox 919 3095 1025 3193; x_wconf 93' lang='lat' dir='ltr'><strong>apud</strong></span> <span class='ocrx_word' id='word_1_233' title='bbox 1039 3094 1431 3170; x_wconf 88' lang='lat' dir='ltr'><strong>Westmonasterium</strong></span> <span class='ocrx_word' id='word_1_234' title='bbox 1446 3092 1514 3170; x_wconf 91' lang='lat' dir='ltr'><strong>tali</strong></span> <span class='ocrx_word' id='word_1_235' title='bbox 1532 3093 1604 3182; x_wconf 91' lang='lat' dir='ltr'><strong>die,</strong></span> <span class='ocrx_word' id='word_1_236' title='bbox 1619 3117 1760 3192; x_wconf 92' lang='lat' dir='ltr'><strong>corpus</strong></span> <span class='ocrx_word' id='word_1_237' title='bbox 1775 3093 1828 3170; x_wconf 90' lang='grc' dir='ltr'><strong>Α.</strong></span> 
     </span>
     <span class='ocr_line' id='line_1_24' title="bbox 239 3211 1829 3312; baseline 0.001 -26"><span class='ocrx_word' id='word_1_238' title='bbox 239 3237 323 3311; x_wconf 86' lang='lat' dir='ltr'><strong>quae</strong></span> <span class='ocrx_word' id='word_1_239' title='bbox 338 3211 416 3289; x_wconf 83' lang='lat' dir='ltr'><strong>fuit</strong></span> <span class='ocrx_word' id='word_1_240' title='bbox 428 3238 529 3288; x_wconf 87' lang='lat' dir='ltr'><strong>uxor</strong></span> <span class='ocrx_word' id='word_1_241' title='bbox 542 3213 591 3288; x_wconf 94' lang='grc' dir='ltr'><strong>Β.</strong></span> <span class='ocrx_word' id='word_1_242' title='bbox 607 3238 691 3312; x_wconf 79' lang='lat' dir='ltr'><strong>quae</strong></span> <span class='ocrx_word' id='word_1_243' title='bbox 706 3213 797 3291; x_wconf 91' lang='lat' dir='ltr'><strong>dicit</strong></span> <span class='ocrx_word' id='word_1_244' title='bbox 811 3238 851 3289; x_wconf 91' lang='lat' dir='ltr'><strong>se</strong></span> <span class='ocrx_word' id='word_1_245' title='bbox 866 3238 946 3290; x_wconf 89' lang='lat' dir='ltr'><strong>esse</strong></span> <span class='ocrx_word' id='word_1_246' title='bbox 961 3211 1241 3312; x_wconf 82' lang='lat' dir='ltr'><strong>praegnantem²</strong></span> <span class='ocrx_word' id='word_1_247' title='bbox 1256 3236 1344 3287; x_wconf 92' lang='lat' dir='ltr'><strong>cum</strong></span> <span class='ocrx_word' id='word_1_248' title='bbox 1359 3236 1438 3287; x_wconf 93' lang='lat' dir='ltr'><strong>non</strong></span> <span class='ocrx_word' id='word_1_249' title='bbox 1454 3211 1515 3300; x_wconf 93' lang='lat' dir='ltr'><strong>sit,</strong></span> <span class='ocrx_word' id='word_1_250' title='bbox 1531 3213 1580 3287; x_wconf 91' lang='lat' dir='ltr'><strong>ad</strong></span> <span class='ocrx_word' id='word_1_251' title='bbox 1596 3212 1829 3310; x_wconf 91' lang='lat' dir='ltr'><strong>responden·</strong></span> 
     </span>
     <span class='ocr_line' id='line_1_25' title="bbox 240 3329 1830 3431; baseline -0.002 -23"><span class='ocrx_word' id='word_1_252' title='bbox 240 3333 334 3408; x_wconf 93' lang='lat' dir='ltr'><strong>dum</strong></span> <span class='ocrx_word' id='word_1_253' title='bbox 351 3331 396 3410; x_wconf 91' lang='lat' dir='ltr'><strong>C.</strong></span> <span class='ocrx_word' id='word_1_254' title='bbox 413 3357 532 3431; x_wconf 91' lang='lat' dir='ltr'><strong>quare</strong></span> <span class='ocrx_word' id='word_1_255' title='bbox 549 3331 649 3407; x_wconf 85' lang='lat' dir='ltr'><strong>falso</strong></span> <span class='ocrx_word' id='word_1_256' title='bbox 667 3357 707 3407; x_wconf 93' lang='lat' dir='ltr'><strong>se</strong></span> <span class='ocrx_word' id='word_1_257' title='bbox 724 3329 832 3408; x_wconf 86' lang='lat' dir='ltr'><strong>iacit⁸</strong></span> <span class='ocrx_word' id='word_1_258' title='bbox 849 3330 1129 3430; x_wconf 75' lang='lat' dir='ltr'><strong>praegnantem⁴</strong></span> <span class='ocrx_word' id='word_1_259' title='bbox 1147 3355 1235 3406; x_wconf 92' lang='lat' dir='ltr'><strong>cum</strong></span> <span class='ocrx_word' id='word_1_260' title='bbox 1252 3355 1331 3405; x_wconf 92' lang='lat' dir='ltr'><strong>non</strong></span> <span class='ocrx_word' id='word_1_261' title='bbox 1348 3331 1410 3418; x_wconf 90' lang='lat' dir='ltr'><strong>sit,</strong></span> <span class='ocrx_word' id='word_1_262' title='bbox 1429 3331 1478 3405; x_wconf 91' lang='lat' dir='ltr'><strong>ad</strong></span> <span class='ocrx_word' id='word_1_263' title='bbox 1497 3330 1830 3406; x_wconf 86' lang='lat' dir='ltr'><strong>exheredationem</strong></span> 
     </span>
     <span class='ocr_line' id='line_1_26' title="bbox 238 3447 1831 3550; baseline -0.001 -24"><span class='ocrx_word' id='word_1_264' title='bbox 238 3451 359 3550; x_wconf 91' lang='lat' dir='ltr'><strong>ipsius</strong></span> <span class='ocrx_word' id='word_1_265' title='bbox 379 3451 426 3536; x_wconf 85' lang='lat' dir='ltr'><strong>C.</strong></span> <span class='ocrx_word' id='word_1_266' title='bbox 448 3452 566 3528; x_wconf 84' lang='lat' dir='ltr'><strong>Teste</strong></span> <span class='ocrx_word' id='word_1_267' title='bbox 585 3459 762 3527; x_wconf 90' lang='lat' dir='ltr'><strong>etcetera.</strong></span> <span class='ocrx_word' id='word_1_268' title='bbox 786 3449 888 3526; x_wconf 93' lang='lat' dir='ltr'><strong>Cum</strong></span> <span class='ocrx_word' id='word_1_269' title='bbox 910 3457 1040 3526; x_wconf 91' lang='lat' dir='ltr'><strong>autem</strong></span> <span class='ocrx_word' id='word_1_270' title='bbox 1059 3449 1197 3525; x_wconf 91' lang='lat' dir='ltr'><strong>mulier</strong></span> <span class='ocrx_word' id='word_1_271' title='bbox 1218 3447 1402 3524; x_wconf 86' lang='lat' dir='ltr'><strong>siccante</strong></span> <span class='ocrx_word' id='word_1_272' title='bbox 1425 3447 1544 3526; x_wconf 86' lang='lat' dir='ltr'><strong>fuerit</strong></span> <span class='ocrx_word' id='word_1_273' title='bbox 1566 3449 1769 3538; x_wconf 90' lang='lat' dir='ltr'><strong>custodita,</strong></span> <span class='ocrx_word' id='word_1_274' title='bbox 1791 3457 1831 3526; x_wconf 93' lang='lat' dir='ltr'><strong>et</strong></span> 
     </span>
     <span class='ocr_line' id='line_1_27' title="bbox 238 3566 1830 3669; baseline -0.001 -24"><span class='ocrx_word' id='word_1_275' title='bbox 238 3569 343 3645; x_wconf 83' lang='lat' dir='ltr'><strong>omni</strong></span> <span class='ocrx_word' id='word_1_276' title='bbox 364 3567 578 3669; x_wconf 91' lang='lat' dir='ltr'><strong>suspicione</strong></span> <span class='ocrx_word' id='word_1_277' title='bbox 599 3594 670 3667; x_wconf 94' lang='lat' dir='ltr'><strong>per</strong></span> <span class='ocrx_word' id='word_1_278' title='bbox 690 3567 808 3645; x_wconf 90' lang='lat' dir='ltr'><strong>talem</strong></span> <span class='ocrx_word' id='word_1_279' title='bbox 829 3567 1042 3643; x_wconf 89' lang='lat' dir='ltr'><strong>custodiam</strong></span> <span class='ocrx_word' id='word_1_280' title='bbox 1064 3566 1227 3656; x_wconf 92' lang='lat' dir='ltr'><strong>sublata,</strong></span> <span class='ocrx_word' id='word_1_281' title='bbox 1250 3567 1281 3643; x_wconf 92' lang='lat' dir='ltr'><strong>si</strong></span> <span class='ocrx_word' id='word_1_282' title='bbox 1304 3567 1407 3643; x_wconf 86' lang='lat' dir='ltr'><strong>forte</strong></span> <span class='ocrx_word' id='word_1_283' title='bbox 1430 3591 1636 3665; x_wconf 77' lang='lat' dir='ltr'><strong>praegnans</strong></span> <span class='ocrx_word' id='word_1_284' title='bbox 1659 3566 1830 3644; x_wconf 88' lang='lat' dir='ltr'><strong>extiterit</strong></span> 
     </span>
     <span class='ocr_line' id='line_1_28' title="bbox 238 3686 1830 3788; baseline -0.001 -22"><span class='ocrx_word' id='word_1_285' title='bbox 238 3699 279 3766; x_wconf 93' lang='lat' dir='ltr'><strong>et</strong></span> <span class='ocrx_word' id='word_1_286' title='bbox 294 3689 458 3788; x_wconf 88' lang='lat' dir='ltr'><strong>peperit,</strong></span> <span class='ocrx_word' id='word_1_287' title='bbox 476 3690 523 3765; x_wconf 91' lang='lat' dir='ltr'><strong>de</strong></span> <span class='ocrx_word' id='word_1_288' title='bbox 541 3689 645 3764; x_wconf 86' lang='lat' dir='ltr'><strong>facili</strong></span> <span class='ocrx_word' id='word_1_289' title='bbox 663 3688 851 3787; x_wconf 87' lang='lat' dir='ltr'><strong>perpendi</strong></span> <span class='ocrx_word' id='word_1_290' title='bbox 868 3687 1011 3786; x_wconf 89' lang='lat' dir='ltr'><strong>poterit</strong></span> <span class='ocrx_word' id='word_1_291' title='bbox 1028 3696 1161 3763; x_wconf 86' lang='lat' dir='ltr'><strong>utrum</strong></span> <span class='ocrx_word' id='word_1_292' title='bbox 1179 3695 1315 3786; x_wconf 89' lang='lat' dir='ltr'><strong>partus</strong></span> <span class='ocrx_word' id='word_1_293' title='bbox 1333 3687 1396 3762; x_wconf 91' lang='lat' dir='ltr'><strong>ille</strong></span> <span class='ocrx_word' id='word_1_294' title='bbox 1414 3686 1534 3764; x_wconf 84' lang='lat' dir='ltr'><strong>fuerit</strong></span> <span class='ocrx_word' id='word_1_295' title='bbox 1550 3687 1636 3762; x_wconf 75' lang='lat' dir='ltr'><strong>viri&#39;</strong></span> <span class='ocrx_word' id='word_1_296' title='bbox 1655 3686 1830 3764; x_wconf 86' lang='lat' dir='ltr'><strong>defuncti</strong></span> 
     </span>
     <span class='ocr_line' id='line_1_29' title="bbox 238 3804 1829 3910; baseline -0.003 -23"><span class='ocrx_word' id='word_1_297' title='bbox 238 3838 328 3888; x_wconf 89' lang='lat' dir='ltr'><strong>vere</strong></span> <span class='ocrx_word' id='word_1_298' title='bbox 351 3811 413 3887; x_wconf 89' lang='lat' dir='ltr'><strong>vel</strong></span> <span class='ocrx_word' id='word_1_299' title='bbox 437 3807 721 3910; x_wconf 77' lang='lat' dir='ltr'><strong>praesumptive,</strong></span> <span class='ocrx_word' id='word_1_300' title='bbox 747 3807 807 3883; x_wconf 92' lang='lat' dir='ltr'><strong>vel</strong></span> <span class='ocrx_word' id='word_1_301' title='bbox 833 3807 1001 3895; x_wconf 86' lang='lat' dir='ltr'><strong>alterius,</strong></span> <span class='ocrx_word' id='word_1_302' title='bbox 1026 3814 1251 3905; x_wconf 89' lang='lat' dir='ltr'><strong>computato</strong></span> <span class='ocrx_word' id='word_1_303' title='bbox 1276 3815 1451 3904; x_wconf 91' lang='lat' dir='ltr'><strong>tempore</strong></span> <span class='ocrx_word' id='word_1_304' title='bbox 1476 3804 1513 3882; x_wconf 75' lang='lat' dir='ltr'><strong>a‘</strong></span> <span class='ocrx_word' id='word_1_305' title='bbox 1537 3816 1713 3906; x_wconf 93' lang='lat' dir='ltr'><strong>tempore</strong></span> <span class='ocrx_word' id='word_1_306' title='bbox 1739 3806 1829 3906; x_wconf 78' lang='lat' dir='ltr'><strong>quo&#39;</strong></span> 
     </span>
     <span class='ocr_line' id='line_1_30' title="bbox 238 3927 1829 4029; baseline -0.002 -21"><span class='ocrx_word' id='word_1_307' title='bbox 238 3930 389 4009; x_wconf 91' lang='lat' dir='ltr'><strong>dicebat</strong></span> <span class='ocrx_word' id='word_1_308' title='bbox 405 3956 444 4007; x_wconf 92' lang='lat' dir='ltr'><strong>se</strong></span> <span class='ocrx_word' id='word_1_309' title='bbox 459 3930 687 4029; x_wconf 83' lang='lat' dir='ltr'><strong>concepisse,</strong></span> <span class='ocrx_word' id='word_1_310' title='bbox 702 3939 741 4006; x_wconf 92' lang='lat' dir='ltr'><strong>et</strong></span> <span class='ocrx_word' id='word_1_311' title='bbox 755 3929 872 4006; x_wconf 91' lang='lat' dir='ltr'><strong>etiam</strong></span> <span class='ocrx_word' id='word_1_312' title='bbox 888 3954 911 4003; x_wconf 96' lang='lat' dir='ltr'><strong>a</strong></span> <span class='ocrx_word' id='word_1_313' title='bbox 926 3935 1050 4005; x_wconf 90' lang='lat' dir='ltr'><strong>morte</strong></span> <span class='ocrx_word' id='word_1_314' title='bbox 1065 3927 1138 4003; x_wconf 93' lang='lat' dir='ltr'><strong>viri</strong></span> <span class='ocrx_word' id='word_1_315' title='bbox 1154 3953 1275 4026; x_wconf 91' lang='lat' dir='ltr'><strong>usque</strong></span> <span class='ocrx_word' id='word_1_316' title='bbox 1291 3928 1341 4003; x_wconf 95' lang='lat' dir='ltr'><strong>ad</strong></span> <span class='ocrx_word' id='word_1_317' title='bbox 1357 3928 1458 4004; x_wconf 91' lang='lat' dir='ltr'><strong>diem</strong></span> <span class='ocrx_word' id='word_1_318' title='bbox 1474 3927 1660 4026; x_wconf 90' lang='lat' dir='ltr'><strong>pariendi.</strong></span> <span class='ocrx_word' id='word_1_319' title='bbox 1679 3928 1829 4005; x_wconf 91' lang='lat' dir='ltr'><strong>Dicunt</strong></span> 
     </span>
     <span class='ocr_line' id='line_1_31' title="bbox 239 4047 1828 4151; baseline -0.003 -22"><span class='ocrx_word' id='word_1_320' title='bbox 239 4052 342 4129; x_wconf 92' lang='lat' dir='ltr'><strong>enim</strong></span> <span class='ocrx_word' id='word_1_321' title='bbox 368 4051 535 4151; x_wconf 91' lang='lat' dir='ltr'><strong>quidam,</strong></span> <span class='ocrx_word' id='word_1_322' title='bbox 562 4051 651 4126; x_wconf 88' lang='lat' dir='ltr'><strong>licet</strong></span> <span class='ocrx_word' id='word_1_323' title='bbox 678 4050 742 4125; x_wconf 85' lang='lat' dir='ltr'><strong>alii</strong></span> <span class='ocrx_word' id='word_1_324' title='bbox 768 4050 845 4126; x_wconf 90' lang='lat' dir='ltr'><strong>sint</strong></span> <span class='ocrx_word' id='word_1_325' title='bbox 871 4049 912 4124; x_wconf 95' lang='lat' dir='ltr'><strong>in</strong></span> <span class='ocrx_word' id='word_1_326' title='bbox 938 4049 1131 4125; x_wconf 89' lang='lat' dir='ltr'><strong>contraria</strong></span> <span class='ocrx_word' id='word_1_327' title='bbox 1158 4049 1349 4148; x_wconf 89' lang='lat' dir='ltr'><strong>opinione,</strong></span> <span class='ocrx_word' id='word_1_328' title='bbox 1378 4049 1482 4147; x_wconf 96' lang='lat' dir='ltr'><strong>quod</strong></span> <span class='ocrx_word' id='word_1_329' title='bbox 1508 4047 1646 4124; x_wconf 90' lang='lat' dir='ltr'><strong>mulier</strong></span> <span class='ocrx_word' id='word_1_330' title='bbox 1673 4058 1828 4147; x_wconf 89' lang='lat' dir='ltr'><strong>tempus</strong></span> 
     </span>
     <span class='ocr_line' id='line_1_32' title="bbox 239 4167 1829 4272; baseline -0.003 -23"><span class='ocrx_word' id='word_1_331' title='bbox 239 4172 413 4272; x_wconf 90' lang='lat' dir='ltr'><strong>pariendi</strong></span> <span class='ocrx_word' id='word_1_332' title='bbox 437 4173 552 4248; x_wconf 91' lang='lat' dir='ltr'><strong>etiam</strong></span> <span class='ocrx_word' id='word_1_333' title='bbox 575 4197 645 4270; x_wconf 89' lang='lat' dir='ltr'><strong>per</strong></span> <span class='ocrx_word' id='word_1_334' title='bbox 668 4197 790 4247; x_wconf 93' lang='lat' dir='ltr'><strong>unum</strong></span> <span class='ocrx_word' id='word_1_335' title='bbox 812 4170 912 4247; x_wconf 91' lang='lat' dir='ltr'><strong>diem</strong></span> <span class='ocrx_word' id='word_1_336' title='bbox 935 4171 1117 4247; x_wconf 88' lang='lat' dir='ltr'><strong>excedere</strong></span> <span class='ocrx_word' id='word_1_337' title='bbox 1138 4195 1217 4245; x_wconf 92' lang='lat' dir='ltr'><strong>non</strong></span> <span class='ocrx_word' id='word_1_338' title='bbox 1240 4177 1381 4268; x_wconf 90' lang='lat' dir='ltr'><strong>potest,</strong></span> <span class='ocrx_word' id='word_1_339' title='bbox 1405 4167 1478 4245; x_wconf 89' lang='lat' dir='ltr'><strong>nisi</strong></span> <span class='ocrx_word' id='word_1_340' title='bbox 1502 4169 1605 4246; x_wconf 86' lang='lat' dir='ltr'><strong>forte</strong></span> <span class='ocrx_word' id='word_1_341' title='bbox 1628 4178 1765 4267; x_wconf 93' lang='lat' dir='ltr'><strong>partus</strong></span> <span class='ocrx_word' id='word_1_342' title='bbox 1788 4167 1829 4244; x_wconf 93' lang='lat' dir='ltr'><strong>in</strong></span> 
     </span>
     <span class='ocr_line' id='line_1_33' title="bbox 237 4288 1827 4381; baseline -0.003 -12"><span class='ocrx_word' id='word_1_343' title='bbox 237 4303 349 4370; x_wconf 92' lang='lat' dir='ltr'><strong>utero</strong></span> <span class='ocrx_word' id='word_1_344' title='bbox 371 4301 547 4370; x_wconf 91' lang='lat' dir='ltr'><strong>mortuus</strong></span> <span class='ocrx_word' id='word_1_345' title='bbox 569 4293 630 4381; x_wconf 90' lang='lat' dir='ltr'><strong>sit,</strong></span> <span class='ocrx_word' id='word_1_346' title='bbox 653 4290 728 4368; x_wconf 83' lang='lat' dir='ltr'><strong>vel⁸</strong></span> <span class='ocrx_word' id='word_1_347' title='bbox 750 4292 800 4368; x_wconf 90' lang='lat' dir='ltr'><strong>ad</strong></span> <span class='ocrx_word' id='word_1_348' title='bbox 822 4299 1038 4367; x_wconf 89' lang='lat' dir='ltr'><strong>monstrum</strong></span> <span class='ocrx_word' id='word_1_349' title='bbox 1060 4289 1308 4365; x_wconf 89' lang='lat' dir='ltr'><strong>declinaverit</strong></span> <span class='ocrx_word' id='word_1_350' title='bbox 1331 4313 1420 4365; x_wconf 94' lang='lat' dir='ltr'><strong>cum</strong></span> <span class='ocrx_word' id='word_1_351' title='bbox 1442 4288 1658 4366; x_wconf 88' lang='lat' dir='ltr'><strong>discrimine</strong></span> <span class='ocrx_word' id='word_1_352' title='bbox 1681 4289 1827 4367; x_wconf 90' lang='lat' dir='ltr'><strong>matris.</strong></span> 
     </span>
     <span class='ocr_line' id='line_1_34' title="bbox 238 4409 1829 4513; baseline -0.003 -24"><span class='ocrx_word' id='word_1_353' title='bbox 238 4413 470 4513; x_wconf 91' lang='lat' dir='ltr'><strong>Anticipare</strong></span> <span class='ocrx_word' id='word_1_354' title='bbox 494 4411 639 4490; x_wconf 84' lang='lat' dir='ltr'><strong>tamen⁹</strong></span> <span class='ocrx_word' id='word_1_355' title='bbox 665 4409 822 4511; x_wconf 88' lang='lat' dir='ltr'><strong>potest²⁰</strong></span> <span class='ocrx_word' id='word_1_356' title='bbox 847 4420 1002 4510; x_wconf 91' lang='lat' dir='ltr'><strong>tempus</strong></span> <span class='ocrx_word' id='word_1_357' title='bbox 1029 4409 1204 4510; x_wconf 91' lang='lat' dir='ltr'><strong>pariendi</strong></span> <span class='ocrx_word' id='word_1_358' title='bbox 1230 4419 1270 4486; x_wconf 92' lang='lat' dir='ltr'><strong>et</strong></span> <span class='ocrx_word' id='word_1_359' title='bbox 1296 4435 1434 4508; x_wconf 89' lang='lat' dir='ltr'><strong>parere</strong></span> <span class='ocrx_word' id='word_1_360' title='bbox 1460 4419 1702 4507; x_wconf 87' lang='lat' dir='ltr'><strong>praemature,</strong></span> <span class='ocrx_word' id='word_1_361' title='bbox 1731 4419 1770 4486; x_wconf 93' lang='lat' dir='ltr'><strong>et</strong></span> <span class='ocrx_word' id='word_1_362' title='bbox 1797 4409 1829 4486; x_wconf 94' lang='lat' dir='ltr'><strong>si</strong></span> 
     </span>
    </p>
   </div>
   <div class='ocr_carea' id='block_1_5' title="bbox 237 4529 1828 4633">
    <p class='ocr_par' dir='ltr' id='par_1_7' title="bbox 237 4529 1828 4633">
     <span class='ocr_line' id='line_1_35' title="bbox 237 4529 1828 4633; baseline -0.003 -22"><span class='ocrx_word' id='word_1_363' title='bbox 237 4544 497 4611; x_wconf 93' lang='lat' dir='ltr'><strong>monstrosum</strong></span> <span class='ocrx_word' id='word_1_364' title='bbox 510 4533 570 4609; x_wconf 92' lang='lat' dir='ltr'><strong>vel</strong></span> <span class='ocrx_word' id='word_1_365' title='bbox 584 4533 849 4633; x_wconf 89' lang='lat' dir='ltr'><strong>prodigiosum</strong></span> <span class='ocrx_word' id='word_1_366' title='bbox 863 4531 976 4608; x_wconf 86' lang='lat' dir='ltr'><strong>enixa</strong></span> <span class='ocrx_word' id='word_1_367' title='bbox 991 4530 1121 4618; x_wconf 86' lang='lat' dir='ltr'><strong>fuerit,</strong></span> <span class='ocrx_word' id='word_1_368' title='bbox 1137 4539 1273 4629; x_wconf 90' lang='lat' dir='ltr'><strong>partus</strong></span> <span class='ocrx_word' id='word_1_369' title='bbox 1289 4529 1352 4605; x_wconf 93' lang='lat' dir='ltr'><strong>ille</strong></span> <span class='ocrx_word' id='word_1_370' title='bbox 1366 4530 1468 4609; x_wconf 87' lang='lat' dir='ltr'><strong>inter</strong></span> <span class='ocrx_word' id='word_1_371' title='bbox 1482 4529 1619 4606; x_wconf 92' lang='lat' dir='ltr'><strong>liberos</strong></span> <span class='ocrx_word' id='word_1_372' title='bbox 1635 4556 1713 4606; x_wconf 90' lang='lat' dir='ltr'><strong>non</strong></span> <span class='ocrx_word' id='word_1_373' title='bbox 1728 4555 1828 4606; x_wconf 93' lang='lat' dir='ltr'><strong>com·</strong></span> 
     </span>
    </p>
   </div>
   <div class='ocr_carea' id='block_1_6' title="bbox 237 4747 1829 5434">
    <p class='ocr_par' dir='ltr' id='par_1_8' title="bbox 237 4747 1829 4928">
     <span class='ocr_line' id='line_1_36' title="bbox 237 4747 1829 4830; baseline -0.003 -18"><span class='ocrx_word' id='word_1_374' title='bbox 237 4749 265 4784; x_wconf 74' lang='lat'><strong>⁸⁹</strong></span> <span class='ocrx_word' id='word_1_375' title='bbox 276 4755 425 4829; x_wconf 83' lang='lat' dir='ltr'><strong>poterint,</strong></span> <span class='ocrx_word' id='word_1_376' title='bbox 437 4749 506 4825; x_wconf 90' lang='lat' dir='ltr'><strong>OB,</strong></span> <span class='ocrx_word' id='word_1_377' title='bbox 520 4751 583 4811; x_wconf 92' lang='grc' dir='ltr'><strong>ΟΜ</strong></span> <span class='ocrx_word' id='word_1_378' title='bbox 591 4773 600 4824; x_wconf 85' lang='grc'><strong>;</strong></span> <span class='ocrx_word' id='word_1_379' title='bbox 613 4754 744 4830; x_wconf 86' lang='lat' dir='ltr'><strong>possint,</strong></span> <span class='ocrx_word' id='word_1_380' title='bbox 757 4750 832 4810; x_wconf 90' lang='grc' dir='ltr'><strong>ΜΒ.</strong></span> <span class='ocrx_word' id='word_1_381' title='bbox 869 4747 895 4782; x_wconf 79' lang='lat'><strong>⁴⁰</strong></span> <span class='ocrx_word' id='word_1_382' title='bbox 906 4753 1171 4827; x_wconf 78' lang='lat' dir='ltr'><strong>impraegnantem,</strong></span> <span class='ocrx_word' id='word_1_383' title='bbox 1185 4748 1252 4822; x_wconf 91' lang='grc' dir='ltr'>ΟΟ,</span> <span class='ocrx_word' id='word_1_384' title='bbox 1267 4748 1350 4821; x_wconf 88' lang='lat' dir='ltr'><strong>MG;</strong></span> <span class='ocrx_word' id='word_1_385' title='bbox 1364 4751 1609 4827; x_wconf 71' lang='lat' dir='ltr'><strong>impregnatam,</strong></span> <span class='ocrx_word' id='word_1_386' title='bbox 1623 4747 1691 4822; x_wconf 91' lang='lat' dir='ltr'><strong>OA,</strong></span> <span class='ocrx_word' id='word_1_387' title='bbox 1707 4748 1773 4824; x_wconf 97' lang='grc' dir='ltr'>ΟΕ,</span> <span class='ocrx_word' id='word_1_388' title='bbox 1789 4748 1829 4821; x_wconf 89' lang='lat' dir='ltr'><strong>Y,</strong></span> 
     </span>
     <span class='ocr_line' id='line_1_37' title="bbox 239 4849 1591 4928; baseline 0.001 -18"><span class='ocrx_word' id='word_1_389' title='bbox 239 4851 314 4925; x_wconf 90' lang='grc' dir='ltr'>ΟΜ,</span> <span class='ocrx_word' id='word_1_390' title='bbox 329 4852 403 4912; x_wconf 91' lang='grc' dir='ltr'><strong>ΜΟ.</strong></span> <span class='ocrx_word' id='word_1_391' title='bbox 441 4849 612 4928; x_wconf 82' lang='lat' dir='ltr'><strong>⁴²quando,</strong></span> <span class='ocrx_word' id='word_1_392' title='bbox 628 4850 668 4925; x_wconf 92' lang='lat' dir='ltr'><strong>V,</strong></span> <span class='ocrx_word' id='word_1_393' title='bbox 683 4851 723 4910; x_wconf 87' lang='lat' dir='ltr'><strong>Y.</strong></span> <span class='ocrx_word' id='word_1_394' title='bbox 760 4849 931 4926; x_wconf 71' lang='lat' dir='ltr'><strong>‘&#39;nostras,</strong></span> <span class='ocrx_word' id='word_1_395' title='bbox 947 4850 1015 4912; x_wconf 80' lang='grc' dir='ltr'><strong>ΟΛ.</strong></span> <span class='ocrx_word' id='word_1_396' title='bbox 1053 4849 1080 4882; x_wconf 86' lang='lat'><strong>⁴⁸</strong></span> <span class='ocrx_word' id='word_1_397' title='bbox 1091 4849 1312 4926; x_wconf 77' lang='lat' dir='ltr'><strong>interfuerunt,</strong></span> <span class='ocrx_word' id='word_1_398' title='bbox 1328 4849 1395 4923; x_wconf 93' lang='lat' dir='ltr'><strong>LA,</strong></span> <span class='ocrx_word' id='word_1_399' title='bbox 1412 4849 1479 4923; x_wconf 87' lang='lat' dir='ltr'><strong>OC,</strong></span> <span class='ocrx_word' id='word_1_400' title='bbox 1496 4851 1536 4925; x_wconf 87' lang='lat' dir='ltr'><strong>Y,</strong></span> <span class='ocrx_word' id='word_1_401' title='bbox 1553 4851 1591 4911; x_wconf 88' lang='lat' dir='ltr'><strong>V.</strong></span> 
     </span>
    </p>

    <p class='ocr_par' dir='ltr' id='par_1_9' title="bbox 237 4949 1828 5434">
     <span class='ocr_line' id='line_1_38' title="bbox 321 4949 1828 5030; baseline -0.001 -19"><span class='ocrx_word' id='word_1_402' title='bbox 321 4949 391 5026; x_wconf 86' lang='lat' dir='ltr'><strong>¹ut,</strong></span> <span class='ocrx_word' id='word_1_403' title='bbox 409 4952 477 5027; x_wconf 91' lang='lat' dir='ltr'><strong>OA,</strong></span> <span class='ocrx_word' id='word_1_404' title='bbox 495 4951 561 5028; x_wconf 89' lang='lat' dir='ltr'><strong>LA,</strong></span> <span class='ocrx_word' id='word_1_405' title='bbox 579 4950 645 5012; x_wconf 90' lang='lat' dir='ltr'><strong>OC.</strong></span> <span class='ocrx_word' id='word_1_406' title='bbox 685 4949 953 5030; x_wconf 66' lang='lat' dir='ltr'><strong>&#39;impregnatam</strong></span> <span class='ocrx_word' id='word_1_407' title='bbox 972 4951 1040 5025; x_wconf 87' lang='lat' dir='ltr'><strong>OA,</strong></span> <span class='ocrx_word' id='word_1_408' title='bbox 1059 4950 1125 5024; x_wconf 89' lang='grc' dir='ltr'>ΟΕ,</span> <span class='ocrx_word' id='word_1_409' title='bbox 1145 4951 1224 5024; x_wconf 90' lang='lat' dir='ltr'><strong>MC;</strong></span> <span class='ocrx_word' id='word_1_410' title='bbox 1244 4959 1446 5030; x_wconf 65' lang='lat' dir='ltr'><strong>prognatam,</strong></span> <span class='ocrx_word' id='word_1_411' title='bbox 1464 4951 1504 5026; x_wconf 94' lang='lat' dir='ltr'><strong>Y,</strong></span> <span class='ocrx_word' id='word_1_412' title='bbox 1524 4951 1604 5024; x_wconf 89' lang='lat' dir='ltr'><strong>CM;</strong></span> <span class='ocrx_word' id='word_1_413' title='bbox 1623 4955 1828 5029; x_wconf 74' lang='lat' dir='ltr'><strong>impregnan-</strong></span> 
     </span>
     <span class='ocr_line' id='line_1_39' title="bbox 237 5051 1827 5130; baseline -0.001 -16"><span class='ocrx_word' id='word_1_414' title='bbox 237 5059 310 5128; x_wconf 80' lang='lat' dir='ltr'><strong>rem,</strong></span> <span class='ocrx_word' id='word_1_415' title='bbox 326 5052 403 5114; x_wconf 86' lang='lat' dir='ltr'><strong>MG.</strong></span> <span class='ocrx_word' id='word_1_416' title='bbox 441 5051 552 5126; x_wconf 83' lang='lat' dir='ltr'><strong>⁸fecit,</strong></span> <span class='ocrx_word' id='word_1_417' title='bbox 569 5052 647 5128; x_wconf 89' lang='lat' dir='ltr'><strong>MG,</strong></span> <span class='ocrx_word' id='word_1_418' title='bbox 664 5052 703 5113; x_wconf 93' lang='lat' dir='ltr'><strong>Y.</strong></span> <span class='ocrx_word' id='word_1_419' title='bbox 741 5051 968 5130; x_wconf 66' lang='lat' dir='ltr'><strong>*prognatam</strong></span> <span class='ocrx_word' id='word_1_420' title='bbox 985 5051 1057 5126; x_wconf 81' lang='lat'><strong>00;</strong></span> <span class='ocrx_word' id='word_1_421' title='bbox 1075 5057 1319 5130; x_wconf 72' lang='lat' dir='ltr'><strong>impregnatam,</strong></span> <span class='ocrx_word' id='word_1_422' title='bbox 1338 5053 1407 5129; x_wconf 96' lang='lat' dir='ltr'><strong>OA,</strong></span> <span class='ocrx_word' id='word_1_423' title='bbox 1424 5051 1493 5127; x_wconf 89' lang='grc' dir='ltr'><strong>ΟΒ,</strong></span> <span class='ocrx_word' id='word_1_424' title='bbox 1511 5052 1578 5126; x_wconf 94' lang='grc' dir='ltr'>ΟΕ,</span> <span class='ocrx_word' id='word_1_425' title='bbox 1597 5053 1671 5128; x_wconf 89' lang='grc' dir='ltr'>ΟΜ,</span> <span class='ocrx_word' id='word_1_426' title='bbox 1689 5051 1729 5127; x_wconf 95' lang='lat' dir='ltr'><strong>Y,</strong></span> <span class='ocrx_word' id='word_1_427' title='bbox 1747 5053 1827 5125; x_wconf 86' lang='lat' dir='ltr'><strong>MC;</strong></span> 
     </span>
     <span class='ocr_line' id='line_1_40' title="bbox 237 5151 1828 5232; baseline -0.001 -18"><span class='ocrx_word' id='word_1_428' title='bbox 237 5157 502 5232; x_wconf 58' lang='lat' dir='ltr'><strong>Mproegnantem,</strong></span> <span class='ocrx_word' id='word_1_429' title='bbox 516 5155 593 5229; x_wconf 93' lang='grc' dir='ltr'>ΜΒ,</span> <span class='ocrx_word' id='word_1_430' title='bbox 608 5154 685 5215; x_wconf 92' lang='lat' dir='ltr'><strong>MG.</strong></span> <span class='ocrx_word' id='word_1_431' title='bbox 722 5153 804 5213; x_wconf 71' lang='lat' dir='ltr'><strong>‘viri</strong></span> <span class='ocrx_word' id='word_1_432' title='bbox 818 5158 877 5229; x_wconf 85' lang='lat' dir='ltr'><strong>sui,</strong></span> <span class='ocrx_word' id='word_1_433' title='bbox 892 5155 961 5230; x_wconf 89' lang='lat' dir='ltr'><strong>OA,</strong></span> <span class='ocrx_word' id='word_1_434' title='bbox 975 5154 1041 5227; x_wconf 91' lang='lat' dir='ltr'><strong>LA,</strong></span> <span class='ocrx_word' id='word_1_435' title='bbox 1056 5154 1123 5228; x_wconf 90' lang='grc' dir='ltr'>ΟΟ,</span> <span class='ocrx_word' id='word_1_436' title='bbox 1139 5155 1211 5215; x_wconf 92' lang='grc' dir='ltr'><strong>ΜΟ.</strong></span> <span class='ocrx_word' id='word_1_437' title='bbox 1249 5151 1286 5186; x_wconf 63' lang='lat'><strong>⁸⁴</strong></span> <span class='ocrx_word' id='word_1_438' title='bbox 1298 5174 1317 5213; x_wconf 85' lang='lat' dir='ltr'><strong>a</strong></span> <span class='ocrx_word' id='word_1_439' title='bbox 1331 5161 1423 5232; x_wconf 87' lang='lat' dir='ltr'><strong>patre</strong></span> <span class='ocrx_word' id='word_1_440' title='bbox 1437 5173 1507 5232; x_wconf 89' lang='lat' dir='ltr'><strong>quo,</strong></span> <span class='ocrx_word' id='word_1_441' title='bbox 1521 5154 1595 5226; x_wconf 83' lang='lat' dir='ltr'><strong>OC3</strong></span> <span class='ocrx_word' id='word_1_442' title='bbox 1610 5161 1642 5214; x_wconf 87' lang='lat' dir='ltr'><strong>et</strong></span> <span class='ocrx_word' id='word_1_443' title='bbox 1656 5175 1675 5213; x_wconf 76' lang='lat' dir='ltr'>a</span> <span class='ocrx_word' id='word_1_444' title='bbox 1691 5160 1828 5231; x_wconf 86' lang='lat' dir='ltr'><strong>tempore</strong></span> 
     </span>
     <span class='ocr_line' id='line_1_41' title="bbox 238 5251 1828 5333; baseline -0.001 -17"><span class='ocrx_word' id='word_1_445' title='bbox 238 5275 308 5333; x_wconf 88' lang='lat' dir='ltr'><strong>quo,</strong></span> <span class='ocrx_word' id='word_1_446' title='bbox 324 5255 401 5332; x_wconf 88' lang='lat' dir='ltr'><strong>MA,</strong></span> <span class='ocrx_word' id='word_1_447' title='bbox 417 5256 499 5329; x_wconf 86' lang='lat' dir='ltr'><strong>MB;</strong></span> <span class='ocrx_word' id='word_1_448' title='bbox 514 5261 653 5332; x_wconf 86' lang='lat' dir='ltr'><strong>tempore</strong></span> <span class='ocrx_word' id='word_1_449' title='bbox 668 5263 699 5316; x_wconf 90' lang='lat' dir='ltr'><strong>et</strong></span> <span class='ocrx_word' id='word_1_450' title='bbox 714 5276 733 5315; x_wconf 88' lang='lat' dir='ltr'><strong>a</strong></span> <span class='ocrx_word' id='word_1_451' title='bbox 748 5275 819 5332; x_wconf 87' lang='lat' dir='ltr'><strong>qno,</strong></span> <span class='ocrx_word' id='word_1_452' title='bbox 834 5254 902 5315; x_wconf 91' lang='lat' dir='ltr'><strong>OB.</strong></span> <span class='ocrx_word' id='word_1_453' title='bbox 940 5251 1006 5329; x_wconf 84' lang='lat' dir='ltr'><strong>⁸et,</strong></span> <span class='ocrx_word' id='word_1_454' title='bbox 1022 5256 1091 5331; x_wconf 91' lang='lat' dir='ltr'><strong>OB,</strong></span> <span class='ocrx_word' id='word_1_455' title='bbox 1109 5255 1186 5330; x_wconf 92' lang='lat' dir='ltr'><strong>MA,</strong></span> <span class='ocrx_word' id='word_1_456' title='bbox 1202 5255 1279 5329; x_wconf 89' lang='grc' dir='ltr'><strong>ΜΒ,</strong></span> <span class='ocrx_word' id='word_1_457' title='bbox 1294 5255 1372 5330; x_wconf 89' lang='lat' dir='ltr'><strong>MG,</strong></span> <span class='ocrx_word' id='word_1_458' title='bbox 1390 5254 1430 5329; x_wconf 93' lang='lat' dir='ltr'><strong>Y,</strong></span> <span class='ocrx_word' id='word_1_459' title='bbox 1448 5255 1513 5316; x_wconf 88' lang='grc' dir='ltr'><strong>ΟΕ.</strong></span> <span class='ocrx_word' id='word_1_460' title='bbox 1552 5253 1648 5330; x_wconf 84' lang='lat' dir='ltr'><strong>⁰n0n,</strong></span> <span class='ocrx_word' id='word_1_461' title='bbox 1665 5254 1734 5329; x_wconf 93' lang='lat' dir='ltr'><strong>OB,</strong></span> <span class='ocrx_word' id='word_1_462' title='bbox 1752 5256 1828 5332; x_wconf 90' lang='lat' dir='ltr'><strong>MA,</strong></span> 
     </span>
     <span class='ocr_line' id='line_1_42' title="bbox 238 5356 943 5434; baseline 0 -18"><span class='ocrx_word' id='word_1_463' title='bbox 238 5357 315 5433; x_wconf 90' lang='grc' dir='ltr'>ΜΒ,</span> <span class='ocrx_word' id='word_1_464' title='bbox 331 5357 404 5418; x_wconf 91' lang='grc' dir='ltr'><strong>ΟΜ.</strong></span> <span class='ocrx_word' id='word_1_465' title='bbox 441 5356 467 5390; x_wconf 79' lang='lat'><strong>¹⁰</strong></span> <span class='ocrx_word' id='word_1_466' title='bbox 480 5361 606 5434; x_wconf 85' lang='lat' dir='ltr'><strong>poterit,</strong></span> <span class='ocrx_word' id='word_1_467' title='bbox 621 5357 690 5431; x_wconf 91' lang='lat' dir='ltr'><strong>OA,</strong></span> <span class='ocrx_word' id='word_1_468' title='bbox 705 5356 772 5432; x_wconf 89' lang='lat' dir='ltr'><strong>LA,</strong></span> <span class='ocrx_word' id='word_1_469' title='bbox 787 5357 854 5433; x_wconf 88' lang='grc' dir='ltr'>ΟΟ,</span> <span class='ocrx_word' id='word_1_470' title='bbox 871 5357 943 5418; x_wconf 91' lang='grc' dir='ltr'><strong>ΜΟ.</strong></span> 
     </span>
    </p>
   </div>
   <div class='ocr_carea' id='block_1_7' title="bbox 0 0 2220 6340">
    <p class='ocr_par' dir='ltr' id='par_1_10' title="bbox 0 0 2220 6340">
     <span class='ocr_line' id='line_1_43' title="bbox 0 0 2220 6340; baseline 0 0"><span class='ocrx_word' id='word_1_471' title='bbox 0 0 2220 6340; x_wconf 95' lang='lat' dir='ltr'><strong> </strong></span> 
     </span>
    </p>
   </div>
  </div>
 </body>
</html>
