4392 6352
649 513 709 574 DE
733 513 1036 586 ADQUIRENDO
1059 515 1217 576 RERUM
1240 515 1442 577 DOMINlO
1769 523 1841 592 281

254 664 389 762 pratis,
410 663 542 753 boscis,
562 666 726 764 pascuis,
747 675 787 742 et
808 667 983 744 omnibus
1005 666 1087 743 aliis
1108 666 1442 743 commoditatibus
1464 667 1634 765 exceptis
1657 668 1782 767 parcis
1805 677 1843 744 et

253 780 407 858 vivariis
422 782 470 859 de
486 783 624 881 quibus
641 783 734 859 nihil
751 784 963 882 percipiet.⁶
982 785 1091 860 Nihil
1108 785 1208 861 enim
1226 785 1391 883 amplius
1409 784 1595 885 percipiet
1613 786 1660 862 de
1677 786 1844 885 piscibus

254 908 293 974 et
312 899 405 975 feris
422 900 463 975 in
481 901 607 1000 parcis
626 902 780 979 inclusis
799 929 914 1000 quam
934 904 981 978 de
1001 903 1228 980 animalibus
1248 913 1286 980 et
1306 903 1439 979 ovibus
1459 904 1500 978 in
1520 903 1692 992 ovilibus,
1712 930 1757 980 eo
1778 930 1843 980 ex·

253 1029 379 1119 cepto,
406 1018 508 1118 quod
536 1021 566 1096 si
592 1021 764 1120 piscariae
789 1021 840 1095 ibi
867 1021 1015 1098 fuerint
1040 1048 1205 1119 quarum
1231 1023 1520 1098 commoditates
1547 1023 1768 1122 dependent
1793 1048 1843 1098 ex

253 1136 397 1213 insidiis
419 1137 598 1227 fortunae,
620 1139 709 1216 inde
729 1139 915 1237 percipiet
936 1140 1090 1216 tertiam
1112 1148 1264 1238 partem
1286 1140 1579 1229 commoditatis
1601 1141 1663 1217 vel
1684 1141 1844 1218 tertium

253 1258 396 1356 piscem
419 1258 479 1333 vel
502 1258 645 1333 iactum
668 1258 760 1334 retis
782 1257 953 1346 tertium,
978 1259 1187 1334 secundum
1211 1259 1314 1356 quod
1339 1259 1569 1335 convenerit.
1595 1260 1700 1336 Item
1724 1260 1842 1358 assig-

252 1376 383 1451 nanda
402 1375 475 1451 erit
494 1377 528 1451 ei
547 1377 663 1451 tertia
682 1403 773 1474 pars
793 1376 987 1475 villenagii
1006 1377 1111 1476 quod
1130 1386 1188 1452 est
1208 1377 1316 1476 quasi
1336 1377 1579 1453 dominicum.
1604 1378 1708 1455 Item
1727 1379 1844 1454 tertia

253 1520 344 1595 pars
366 1495 608 1572 servitiorum
628 1494 836 1570 liberorum
854 1494 1063 1584 hominum,
1085 1505 1124 1572 et
1146 1495 1352 1594 dequibus
1373 1495 1568 1572 habebunt
1589 1497 1781 1572 custodias
1804 1505 1843 1572 et

252 1612 404 1702 relevia,
425 1613 539 1689 salvis
558 1622 690 1688 tamen
708 1612 894 1711 homagiis
916 1613 1078 1690 dominis
1098 1613 1338 1713 capitalibus.
1361 1615 1464 1690 Item
1484 1613 1638 1690 habebit
1659 1614 1842 1690 heredum

252 1731 468 1829 maritagio.
490 1733 594 1807 Item
613 1731 767 1807 habebit
788 1731 965 1808 eschaetas
987 1732 1065 1809 sive
1084 1733 1259 1808 venerint
1279 1730 1363 1830 per⁶
1383 1732 1580 1809 defectum
1599 1733 1660 1808 vel
1681 1743 1844 1831 propter

253 1851 446 1938 delictum,
464 1851 531 1927 sed
548 1850 618 1925 hoc
636 1849 727 1925 n0n⁷
746 1850 818 1926 nisi
837 1851 887 1926 ad
904 1850 1035 1939 vitam,
1055 1851 1144 1949 quia
1162 1860 1251 1948 post
1269 1859 1433 1926 mortem
1452 1851 1649 1948 pertinent
1667 1852 1718 1926 ad
1735 1850 1841 1927 here-

253 1970 351 2045 dem.
366 1968 425 2046 Et
438 1969 670 2067 generaliter
683 1994 814 2045 omnes
827 1969 1117 2045 commoditates
1132 1995 1180 2044 ex
1195 1970 1284 2045 dote
1299 1970 1566 2067 provenientes
1581 1970 1712 2045 uxoris
1728 1979 1842 2046 erunt

253 2086 381 2184 quoad
397 2086 548 2175 vixerit,
566 2087 638 2162 nisi
655 2086 725 2161 hoc
744 2085 861 2163 forte⁸
880 2087 1034 2164 auferat
1053 2087 1254 2163 conventio
1274 2087 1458 2184 specialis.

353 2205 471 2298 Quod
487 2206 558 2282 dor
574 2205 694 2282 libera
710 2230 791 2282 erac
808 2205 956 2282 debeat.
988 2255 991 2262 .

251 2322 498 2399 AssrcNArA⁹
512 2325 601 2400 dote
614 2323 735 2399 libera
747 2324 860 2401 debet
874 2349 955 2400 esse
968 2325 1048 2400 dos.
1064 2323 1173 2399 Nihil
1188 2323 1289 2400 enim
1303 2323 1477 2400 conferet
1491 2349 1591 2400 uxor
1605 2325 1652 2400 de
1667 2325 1759 2400 dote
1773 2351 1843 2401 sua

252 2440 302 2517 ad
326 2441 457 2517 debita
479 2440 607 2518 mariti
632 2441 903 2540 adquietanda‚
928 2441 1046 2541 quia²⁰
1072 2443 1103 2518 si
1128 2442 1320 2542 peculium
1346 2443 1475 2518 mariti
1500 2468 1579 2519 non
1603 2442 1765 2520 sufficiat
1792 2444 1842 2519 ad

251 2563 391 2651 debita,
411 2562 597 2660 quidquid
616 2562 735 2638 fuerit
754 2562 915 2637 ulterius
935 2561 1160 2638 solvendum
1179 2562 1357 2636 heredem
1378 2571 1416 2638 et
1436 2560 1689 2638 hereditatem
1708 2587 1840 2637 onera·

251 2679 319 2756 bit.
344 2680 447 2757 Item
468 2681 576 2756 heres
599 2689 754 2767 tenetur
776 2681 905 2756 dotem
928 2705 1037 2756 suam
1060 2680 1268 2755 defendere
1290 2689 1329 2755 et
1351 2681 1613 2767 warantizare,
1638 2689 1677 2756 et
1700 2705 1772 2779 pro
1796 2705 1843 2755 ea

251 2799 358 2896 sequi
373 2798 589 2886 comitatus,
604 2797 844 2885 hundreda,²²
861 2808 900 2873 et
915 2797 1039 2873 curias
1056 2796 1310 2873 dominorum.
1329 2799 1425 2895 Ipsa
1441 2798 1543 2874 enim
1560 2799 1610 2874 ad
1627 2798 1701 2875 aha
1718 2799 1840 2874 inten-

252 2908 342 2994 dere
357 2943 435 2993 non
450 2917 563 2994 debet
578 2916 651 2993 nisi
666 2926 711 2993 ut
727 2917 857 2993 domui
873 2940 950 2992 suae
966 2915 1158 3013 disponat,
1174 2926 1213 2993 et
1228 2926 1273 2993 ut
1289 2941 1430 3013 pueros
1446 2941 1534 2992 suos
1552 2916 1583 2992 si
1600 2917 1665 3014 qui
1682 2917 1841 3005 fuerint,

251 3038 400 3112 nutriat
419 3045 459 3112 et
478 3037 627 3112 educat.
649 3036 809 3112 Curiam
829 3043 959 3110 autem
979 3060 1089 3111 suam
1109 3035 1309 3132 propriam
1328 3035 1467 3111 habere
1488 3034 1600 3111 debet
1620 3035 1669 3111 de
1690 3035 1841 3135 placitis
1909 3129 1910 3132 Ἴ

251 3156 534 3254 omnibusque
556 3154 607 3230 ad
628 3154 753 3252 ipsam
775 3153 970 3251 pertinent
993 3153 1247 3229 terminanda.
1272 3152 1424 3228 Placita
1446 3179 1537 3228 vero
1561 3179 1632 3250 per
1656 3153 1770 3229 breve
1794 3155 1841 3230 de

251 3283 356 3350 recto
371 3273 548 3374 placitari
563 3272 704 3349 debent
718 3280 757 3348 et
772 3271 970 3348 terminari
986 3271 1026 3347 in
1041 3270 1148 3347 curia
1163 3271 1310 3347 heredis
1326 3280 1366 3347 et
1381 3271 1572 3347 waranti²²
1588 3272 1636 3348 de
1652 3270 1743 3348 dote
1759 3297 1840 3359 sua,

251 3401 414 3492 propter
428 3391 623 3467 vinculum
637 3390 804 3488 homagii
820 3391 924 3488 quod
939 3390 1040 3465 inter
1055 3389 1193 3466 liberos
1209 3398 1382 3465 tenentes
1400 3415 1488 3466 suos
1505 3399 1544 3465 et
1558 3397 1776 3466 warantum
1793 3391 1842 3466 de

252 3512 341 3588 dote
357 3538 427 3589 sua
442 3519 593 3586 nonest
609 3508 849 3597 dissolutum,
866 3517 904 3584 et
921 3507 1012 3606 quia
1026 3506 1139 3606 ipsa¹⁸
1157 3508 1343 3605 placitum
1360 3533 1476 3607 super
1493 3516 1597 3584 recto
1614 3518 1745 3584 tenere
1762 3534 1841 3583 non

251 3629 407 3728 poterit,
427 3653 515 3703 cum
534 3653 613 3703 non
631 3626 770 3702 habeat
789 3625 861 3704 nisi
881 3625 1045 3702 liberum
1063 3631 1336 3702 tenementum.
1359 3627 1462 3702 Item
1483 3651 1553 3701 nec
1573 3625 1770 3724 pertinent
1791 3626 1841 3702 ad

251 3748 376 3846 ipsam
394 3745 537 3846 placita
555 3770 639 3844 quae
656 3744 851 3842 pertinent
870 3744 921 3821 ad
938 3769 1119 3820 coronam
1137 3770 1210 3841 pro
1228 3743 1374 3819 iustitia
1392 3753 1431 3820 et
1450 3768 1544 3842 pace
1564 3745 1707 3820 domini
1727 3746 1840 3843 regis,

252 3863 343 3962 quia
356 3863 485 3940 nullus
499 3862 716 3939 huiusmodi
732 3862 874 3960 placita
891 3862 1075 3961 placitare
1091 3863 1235 3959 poterit
1250 3863 1323 3938 nisi
1338 3862 1409 3936 hoe
1425 3861 1505 3938 eis¹⁴
1522 3862 1736 3961 specialiter
1753 3888 1841 3938 con·

251 4008 398 4060 cessum
422 3981 553 4069 fuerit,
576 3981 674 4057 sicut
697 3979 900 4056 iustitiario
923 3979 1067 4055 domini
1090 3981 1203 4077 regis,
1228 3979 1326 4055 sicut
1350 3980 1536 4079 placitum
1559 4007 1630 4079 per
1653 3981 1767 4056 breve
1793 3982 1840 4058 de

251 4109 367 4188 recto,
386 4099 489 4175 visus
508 4099 633 4176 franci
652 4098 781 4198 plegii,
802 4097 988 4196 placitum
1007 4098 1054 4174 de
1073 4097 1193 4173 vetito
1212 4097 1340 4184 namii,
1361 4098 1392 4172 si
1411 4097 1512 4173 latro
1533 4098 1652 4175 fuerit
1671 4097 1840 4174 iudican-

252 4218 335 4307 dus,
349 4218 409 4294 vel
423 4215 481 4292 si²⁵
493 4227 779 4315 transgressum
790 4216 840 4293 sit
852 4225 987 4292 contra
1000 4213 1185 4291 assisam²⁶
1199 4215 1343 4290 domini
1358 4215 1476 4312 regis:
1491 4214 1734 4291 huiusmodi¹⁷
1749 4241 1840 4292 vero

250 4333 422 4434 placita²⁸
437 4361 517 4411 non
531 4334 728 4435 pertinent
743 4336 793 4411 ad
809 4334 949 4410 dotem.
967 4333 1060 4409 Alia
1075 4359 1166 4409 vero
1182 4333 1324 4431 placita
1340 4358 1425 4432 quae
1441 4334 1637 4433 pertinent
1653 4336 1703 4411 ad
1720 4335 1839 4411 domi-

250 4479 344 4529 num
361 4453 503 4529 fundi¹⁹
521 4453 706 4552 placitare
724 4453 867 4552 poterit
885 4453 925 4528 in
942 4452 1049 4528 curia
1066 4476 1146 4527 sua.

251 4649 415 4731 “recipiet
432 4654 510 4728 MG,
528 4655 603 4727 CM,
619 4655 659 4714 Y.
699 4623 863 4732 ‘propten
881 4653 920 4727 V,
937 4653 976 4713 Y.
1017 4652 1102 4713 'non
1120 4660 1177 4728 est,
1196 4653 1265 4727 OB,
1283 4652 1361 4726 MG,
1380 4653 1420 4727 Y,
1438 4653 1512 4713 CM.
1554 4651 1658 4729 ⁸Om.‚
1676 4654 1745 4729 OB,
1765 4654 1840 4728 MA,

252 4753 326 4814 ΜΒ.
366 4752 549 4832 ⁹assignata
567 4773 650 4828 vero,
668 4754 746 4829 MG,
765 4755 838 4815 CM.
879 4751 1010 4831 ²⁰qu0d,
1028 4754 1098 4826 OB,
1118 4753 1194 4826 MA,
1214 4754 1288 4814 MB.
1329 4753 1356 4786 ¹²
1367 4751 1554 4829 hundredus,
1574 4755 1618 4827 V;
1638 4753 1840 4831 hundredam,

251 4853 323 4926 LA;
339 4852 577 4928 hundredorum,
594 4853 668 4926 OB;
684 4853 856 4929 hundreda,
873 4853 942 4928 ΟΔ,
960 4854 1034 4927 MC,
1050 4853 1122 4926 OB;
1141 4853 1303 4927 hundred,
1321 4855 1414 4916 MSS.
1433 4875 1499 4915 var.
1538 4853 1565 4889 ²²
1576 4859 1707 4914 waranti
1725 4859 1783 4930 sui,
1801 4857 1840 4932 V,

251 4952 328 5014 MG.
363 4951 390 4987 ¹⁸
402 4954 482 5029 Om,
496 4955 565 5027 OB,
580 4953 655 5026 MA,
670 4954 746 5028 ΜΒ,
761 4953 827 5025 CE,
842 4954 882 5028 Y,
897 4954 975 5029 MG,
989 4954 1062 5015 CM.
1099 4951 1413 5029 ¹⁴ei,MG‚CM,Y.
1451 4954 1477 4988 ²⁶
1489 4955 1570 5031 Om,
1586 4957 1655 5029 OB,
1671 4957 1747 5033 MA,
1763 4958 1838 5018 ΜΒ.

250 5050 413 5126 1⁰assises,
425 5055 464 5126 V,
477 5052 546 5126 OA,
558 5053 625 5127 CE,
638 5054 705 5127 LA,
717 5055 785 5130 OC,
798 5053 871 5114 MC.
906 5051 973 5088 Μ
984 5052 1156 5114 huiusmodi
1170 5054 1296 5132 placita,
1310 5055 1384 5128 OA;
1397 5055 1571 5117 hulusmodi
1585 5078 1642 5119 nec
1655 5058 1747 5137 plac,
1762 5058 1838 5121 MG.

250 5149 277 5185 ¹⁹
290 5151 385 5227 feodI,
398 5154 437 5229 V,
452 5152 528 5214 MG.
