4432 6340
392 442 463 511 198
922 434 1144 498 BRACTON:
1166 435 1227 495 DE
1251 435 1443 497 LEGIBUS

389 584 692 661 descendentem.
708 585 803 661 Non
817 594 947 661 autem
961 611 1033 685 per
1045 610 1175 663 omnes
1190 611 1374 685 personas
1389 611 1474 686 quae
1489 585 1695 685 aliquando
1710 586 1867 662 heredes
1883 585 1981 662 exti-

387 701 532 790 terim,²
549 703 637 779 licet
654 703 960 802 propinquiores,
978 703 1156 780 facienda
1173 714 1230 782 est
1247 705 1485 803 computatio
1504 705 1717 792 descensus,
1736 704 1807 780 nisi
1824 713 1982 782 tantum

389 845 460 918 per
477 819 561 896 illas
578 846 662 919 quae
677 821 993 920 expectaverunt⁸
1010 831 1175 900 mortem
1192 832 1487 912 antecessorum,
1506 848 1711 922 perquam
1729 823 1788 899 ius
1806 823 1981 922 proprie·

387 940 481 1018 tatis
497 940 547 1017 ad
561 967 626 1018 eas
641 942 847 1032 descendit,
864 943 925 1018 vel
942 942 1078 1021 saltem
1095 944 1145 1020 ad
1160 943 1317 1020 heredes
1334 943 1383 1020 de
1397 967 1558 1042 corpore
1574 970 1643 1020 suo
1660 944 1871 1020 venientes:
1890 945 1981 1043 quia

389 1065 421 1140 si
436 1063 521 1162 quis
536 1063 667 1163 plures
681 1063 858 1141 habuerit
874 1062 972 1140 filios
987 1074 1027 1141 et
1043 1063 1153 1152 filias,
1170 1074 1210 1141 et
1226 1073 1432 1142 antenatus
1447 1063 1555 1142 heres
1572 1064 1826 1164 propinquior
1842 1065 1884 1141 in
1900 1065 1980 1142 vita

389 1185 512 1283 patris
525 1185 736 1261 communis
750 1185 830 1261 sine
842 1184 981 1261 herede
994 1185 1042 1261 de
1055 1210 1095 1262 se
1109 1185 1324 1274 decesserit,
1338 1193 1543 1284 postnatus
1557 1195 1646 1285 post
1660 1210 1749 1262 eum
1762 1187 1894 1262 statim
1908 1183 1980 1264 est⁴

388 1304 497 1380 heres
510 1304 763 1404 propinquior
777 1303 839 1382 ex⁶
853 1330 930 1404 quo
944 1304 1038 1381 nihil
1052 1305 1145 1382 iuris
1159 1305 1356 1383 descendit
1371 1306 1486 1382 fratri
1502 1314 1686 1383 antenato
1701 1308 1795 1384 dum
1810 1307 1919 1396 vixit,
1935 1331 1980 1382 ac

389 1426 421 1501 si
433 1450 645 1524 numquam
657 1436 755 1504 esset
768 1427 809 1502 in
821 1453 951 1504 rerum
963 1436 1116 1516 natura,
1130 1451 1209 1502 non
1222 1426 1292 1502 fiat
1304 1427 1450 1504 mentio
1464 1425 1526 1504 de⁸
1540 1426 1717 1527 persona*
1734 1454 1815 1517 sua,
1830 1429 1897 1506 sed
1911 1429 1978 1504 im-

387 1547 553 1624 mediate
576 1547 646 1624 fiat
668 1548 907 1647 computatio
931 1549 1132 1625 descensus
1157 1548 1208 1625 ad
1232 1549 1396 1625 fratrem
1419 1557 1646 1648 postnatum
1671 1549 1736 1648 qui
1761 1550 1979 1649 expectavit

389 1670 492 1768 quod
506 1669 565 1746 ius
580 1671 614 1748 ei
629 1669 835 1747 descendit.
854 1667 979 1746 Idem'
995 1668 1126 1747 etiam⁹
1140 1669 1214 1746 erit
1230 1670 1260 1747 si
1278 1670 1401 1747 frater
1416 1679 1622 1748 antenatus
1637 1670 1775 1746 liberos
1791 1696 1841 1747 ex
1858 1697 1897 1748 se
1913 1670 1979 1747 ha·

387 1791 526 1880 buerit,
543 1801 582 1869 et
598 1791 639 1866 in
655 1791 736 1870 vita
753 1791 876 1890 patris
893 1791 1104 1868 communis
1121 1817 1252 1868 omnes
1270 1790 1501 1869 decesserint
1519 1801 1727 1890 antequam
1747 1792 1902 1891 aliquod
1920 1793 1979 1870 ius

385 1911 439 1990 eis
451 1912 699 1989 descenderit.
716 1911 758 1988 Si
772 1921 901 1989 autem
915 1913 1039 1988 frater
1051 1920 1268 2000 antenatus,
1281 1913 1342 1988 vel
1353 1911 1462 1989 liberi
1475 1913 1506 1990 si
1519 1937 1615 2012 quos
1627 1912 1815 2002 habuerit,
1828 1921 1980 2012 patrem

386 2057 627 2109 communem
641 2033 937 2131 supervixerint,
953 2034 1089 2110 saltem
1104 2033 1202 2132 per²⁰
1217 2057 1335 2111 unam
1350 2034 1496 2121 horam,
1505 2042 1546 2110 et
1555 2033 1607 2110 sic
1617 2035 1905 2134 expectaverint
1915 2033 1978 2110 de-

388 2177 563 2230 scensum
578 2153 670 2230 iuris
687 2154 737 2229 ad
752 2180 827 2242 eos,
843 2165 883 2231 et
899 2154 951 2229 sic
967 2154 1099 2232 statim
1113 2155 1288 2243 obierint,
1305 2154 1527 2254 oportebit²¹
1545 2157 1672 2232 facere
1689 2157 1922 2233 mentionem
1938 2156 1979 2232 in

385 2272 570 2350 descensu
582 2272 658 2350 de²²
670 2299 836 2373 persona
847 2275 967 2374 ipsius
980 2275 1030 2352 ad
1042 2301 1155 2375 quem
1168 2277 1227 2353 ius
1239 2277 1445 2354 descendit.
1460 2277 1518 2354 Et
1530 2277 1663 2353 eodem
1676 2277 1791 2354 modo
1804 2277 1835 2354 si
1849 2277 1979 2376 plures

388 2393 465 2472 sint
483 2419 655 2494 personae
673 2406 712 2473 et
730 2395 887 2474 heredes
907 2397 958 2473 ad
977 2398 1081 2496 quod
1098 2397 1186 2474 ius²⁸
1205 2398 1400 2475 descendit
1418 2399 1614 2497 gradatim
1632 2409 1671 2475 et
1691 2398 1910 2488 successive,
1929 2398 1979 2474 de

387 2513 548 2612 singulis
564 2516 758 2614 oportebit
774 2518 901 2595 facere
917 2518 1151 2596 mentionem
1166 2519 1207 2595 in
1224 2519 1424 2596 descensu:
1443 2519 1495 2596 sic
1512 2519 1729 2618 incipiendo
1747 2546 1770 2596 a
1787 2519 1979 2597 communi

387 2637 531 2737 stipite,
550 2649 590 2716 et
608 2638 711 2716 unde
729 2639 818 2716 talis
837 2646 1054 2716 antecessor
1074 2640 1151 2717 iuit
1172 2640 1321 2717 seisitus
1340 2640 1382 2716 in
1401 2641 1590 2717 dominico
1610 2650 1656 2718 ut
1676 2642 1724 2717 de
1745 2641 1859 2718 feodo
1880 2650 1977 2718 etce-

386 2769 481 2837 tera.
495 2760 554 2834 Et
566 2759 614 2836 de
626 2759 795 2836 talibus*
808 2768 854 2837 ut
867 2758 1025 2858 quidam
1039 2760 1183 2849 dicunt,
1199 2760 1394 2839 descendit
1407 2770 1447 2839 et
1461 2761 1689 2838 descendere
1703 2761 1834 2839 debuit
1848 2760 1918 2838 tali
1932 2771 1978 2839 ut

386 2878 466 2956 iilio
483 2888 522 2957 et
537 2880 680 2970 heredi,
697 2891 736 2959 et
753 2880 801 2957 de
816 2880 985 2957 talibus¹⁸
1002 2908 1124 2981 usque
1142 2883 1192 2959 ad
1207 2882 1338 2970 talem,
1356 2892 1394 2959 et
1413 2882 1465 2959 sic
1483 2882 1530 2959 de
1547 2881 1686 2958 herede
1704 2881 1782 2958 ad¹⁸
1799 2881 1978 2957 heredem

385 3025 507 3098 usque
524 3001 575 3076 ad
592 3009 800 3099 petentem,
819 3003 923 3101 quod
941 3002 1096 3102 quidem
1114 3003 1187 3079 dici
1206 3029 1284 3080 non
1303 3004 1446 3102 poterit
1465 3003 1513 3079 de
1530 3028 1576 3079 eo
1595 3002 1661 3102 qui
1681 3003 1761 3080 sine
1779 3002 1919 3080 herede
1937 3002 1978 3078 in

385 3123 467 3200 vita
484 3123 608 3223 patris
626 3123 840 3213 decesserit,
858 3126 920 3200 vel
940 3124 970 3200 si
989 3123 1146 3202 heredes
1165 3123 1334 3211 haberet,
1355 3148 1487 3200 omnes
1506 3123 1547 3199 in
1566 3123 1647 3200 vita
1666 3125 1789 3222 patris
1809 3124 1975 3200 decesse-

386 3242 504 3330 rint,²'
528 3253 735 3343 antequam
757 3243 912 3343 aliquod
934 3244 993 3320 ius
1014 3244 1068 3322 eis
1091 3243 1378 3321 descenderet.¹⁸
1403 3244 1445 3321 Si
1469 3253 1598 3321 autem
1623 3246 1748 3321 frater
1770 3253 1976 3322 antenatus

385 3361 518 3439 relicto
535 3361 674 3438 herede
691 3363 732 3438 in
750 3361 831 3440 vita
848 3363 971 3462 patris
992 3364 1205 3454 decesserit,
1225 3371 1319 3440 tunc
1338 3364 1409 3440 fiat
1428 3365 1484 3440 ita
1504 3363 1742 3462 computatio
1762 3364 1976 3451 descensus,

385 3492 425 3559 et
441 3482 544 3559 unde
558 3482 648 3558 talis
665 3492 881 3559 antecessor
899 3482 977 3559 fuit
995 3482 1144 3558 seisitus
1161 3492 1339 3571 etcetera‚
1358 3490 1398 3559 et
1415 3483 1463 3558 de
1479 3482 1550 3558 tali
1567 3489 1805 3559 antecessore
1823 3483 1975 3558 descen·

386 3601 476 3677 dere
492 3600 623 3677 debuit
639 3601 698 3677 ius
713 3601 783 3676 tali
796 3611 843 3678 ut
858 3601 938 3677 filio
952 3611 992 3678 et
1006 3600 1149 3678 heredi.
1168 3600 1246 3678 Sed
1262 3601 1336 3677 dici
1351 3625 1431 3676 non
1446 3599 1587 3676 dehet²⁰
1604 3601 1708 3699 quod
1725 3599 1897 3699 aliquid²⁰
1914 3599 1976 3676 ei²¹

386 3721 592 3810 descendit,
615 3746 702 3796 cum
724 3747 802 3796 non
822 3730 1047 3819 expectaret
1069 3721 1172 3819 quod
1196 3702 1452 3796 descenderet.
1476 3719 1534 3794 Et
1557 3720 1643 3795 ideo
1665 3719 1719 3796 sic
1742 3719 1849 3796 iacta
1870 3744 1976 3796 men·

385 3839 490 3917 tione
505 3840 553 3915 de
566 3865 612 3915 eo
626 3839 692 3938 qui
706 3839 748 3914 in
761 3839 842 3915 vita
856 3839 979 3937 patris
995 3839 1047 3916 sic
1063 3838 1168 3927 obiit,
1183 3838 1347 3926 dicatur,
1363 3847 1401 3914 et
1417 3838 1507 3937 quia
1523 3837 1611 3914 talis
1627 3837 1728 3914 filius
1745 3864 1824 3914 non
1839 3863 1976 3937 expec-

384 3957 483 4035 tavit
497 3966 544 4035 ut
558 3959 617 4034 ius
633 3959 666 4034 ei
683 3958 929 4034 descenderet
945 3983 967 4033 a
982 3957 1052 4034 tali
1068 3967 1317 4045 antecessore,
1334 3956 1529 4033 descendit
1543 3956 1603 4032 ius
1617 3956 1689 4032 tali
1705 3966 1750 4033 ut
1767 3957 1899 4055 nepoti
1914 3956 1977 4034 vel

385 4079 505 4178 nepti,
524 4088 564 4155 et
583 4078 635 4154 sic
653 4078 832 4176 deinceps
851 4076 1115 4153 descendendo
1132 4100 1254 4174 usque
1274 4075 1325 4151 ad
1344 4083 1551 4173 petentem.
1576 4075 1703 4166 <Sed
1723 4101 1766 4151 re
1786 4100 1878 4151 vera
1898 4076 1976 4152 sive

386 4205 591 4274 antenatus
612 4195 801 4273 moriatur
820 4195 861 4270 iu
882 4195 963 4272 vita
985 4194 1108 4293 patris
1130 4193 1191 4270 vel
1213 4193 1370 4270 alterius
1392 4192 1652 4282 antecessoris,
1675 4203 1714 4270 et
1737 4193 1816 4270 sive
1837 4193 1975 4270 liberos

384 4317 560 4393 habuerit
584 4316 663 4392 sive
685 4341 774 4404 non,
798 4339 949 4413 semper
971 4313 1054 4389 fieri
1078 4312 1192 4389 debet
1214 4311 1358 4389 mentio
1382 4312 1430 4388 de
1453 4337 1499 4386 eo
1521 4311 1563 4386 in
1585 4311 1756 4411 quolibet
1779 4311 1974 4400 descensu,

385 4443 548 4534 propter
561 4435 620 4512 ius
635 4434 738 4533 quod
752 4433 786 4510 ei
800 4433 1047 4509 descenderet
1062 4433 1093 4508 si
1107 4440 1271 4508 mortem
1287 4430 1535 4508 antecessoris
1549 4436 1832 4529 expectaret>

385 4651 588 4728 'extiterunt
610 4651 679 4727 OA,
701 4651 768 4726 LA,
790 4651 857 4727 ΟΕ,
879 4649 945 4712 OC.
989 4649 1254 4728 'expectaverint
1276 4650 1315 4722 V,
1338 4649 1416 4724 MG,
1440 4649 1513 4709 CM.
1558 4646 1693 4726 ‘incipit
1715 4667 1792 4721 esse,
1816 4648 1884 4724 OA,
1908 4648 1975 4722 LA,

385 4752 543 4830 OC,MC.
581 4751 637 4814 ‘et
654 4774 702 4829 ex,
719 4753 787 4828 OA,
805 4753 871 4827 LA,
888 4752 955 4828 OC,
972 4753 1045 4813 MC.
1084 4749 1215 4825 ‘'²Om,
1232 4752 1273 4826 Y,
1290 4751 1357 4827 ΟΕ,
1375 4751 1453 4824 MO,
1471 4750 1540 4823 OB,
1559 4751 1635 4825 MA,
1653 4751 1728 4811 ΜΒ.
1768 4748 1865 4811 ⁸item
1883 4748 1975 4824 idem,

384 4854 453 4929 OB,
475 4854 746 4930 MB3item,0A.
788 4853 893 4928 ⁹Om.,
913 4853 987 4914 MA.
1029 4851 1148 4927 ²⁰Om.,
1168 4855 1238 4928 OB,
1258 4853 1334 4927 MA,
1354 4853 1431 4929 MB,
1452 4853 1518 4928 ΟΕ,
1539 4853 1580 4928 Υ,
1601 4853 1677 4915 MG.
1720 4850 1915 4931 uoportebit
1936 4851 1975 4912 de

384 4959 578 5029 necessitate,
595 4954 665 5029 OA,
681 4955 749 5029 LA,
766 4954 833 5031 OC,
851 4955 931 5027 MC;
949 4961 1118 5032 oporteret,
1136 4955 1219 5027 MO;
1238 4961 1372 5033 oportet,
1390 4954 1430 5030 V,
1448 4954 1518 5028 OB,
1537 4955 1613 5030 MA,
1633 4954 1709 5030 MB,
1727 4955 1795 5030 CB,
1813 4955 1851 5016 Y.
1893 4953 1920 4988 ¹²
1931 4957 1974 5029 in,

385 5053 454 5130 OB,
468 5055 543 5131 MA,
558 5056 634 5130 MB,
648 5056 688 5131 Y,
703 5056 770 5130 CB,
784 5057 857 5117 MC.
893 5054 1012 5129 1⁸Om.,
1026 5055 1096 5130 OB,
1110 5055 1186 5131 MA,
1201 5057 1276 5116 ΜΒ.
1313 5055 1418 5131 ²⁴tali,
1433 5056 1502 5132 OA,
1515 5057 1583 5132 LA,
1598 5056 1664 5118 OC.
1701 5054 1807 5132 ²⁶tali,
1822 5056 1892 5130 OA,
1908 5057 1975 5132 LA,

385 5153 450 5216 oc.
486 5152 702 5230 1⁸aanor.
737 5154 1066 5232 ²⁷daeesserunt,on,
1081 5157 1229 5231 onon,
1245 5157 1318 5218 Mc.
1355 5139 1597 5235 cassamus,
1613 5158 1652 5233 v,
1667 5159 1736 5234 on,
1751 5159 1792 5233 r,
1807 5159 1884 5235 un,
1900 5159 1975 5234 cu,

386 5255 462 5316 MG.
499 5254 527 5289 ¹⁹
538 5255 655 5330 debuit,
670 5256 739 5331 OB,
755 5256 831 5331 MA,
847 5257 923 5330 MB,
938 5257 1005 5333 ΟΕ,
1020 5258 1060 5332 Y,
1076 5258 1154 5334 MG,
1169 5259 1244 5334 CM,
1260 5259 1333 5319 MC.
1370 5257 1436 5294 ¹⁰⁴²
1448 5259 1566 5336 aliquid
1582 5265 1621 5336 ei,
1637 5260 1706 5337 OB,
1723 5259 1800 5336 MB,
1816 5245 1884 5336 LA,
1900 5261 1976 5334 MC,

385 5355 454 5430 OA,
467 5355 542 5430 ΟΕ,
560 5357 682 5435 aliquis,
698 5357 779 5430 MA;
796 5356 922 5435 aliquod
937 5361 985 5419 ius
1001 5361 1041 5432 ei,
1057 5359 1098 5433 Y,
1116 5360 1194 5435 MO,
1210 5361 1290 5433 CM;
1307 5359 1412 5437 alicui,
1429 5362 1501 5435 OC;
1519 5361 1637 5441 aliquid
1653 5367 1701 5423 ius
1718 5367 1758 5436 ei,
1776 5363 1814 5425 V.
