4432 6340
377 538 448 608 194
907 533 1129 595 BRACTON:
1151 535 1212 595 DE
1236 535 1428 597 LEGIBUS

375 680 563 759 actionem
576 682 773 781 perbreve
786 685 834 760 de
847 692 952 761 recto
965 695 1095 784 posset
1108 694 1313 784 postnatus
1327 712 1367 763 se
1381 686 1589 763 defendere
1603 712 1676 785 per
1688 687 1964 786 exceptionem,

373 799 515 877 scilicet
532 801 637 899 quod
654 810 858 878 antenatus
875 828 954 879 non
971 804 1093 902 possit
1111 829 1193 880 esse
1209 803 1322 880 simul
1339 804 1447 882 heres
1464 815 1503 881 et
1521 805 1709 882 dominus.

473 923 500 998 1
501 931 579 1000 tam
594 923 890 1024 propinquiores
905 925 1063 1002 taedeo
1079 949 1160 1004 ease
1175 936 1340 1025 possam
1354 926 1487 1025 plures
1502 927 1602 1004 aaut
1617 951 1730 1005 amca.

374 1045 487 1120 Iram
505 1045 798 1144 propinquiores
815 1046 972 1124 heredes
990 1073 1070 1124 esse
1087 1058 1250 1146 possunt
1269 1048 1399 1147 plures
1418 1048 1515 1126 sicut
1531 1074 1644 1138 unus,
1664 1059 1703 1126 et
1721 1048 1886 1148 quibus²²
1905 1050 1965 1126 ius

373 1162 568 1240 descendit
580 1164 689 1262 quasi
702 1163 769 1240 uni
779 1164 910 1242 heredi
922 1175 1084 1265 propter
1096 1165 1189 1243 iuris
1201 1167 1402 1255 unitatem,
1417 1167 1515 1243 sicut
1529 1177 1620 1244 sunt
1632 1167 1763 1266 plures
1775 1167 1863 1243 filiae
1875 1193 1964 1267 pro·

374 1281 568 1359 venientes
586 1281 636 1358 de
653 1283 787 1360 eodem
806 1292 918 1382 patre
937 1294 976 1361 et
994 1285 1128 1362 eadem
1146 1294 1270 1362 matre
1289 1312 1314 1361 a
1332 1285 1469 1385 quibus
1489 1286 1684 1364 descendit
1703 1285 1906 1376 hereditas,
1925 1295 1965 1364 et

373 1398 440 1475 ubi
456 1425 586 1477 omnes
603 1400 771 1478 simulet
787 1401 991 1480 insolidum
1007 1403 1164 1481 heredes
1181 1413 1284 1493 sunt,
1300 1429 1346 1480 eo
1362 1405 1466 1503 quod
1482 1405 1673 1482 masculus
1691 1430 1771 1481 non
1786 1414 1964 1504 apparet.

375 1518 434 1595 Et
458 1544 537 1595 non
561 1520 685 1596 refert
708 1530 841 1598 utrum
864 1523 1030 1599 eundem
1053 1521 1258 1600 habuerint
1283 1531 1435 1621 patrem
1462 1533 1501 1599 et
1527 1524 1688 1599 eandem
1713 1532 1878 1600 matrem
1904 1522 1965 1599 rel

373 1637 555 1726 diversos,
577 1638 707 1714 habita
727 1647 859 1716 tamen
880 1639 1122 1717 distinctione
1144 1641 1354 1717 secundum
1375 1640 1469 1740 quid
1490 1641 1718 1740 praedictum
1738 1651 1809 1730 eat,
1832 1652 1965 1718 utrum

374 1756 424 1832 sit
438 1756 628 1833 hereditas
642 1757 876 1833 descendens
890 1757 951 1833 vel
966 1757 1233 1857 perquisitum,
1250 1769 1289 1837 et
1304 1768 1438 1836 utrum
1454 1757 1628 1835 fuerint²⁸
1645 1759 1693 1836 de
1708 1785 1787 1836 uno
1804 1757 1965 1836 eodem⁸‘

327 1969 329 1973 v
373 1884 487 1973 patre
503 1884 542 1952 et
559 1874 693 1952 eadem
710 1885 834 1954 matre
851 1876 911 1952 rel
929 1876 1106 1954 diversis:
1124 1877 1253 1954 eterit
1270 1877 1460 1954 hereditas
1479 1877 1580 1954 inter
1597 1876 1682 1954 illas
1701 1877 1906 1954 dividenda
1926 1877 1966 1954 iu

372 1992 549 2069 omnibus
570 2017 654 2092 quae
675 1993 866 2092 recipiunt
887 1993 1110 2070 divisionem
1130 1996 1280 2072 ratione
1300 2020 1565 2093 personarum,
1587 2021 1661 2094 pro
1682 1996 1854 2073 virilibus
1875 2021 1964 2096 por·

372 2109 541 2188 tionibus
563 2109 657 2188 sed²⁸
677 2137 757 2188 non
776 2111 926 2188 ratione
945 2112 1012 2188 rei.
1036 2111 1216 2201 Qualiter
1237 2121 1368 2190 autem
1388 2113 1569 2212 homagia
1590 2114 1717 2191 iacere
1739 2114 1904 2192 debeant
1926 2125 1965 2193 et

373 2227 523 2326 quibus,
543 2237 582 2306 et
602 2230 769 2328 quando,
788 2239 828 2308 et
846 2230 984 2330 quibus
1004 2231 1211 2329 acepitare,
1231 2230 1337 2307 infra
1357 2231 1505 2308 dicetur
1525 2231 1677 2330 plenius
1698 2233 1746 2308 de
1765 2232 1964 2331 homagiis.

375 2347 478 2423 Item
495 2357 659 2445 possunt
676 2373 756 2425 esse
773 2348 930 2426 heredes
948 2349 1242 2448 propinquiores
1261 2347 1392 2448 plures
1410 2349 1451 2424 in
1467 2375 1547 2426 una
1563 2349 1787 2438 hereditate,
1806 2350 1966 2428 masculi

374 2466 473 2544 sicut
494 2467 657 2556 femina,
679 2467 746 2543 aed
765 2491 843 2542 non
862 2466 1011 2543 ratione
1031 2491 1286 2566 personarum
1307 2468 1375 2545 sed
1395 2467 1462 2555 rei,
1483 2478 1522 2546 et
1543 2494 1622 2544 non
1642 2467 1756 2546 simul
1777 2477 1816 2546 et
1838 2468 1965 2545 insoli·
2086 2541 2092 2549 .

374 2584 480 2675 dum,
494 2583 620 2661 sicut²⁸
635 2584 787 2661 feminae
801 2595 840 2662 et
854 2584 952 2662 sicut
964 2609 1065 2661 unua
1079 2584 1199 2674 heres,
1215 2586 1282 2662 sed
1297 2585 1396 2662 sicut
1410 2585 1566 2662 heredes
1582 2584 1741 2684 plures²⁷
1757 2586 1965 2686 participes

373 2713 413 2781 et
427 2703 526 2780 sicut
540 2712 693 2802 partem
707 2703 913 2802 capientes.
932 2702 1034 2780 Sunt
1049 2701 1179 2780 enim²⁸
1194 2702 1352 2780 heredes
1369 2712 1407 2781 et
1422 2702 1636 2792 coheredes,
1653 2703 1721 2781 et²⁹
1736 2703 1966 2781 coheredum

373 2822 531 2922 quidam
545 2821 664 2900 sunt⁸⁰
676 2821 886 2921 participes
899 2830 940 2899 et
954 2821 1112 2919 quidam
1125 2845 1215 2911 non,
1231 2821 1372 2899 scilicet
1386 2821 1533 2899 nullam
1548 2831 1702 2921 partem
1717 2847 1805 2898 cum
1818 2822 1965 2900 heredi·

373 2940 472 3018 bus⁸¹
488 2940 694 3039 capientes.
713 2941 817 3017 Item
833 2948 998 3039 possunt
1013 2965 1093 3017 esse
1110 2939 1241 3038 plures
1257 2940 1415 3016 heredes
1432 2939 1585 3016 feminae
1603 2949 1641 3018 et
1658 2940 1866 3040 participes
1882 2951 1966 3019 tarn

372 3062 522 3139 ratione
538 3087 792 3161 personarum
809 3086 926 3160 quam
943 3061 1009 3147 rei,
1026 3070 1073 3137 ut
1090 3061 1121 3136 si
1139 3060 1223 3159 quis
1241 3070 1372 3137 teneat
1389 3060 1616 3138 hereditarie
1634 3070 1779 3138 terram
1796 3061 1966 3160 aliquam

373 3207 458 3284 quae
470 3180 660 3282 partibilis
674 3181 736 3270 ait,
749 3188 790 3257 et
801 3181 932 3280 plures
945 3179 1122 3258 habuerit
1134 3177 1262 3256 filias⁸'
1275 3179 1444 3270 heredes,
1459 3190 1498 3257 et
1512 3181 1564 3257 sic
1578 3190 1693 3257 erunt
1707 3179 1794 3256 filia
1807 3180 1965 3258 heredes

373 3303 680 3403 propinquiores,
700 3301 791 3401 quia
812 3299 1020 3400 participes
1041 3310 1080 3378 et
1101 3325 1260 3399 capaces
1281 3299 1515 3378 hereditatis.
1538 3300 1692 3378 Poterit
1714 3299 1858 3377 etiam⁸⁸
1880 3302 1965 3400 quis

373 3422 512 3500 habere
530 3422 662 3522 plures
680 3421 779 3499 filias
797 3423 846 3499 de
864 3448 943 3499 una
960 3432 1085 3500 matre
1104 3431 1144 3499 et
1162 3421 1294 3520 plures
1312 3422 1360 3498 de
1380 3422 1467 3510 alia,
1487 3431 1526 3499 et
1545 3421 1577 3498 si
1597 3447 1728 3499 omnes
1748 3422 1825 3499 sint
1844 3422 1964 3520 parti·

373 3545 477 3644 cipes
504 3553 543 3621 et
569 3568 727 3642 capaces
754 3552 944 3642 quantum
969 3543 1020 3618 ad
1044 3541 1297 3618 hereditatem
1323 3550 1527 3641 paternam
1555 3541 1859 3630 descendentem,
1886 3567 1965 3618 non

373 3672 489 3741 erunt
501 3674 634 3741 tamen
647 3661 855 3763 participes
870 3671 910 3739 et
922 3687 1082 3760 capaces
1097 3671 1287 3761 quantum
1301 3663 1350 3738 ad
1365 3662 1620 3761 perquisitum
1636 3663 1770 3739 fratris
1784 3661 1846 3739 vel
1862 3687 1964 3738 soro-

374 3783 426 3861 ris
439 3784 506 3883 qui
519 3783 666 3860 fuerint
679 3783 727 3860 de
740 3784 875 3860 eadem
886 3791 1023 3860 matre.
1038 3781 1123 3858 Illae
1135 3808 1227 3859 vero
1242 3807 1325 3880 quae
1340 3781 1487 3859 fuerint
1502 3783 1550 3858 de
1564 3782 1698 3859 eadem
1710 3791 1836 3860 matre
1851 3793 1965 3859 erunt

372 3904 529 3982 heredes
546 3903 851 4004 propinquiores,
867 3902 1061 4001 particeps
1076 3912 1116 3979 et
1131 3926 1290 4000 capaces
1307 3903 1356 3978 de
1370 3901 1582 4000 perquisito
1598 3902 1731 3980 fratris
1746 3901 1809 3978 vel
1824 3903 1964 3979 sororis

373 4034 536 4125 propter
550 4023 789 4123 sanguinem.
803 4024 862 4101 Et
875 4022 930 4099 illi
944 4025 1009 4123 qui
1024 4033 1115 4100 sunt
1130 4024 1178 4099 de
1192 4023 1343 4100 diversa
1355 4031 1492 4112 matre,
1505 4022 1699 4101 masculus
1714 4022 1792 4099 sive
1807 4023 1964 4111 femina,

373 4146 583 4246 propinqui
603 4154 718 4222 enmt
735 4145 893 4222 heredes
913 4153 952 4222 et
971 4143 1076 4232 recti,
1097 4142 1196 4222 etin
1214 4143 1296 4220 vita
1314 4142 1477 4219 aliorum
1496 4141 1736 4241 numquam⁸⁴
1756 4143 1965 4242 participes

373 4291 444 4342 nec
456 4291 615 4366 capaces
627 4267 668 4342 in
680 4267 761 4342 vita
773 4265 922 4354 talium,
936 4266 1004 4341 sed
1017 4275 1107 4364 post
1119 4273 1294 4341 mortem.
1311 4264 1369 4340 Et
1383 4263 1614 4362 regulariter
1627 4289 1761 4340 verum
1774 4273 1845 4353 est,
1861 4265 1965 4363 quod

373 4413 504 4464 omnes
520 4388 576 4463 illi
592 4387 887 4485 propinquiores
905 4386 1087 4463 dicuntur
1103 4411 1183 4462 esse
1200 4385 1357 4462 heredes
1374 4385 1424 4461 ad
1442 4411 1536 4483 quos
1555 4384 1614 4460 ius
1632 4383 1882 4483 proprietatis
1900 4383 1964 4461 de·

374 4507 521 4584 scendit
544 4507 627 4583 iure
650 4507 891 4583 hereditario.
919 4506 963 4582 Si
986 4513 1117 4582 autem
1142 4505 1190 4582 de
1214 4505 1438 4581 necessitate
1464 4529 1535 4603 per
1560 4503 1851 4580 conventionem
1875 4501 1964 4580 vel⁸⁸

372 4626 634 4703 condicionem
651 4626 813 4703 tacitam
830 4625 892 4701 vel
910 4649 1145 4724 expressam,
1166 4624 1227 4700 vel
1247 4649 1320 4723 pro
1340 4624 1496 4701 defectu
1515 4623 1700 4700 heredum
1720 4625 1781 4700 rel
1802 4634 1966 4724 propter

374 4842 400 4878 ¹²
412 4843 552 4922 quilibet,
567 4844 636 4919 OB,
651 4843 719 4917 OC,
735 4842 817 4916 MB;
833 4840 970 4918 cuilibet,
985 4840 1030 4915 V;
1047 4861 1118 4919 qno,
1134 4841 1211 4903 MG.
1249 4838 1275 4875 ²⁸
1287 4840 1394 4916 inerit,
1410 4842 1450 4917 V,
1466 4840 1536 4915 OB,
1554 4840 1632 4917 MO,
1649 4839 1722 4901 CM.
1762 4838 1789 4874 '⁴
1799 4846 1832 4900 et
1848 4839 1966 4916 eodem,

373 4944 413 5020 V,
428 4945 496 5019 OC,
511 4944 588 5020 MA,
603 4944 680 5006 MG.
718 4943 839 5018 ²⁶licet,
854 4944 923 5017 OA,
939 4944 1006 5020 LA,
1021 4943 1088 5004 OC.
1125 4939 1191 4977 ²²²²²
1203 4944 1284 5003 sicut
1299 4941 1420 5002 femina
1436 4927 1491 5003 sed
1507 4945 1587 5003 sicut
1602 4940 1730 5004 heredes
1746 4941 1864 5020 plures,
1882 4942 1964 5014 MA;

373 5049 454 5106 aient
470 5043 542 5105 fem.
558 5065 637 5107 unus
653 5043 742 5107 heres
757 5047 837 5106 sieut
852 5043 916 5106 her.
934 5043 1027 5122 plur,
1043 5046 1107 5106 ΜΒ
1116 5067 1125 5118 3
1141 5047 1222 5105 siout
1238 5043 1310 5106 lem.
1327 5047 1417 5106 nnius
1434 5043 1522 5105 heres
1539 5047 1583 5104 aio
1599 5047 1680 5104 aient
1695 5043 1761 5104 her.
1778 5044 1873 5122 plur,
1889 5042 1963 5117 OB;

372 5149 437 5206 sint
450 5145 521 5205 fem.
534 5149 614 5208 aient
625 5145 714 5207 heres
726 5147 820 5225 plur,
833 5146 915 5218 ΜΕ,
929 5151 1008 5207 sicut
1020 5149 1053 5206 in
1066 5145 1188 5205 femina
1200 5151 1231 5205 et
1243 5150 1324 5206 sicut
1335 5166 1414 5206 unus
1427 5146 1516 5206 berea
1529 5146 1647 5225 plures,
1660 5146 1740 5218 cM;
1754 5149 1835 5207 sicut
1849 5145 1965 5206 femina

373 5249 592 5306 etaicutunus
607 5245 696 5308 berea
714 5245 831 5324 plures,
847 5246 914 5321 LA,
930 5247 1003 5308 MC.
1042 5245 1193 5323 ²⁸autem,
1209 5247 1249 5322 V,
1266 5245 1335 5320 OB,
1352 5246 1429 5322 MA,
1446 5247 1521 5308 ΜΒ.
1561 5245 1722 5325 '⁰¹³⁰quia,
1739 5247 1805 5308 LA.
1844 5245 1965 5323 ⁸⁰0m,

373 5345 442 5421 OA,
455 5345 523 5419 OE,
536 5346 576 5421 Y,
589 5346 662 5407 MC.
697 5344 724 5379 ⁸²
735 5345 946 5421 coheredibus,
958 5347 1028 5421 OA,
1042 5348 1109 5424 LA,
1122 5347 1188 5410 OC.
1224 5345 1400 5423 ⁸¹filiaaet,
1413 5349 1452 5425 V,
1466 5350 1533 5411 OC.
1569 5347 1596 5383 ⁸⁸
1607 5354 1699 5426 enim,
1713 5349 1783 5423 OB,
1796 5350 1874 5425 MA,
1888 5349 1964 5411 ΜΒ.

374 5441 400 5478 ⁸⁴
411 5463 576 5523 numquam
593 5453 693 5519 erunt,
710 5446 777 5523 LA,
794 5447 867 5508 MC.
905 5445 932 5481 ⁸⁶
944 5454 985 5522 et,
1000 5447 1040 5524 V,
1056 5447 1124 5524 OB,
1142 5448 1218 5525 MA,
1236 5449 1312 5526 ΜΒ,
1329 5450 1407 5526 MG,
1421 5451 1451 5511 Y
1472 5450 1568 5528 (corr.
1585 5451 1664 5528 rel).
