4432 6336
401 469 473 539 133
931 459 1154 522 sanctos:
1176 459 1237 521 nu
1260 459 1454 522 suemus

398 613 556 690 donatio
576 611 689 689 simul
708 611 769 689 vel
789 611 1008 700 successive,
1027 611 1068 688 in
1087 637 1132 687 eo
1152 614 1256 711 quod
1276 612 1452 711 superius
1471 611 1598 688 minus
1618 613 1764 690 dictim
1784 622 1854 690 est.
1876 613 1937 690 Ut
1958 613 1989 690 si

398 731 483 831 quis
498 731 626 830 primo
640 755 763 808 unum
778 731 1013 819 feoffaverit,
1029 740 1068 807 et
1084 740 1232 808 cartam
1248 731 1283 807 ei
1301 731 1436 808 fecerit
1452 731 1501 808 de
1517 731 1784 821 feoffamento,
1801 741 1841 808 et
1858 731 1988 809 homa·

398 849 507 948 giam
525 875 638 927 suum
655 850 813 948 ceperit,
831 859 871 926 et
889 849 930 926 in
948 849 1226 948 possessionem
1243 849 1451 938 induxerit,
1471 849 1550 927 sive
1569 849 1658 926 talis
1677 875 1769 926 usus
1789 851 1908 928 fuerit
1927 851 1988 927 vel

397 969 569 1068 expletis
585 968 729 1068 ceperit
747 968 825 1045 sive
842 992 933 1058 non,
951 969 982 1045 si
999 968 1063 1045 ille
1081 969 1182 1045 idem
1202 969 1389 1045 feoffator
1406 993 1495 1046 cum
1514 969 1564 1046 sit
1581 977 1697 1046 extra
1713 969 1989 1068 possessionem

397 1097 437 1164 et
449 1087 543 1164 nihil
555 1085 695 1164 habeat
708 1089 813 1187 quod
825 1087 987 1164 ulterius
1000 1087 1154 1164 tradere
1169 1087 1302 1186 possit,
1317 1087 1390 1164 nisi
1404 1096 1559 1165 tantum
1573 1087 1783 1176 servitium,
1797 1088 1859 1165 vel
1874 1089 1987 1164 servi·

397 1209 496 1285 tium
511 1218 551 1285 et
565 1208 799 1306 homagium,
816 1233 905 1283 cum
920 1207 1120 1284 voluntate
1134 1205 1301 1284 tenentis
1319 1206 1437 1283 alium
1454 1207 1676 1285 feoffaverit
1693 1208 1791 1284 sicut
1807 1207 1988 1307 primum,

398 1337 438 1404 et
459 1327 500 1402 in
521 1327 797 1426 possessionem
818 1325 1014 1402 induxerit
1036 1335 1075 1402 et
1097 1325 1267 1424 primum
1291 1325 1500 1402 feoffatum
1521 1325 1684 1414 eiecerit,
1708 1334 1871 1425 uterque
1894 1327 1989 1402 facit

398 1444 635 1522 disseisinam
659 1453 742 1521 tam
766 1446 931 1521 donator
955 1470 1073 1543 quam
1098 1444 1334 1520 donatarius.
1361 1443 1420 1520 Et
1446 1444 1580 1521 eodem
1605 1446 1721 1521 modo
1746 1445 1834 1522 licet
1860 1445 1990 1544 ipsum

397 1564 593 1665 primum⁸²
614 1589 693 1641 non
711 1562 930 1651 eiecerint,⁸²
949 1563 980 1640 si
1000 1564 1167 1640 secundo
1187 1563 1374 1640 feoffatus
1395 1563 1452 1639 uti
1472 1563 1638 1639 voluerit
1657 1573 1793 1640 contra
1812 1563 1988 1641 volunta·

396 1694 477 1762 tem
500 1683 627 1784 primi,
652 1683 731 1761 sive
754 1684 901 1760 arando
924 1682 1002 1760 sive
1026 1682 1249 1758 seminando
1272 1691 1312 1758 et
1336 1680 1441 1758 aliud
1465 1707 1564 1782 opus
1588 1682 1777 1760 faciendo.
1804 1683 1862 1761 Et
1886 1684 1988 1761 idem

397 1803 470 1879 erit
491 1803 522 1878 si
543 1801 669 1902 primo
690 1801 898 1878 feoffatum
918 1802 977 1878 uti
997 1826 1076 1876 non
1097 1799 1314 1900 permiserit
1335 1800 1631 1900 qualicumque·
1653 1801 1926 1899 impedimento
1949 1826 1989 1880 se

397 1922 594 1998 dominum
607 1947 688 1998 esse
699 1921 976 1998 contendendo.
992 1920 1096 1996 Item
1108 1945 1187 1995 non
1199 1920 1322 1996 refert
1333 1920 1395 1995 cui
1407 1919 1534 2020 primo
1548 1920 1654 1997 facta
1667 1921 1716 1997 sit
1731 1921 1887 1997 donatio
1901 1945 1989 1996 cum

397 2040 573 2117 omnibus
595 2064 679 2139 quae
701 2039 851 2116 faciunt
871 2039 1130 2127 donationem,
1152 2062 1222 2115 nec
1243 2040 1309 2137 qui
1331 2038 1457 2138 primo
1478 2065 1571 2115 usus
1594 2039 1714 2116 fuerit
1735 2039 1797 2115 vel
1819 2039 1989 2138 expletis

398 2160 555 2259 ceperit,
581 2159 647 2236 sed
672 2160 733 2234 cui
758 2157 885 2258 primo
910 2158 1016 2234 facta
1041 2157 1091 2234 sit
1116 2156 1285 2235 traditio.
1314 2157 1418 2234 Item
1443 2158 1566 2234 refert
1593 2157 1677 2255 quis
1703 2183 1837 2234 corum
1862 2157 1988 2257 primo

397 2278 574 2355 habuerit
594 2277 770 2355 seisinam
791 2277 838 2353 de
858 2277 1058 2353 voluntate
1080 2284 1119 2351 et
1140 2276 1370 2353 auctoritate
1391 2277 1535 2353 domini
1556 2301 1628 2375 per
1647 2277 1906 2365 traditionem,
1928 2276 1988 2353 vel

397 2423 438 2474 se
453 2395 625 2496 posuerit
638 2395 722 2495 quis
737 2421 870 2471 eorum
883 2396 924 2471 in
940 2393 1117 2471 seisinam
1130 2395 1290 2494 propria
1305 2395 1545 2483 auctoritate,
1559 2404 1599 2472 et
1615 2420 1691 2493 quo
1707 2420 1797 2471 casu
1813 2395 1876 2472 ille
1893 2419 1988 2494 pra-

398 2517 526 2593 fertur
544 2516 608 2614 qui
627 2514 895 2592 auctoritatem
911 2512 1027 2591 habet
1045 2523 1084 2590 et
1100 2513 1359 2590 traditionem.
1381 2514 1485 2589 Item
1502 2512 1613 2591 esto⁸⁴
1631 2512 1762 2612 quod⁸⁸
1780 2514 1865 2612 quis
1883 2522 1988 2590 tene·

396 2643 570 2712 mentum
586 2634 698 2710 alicui
712 2632 838 2733 primo
852 2631 1056 2710 tradiderit
1071 2633 1120 2709 ad
1134 2633 1288 2709 firmam
1303 2643 1341 2710 et
1355 2632 1564 2709 terminum
1580 2658 1781 2722 annorum,
1798 2643 1837 2710 et
1853 2642 1989 2732 postea

397 2753 516 2829 alium
549 2755 597 2830 de
629 2753 763 2829 eodem
796 2750 1043 2828 tenemento⁸⁸
1078 2751 1311 2838 feoffaverit,
1345 2751 1521 2828 omnibus
1556 2751 1870 2828 concurrentibus
1905 2775 1989 2851 quae

397 2871 548 2949 faciunt
564 2871 821 2961 donationem,
839 2881 878 2947 et
895 2880 1031 2969 postea
1046 2869 1156 2946 ilium
1172 2870 1213 2946 in
1230 2869 1407 2946 seisinam
1424 2870 1631 2959 induxerit,
1649 2871 1762 2946 firma
1779 2872 1852 2947 erit
1869 2872 1987 2947 dona·

396 2989 452 3067 tio
469 3001 508 3068 et
527 2989 629 3066 bona
648 2990 730 3068 sine
748 2989 906 3066 alicuius
926 2988 1157 3088 praeiudicio,
1177 2988 1271 3064 dum
1289 2999 1420 3065 tamen
1439 2989 1653 3065 firmarium
1672 2989 1730 3065 uti
1750 2998 1789 3066 et
1809 2989 1890 3065 frui
1908 3015 1989 3066 non

396 3111 594 3210 impediat,
611 3110 701 3209 quia
717 3109 813 3185 bene
830 3133 910 3185 sese
926 3109 1216 3207 compatirmtur
1232 3109 1280 3184 de
1296 3108 1430 3184 eadem
1447 3134 1489 3184 re
1506 3109 1592 3186 duae
1609 3107 1876 3208 possessiones,
1895 3110 1988 3184 dum

396 3237 528 3306 tamen
549 3254 597 3303 ex
617 3226 775 3303 diversis
797 3227 932 3314 causis,
954 3226 1052 3304 sicut
1072 3226 1230 3303 traditio
1253 3227 1304 3302 ad
1324 3226 1477 3302 firmam
1500 3235 1539 3302 et
1558 3226 1718 3303 traditio
1738 3227 1780 3302 in
1802 3227 1917 3302 feodo
1939 3252 1988 3302 ex

397 3372 513 3423 causa
531 3345 759 3435 donationis,
778 3345 868 3444 quia
885 3346 1132 3421 ususfructus
1151 3371 1222 3443 per
1240 3370 1280 3421 se
1300 3354 1402 3421 stare
1422 3355 1551 3443 potest
1570 3347 1611 3421 in
1630 3371 1796 3445 persona
1815 3346 1928 3422 unius
1947 3356 1988 3422 et

397 3472 660 3541 tenementum
673 3489 796 3562 perse
809 3463 848 3538 in
861 3489 1026 3563 persona
1040 3462 1208 3551 alterius,
1224 3473 1262 3540 et
1275 3464 1339 3540 ille
1352 3464 1417 3562 qui
1430 3464 1546 3540 habet
1559 3464 1768 3540 terminum
1780 3489 1859 3541 non
1873 3465 1988 3541 habet

397 3583 469 3658 nisi
482 3591 637 3660 tantum
651 3584 709 3659 ius
722 3581 857 3658 utendi
872 3582 1028 3658 fruendi
1041 3583 1082 3657 in
1096 3583 1219 3658 alieno
1233 3590 1464 3671 tenement0,
1481 3593 1520 3659 et
1536 3582 1588 3658 sic
1603 3609 1683 3660 sese
1697 3584 1988 3682 compatiuntur

396 3701 478 3778 istae
501 3701 586 3777 duae
607 3699 873 3788 traditiones,⁸'
898 3701 948 3775 ad
970 3701 1178 3777 terminum
1201 3702 1302 3777 etin
1326 3701 1453 3790 feodo,
1477 3711 1516 3778 et
1539 3726 1627 3777 cum
1650 3703 1816 3778 donator
1838 3703 1894 3779 ita
1916 3728 1987 3801 per

396 3821 643 3899 traditionem
668 3818 823 3896 desierit
848 3819 1054 3918 possidere,
1081 3827 1120 3894 et
1145 3819 1359 3895 firmarium
1384 3827 1521 3919 postea
1545 3821 1593 3896 de
1619 3821 1725 3896 facto
1752 3821 1985 3908 feoffaverit,

396 3939 589 4016 firmarius
606 3965 677 4037 per
694 3937 772 4014 tale
790 3936 1098 4026 feoffamentum,
1116 3937 1205 4013 licet
1222 3944 1357 4013 utatur
1375 3937 1441 4014 et⁸⁸
1460 3938 1618 4014 fruatur
1635 3947 1674 4016 et
1692 3939 1732 4014 in
1751 3935 1987 4038 possessione

397 4058 457 4148 sit,
473 4055 631 4134 tamen⁸⁹
648 4056 813 4132 donator
829 4081 984 4132 causam
1001 4081 1109 4133 suam
1127 4055 1346 4155 possidendi
1363 4081 1412 4133 ex
1428 4057 1498 4134 tali
1516 4057 1722 4135 donatione
1740 4067 1890 4134 mutare
1908 4083 1986 4134 non

393 4177 533 4278 potuit,
547 4177 688 4253 sedicet
699 4176 908 4252 terminum
920 4175 959 4251 in
972 4174 1141 4250 feodum.
1156 4175 1214 4251 Et
1225 4176 1329 4251 unde
1341 4175 1372 4252 si
1385 4175 1577 4252 firmarius
1590 4201 1638 4252 cx
1650 4175 1720 4253 tali
1734 4177 1987 4253 feoffamento

397 4321 436 4372 se
461 4303 574 4394 gerat
598 4306 643 4372 ut
667 4294 844 4371 dominus
871 4293 965 4369 facit
991 4293 1227 4370 disseisinam
1252 4293 1378 4390 primo
1404 4293 1581 4383 feoffato,
1608 4303 1647 4369 et
1674 4295 1705 4371 si
1731 4321 1802 4394 per
1827 4294 1987 4371 assisam

395 4414 576 4502 amiserit,
592 4413 735 4490 amittit
749 4421 957 4511 utrumque
971 4411 1179 4488 terminum
1194 4421 1233 4488 et
1248 4420 1522 4501 tenementum,
1540 4412 1629 4510 quia
1643 4414 1813 4510 gerendo
1829 4439 1869 4490 se
1886 4414 1986 4489 feof·

397 4533 525 4608 fatum
546 4531 700 4607 videtur
721 4530 836 4607 tacite
857 4531 1022 4607 termino
1044 4530 1276 4607 renuntiare.
1300 4530 1359 4605 Et
1380 4532 1485 4629 quod
1506 4530 1647 4608 dicitur
1670 4532 1717 4608 de
1741 4532 1890 4609 duobus
1913 4532 1986 4608 dici
2122 4567 2128 4574 ·

396 4649 425 4725 f.
441 4649 509 4741 45]
565 4647 710 4748 poterit
734 4649 782 4724 de
805 4647 982 4748 pluribus
1005 4649 1071 4746 qui
1096 4649 1303 4725 successive
1327 4648 1474 4727 fuerint
1499 4649 1664 4726 feoffati.
1690 4651 1830 4727 Plures
1855 4660 1986 4728 tamen

395 4774 559 4866 possunt
575 4766 687 4844 simul
703 4775 741 4843 et
757 4767 873 4844 semel
889 4766 1045 4842 feoffari
1060 4767 1109 4843 de
1126 4767 1259 4844 eodem
1275 4776 1506 4858 tenemento,
1524 4777 1562 4845 et
1579 4768 1754 4845 omnibus
1772 4769 1884 4846 simul
1902 4769 1986 4845 fieri

395 4885 539 4985 poterit
561 4885 731 4976 traditio,
753 4893 792 4963 et
814 4886 886 4963 erit
909 4911 989 4962 una
1009 4886 1166 4962 donatio
1189 4896 1228 4963 et
1250 4911 1329 4962 una
1350 4887 1518 4964 traditio.
1545 4888 1652 4979 <Et
1675 4887 1767 4986 quid
1790 4887 1822 4964 si
1845 4887 1984 4988 primo²

395 5087 514 5164 ⁸²Om.,
534 5085 603 5164 OA,
624 5088 691 5162 LA,
712 5085 780 5163 OC,
801 5087 879 5162 MG,
899 5087 973 5148 CM.
1016 5084 1043 5119 ⁸²
1055 5090 1190 5160 eiecerit,
1211 5087 1251 5164 V,
1273 5087 1339 5163 LA,
1362 5087 1435 5148 MC.
1479 5086 1505 5121 ⁸⁸
1517 5087 1787 5168 qualitercumque,
1810 5091 1888 5167 MG,
1912 5092 1985 5152 CM.

396 5187 611 5265 ⁸⁴0m.,MB,
636 5187 692 5266 (4-
706 5188 801 5266 ΜΑ).
844 5185 910 5221 ⁸⁸⁸⁸⁸
922 5188 1003 5262 Om.,
1024 5188 1092 5249 OB.
1135 5185 1254 5264 ⁸⁶0m,
1276 5189 1353 5262 MG,
1375 5190 1447 5250 CM.
1490 5187 1609 5266 ⁸⁷0m,
1632 5190 1700 5266 OB,
1723 5192 1799 5267 MA,
1822 5194 1897 5270 ΜΒ,
1919 5193 1984 5254 CE.

396 5287 422 5324 ⁸⁸
433 5290 514 5364 Om,
527 5290 597 5365 OB,
612 5290 687 5365 MA,
702 5289 777 5350 MB.
814 5287 841 5323 ⁸⁹
851 5309 930 5366 cum,
945 5289 1023 5365 MG,
1037 5289 1111 5351 CM.

478 5389 585 5469 ²post,
601 5389 678 5464 MG,
695 5390 768 5452 CM.
1063 5411 1066 5418 ¹
