4432 6340
638 441 699 501 DE
722 440 1026 514 ADQUIRENDO
1049 441 1207 504 RERUM
1230 442 1432 504 DOMINIO
1762 454 1833 522 199

343 592 409 669 De
433 591 609 690 personia
634 616 766 669 eorum
793 592 860 692 qui
884 592 968 671 aliis
992 593 1193 671 succedere
1219 593 1360 671 debent
1388 603 1427 672 et
1454 593 1503 670 de
1528 593 1661 672 ordine
1688 619 1833 672 πιεσθε-

342 734 504 787 nonum

243 829 385 904 Faces
403 829 597 906 mentione
616 830 663 907 de
682 829 866 928 gradibus
887 829 1030 906 bonum
1049 839 1107 907 est
1127 830 1256 907 videre
1276 831 1324 906 de
1343 831 1516 928 personis
1538 832 1833 922 succedentium,

242 957 281 1025 et
300 947 425 1045 quiin
444 948 678 1025 successione
697 948 780 1025 aliis
799 950 1074 1048 praeferuntur,
1095 975 1118 1024 a
1138 949 1263 1048 primo
1283 950 1408 1048 gradu
1429 976 1550 1048 usque
1571 951 1621 1026 ad
1640 950 1831 1028 ultimum.

243 1070 295 1145 In
307 1067 434 1168 primo
446 1094 537 1145 vero
549 1068 674 1166 gradu
689 1067 823 1144 sedent
836 1076 949 1165 pater
961 1077 1001 1144 et
1014 1077 1138 1144 mater
1150 1068 1216 1166 qui
1230 1068 1380 1145 faciunt
1394 1068 1564 1166 stipitem
1580 1093 1831 1147 communem.

243 1188 295 1263 In
311 1186 477 1263 secundo
493 1211 583 1263 vero
599 1186 726 1285 gradu
742 1186 782 1262 in
798 1185 899 1262 linea
916 1186 1169 1262 descendente
1186 1194 1277 1261 sunt
1293 1185 1423 1263 filius²²
1440 1196 1479 1263 et
1496 1186 1616 1262 filia.²⁸
1636 1188 1688 1264 In
1704 1189 1832 1278 tertio,

241 1330 362 1403 nepos
379 1305 575 1404 atneptis,
593 1314 633 1381 et
650 1305 703 1381 sic
721 1303 898 1402 deinceps
915 1304 956 1378 in
974 1303 1180 1392 infinitum,
1200 1305 1410 1381 secundum
1427 1306 1531 1404 quod
1549 1307 1832 1405 supradictum

241 1434 300 1501 cst
314 1424 355 1500 in
369 1432 493 1523 parte,
508 1433 548 1500 et
561 1423 628 1500 ubi
643 1448 773 1500 omnes
789 1422 1084 1522 propinquiores
1100 1422 1366 1500 remotioribus
1382 1424 1656 1522 praeferuntur.
1675 1427 1734 1503 Et
1748 1426 1832 1504 istis

242 1542 397 1619 omnino
424 1541 699 1630 deficientibus,
726 1550 821 1616 tunc
848 1540 890 1616 in
918 1542 1083 1617 secundo
1113 1541 1239 1638 gradu
1268 1542 1308 1616 in
1335 1541 1437 1618 linea
1464 1544 1710 1621 transversali
1740 1555 1831 1622 sunt

241 1663 366 1738 frater
384 1661 506 1760 patris
526 1659 613 1737 vel²⁴
632 1660 767 1736 matris
787 1668 826 1736 et
846 1684 965 1748 soror,
986 1669 1024 1736 et
1044 1658 1204 1736 eorum²⁸
1225 1659 1381 1736 heredes
1402 1661 1443 1736 in
1462 1661 1657 1739 infinitum
1678 1663 1831 1740 descen·

241 1781 386 1857 dentes.
411 1781 515 1857 Item
538 1779 578 1855 in
599 1777 702 1855 linea
724 1787 829 1854 recta
853 1779 1092 1868 ascendente,
1116 1804 1210 1855 avus
1235 1778 1301 1854 et²⁰
1325 1804 1505 1877 proavus,
1530 1790 1569 1857 et
1593 1781 1645 1857 sic
1670 1781 1831 1858 ulterius

240 1899 451 1975 secundum
469 1898 573 1997 quod
592 1897 819 1996 praedictum
838 1906 908 1985 est,
928 1906 968 1972 et
987 1921 1120 1973 eorum
1139 1895 1296 1973 heredes
1317 1923 1340 1972 a
1359 1896 1480 1974 latere
1501 1900 1769 1995 provenientes
1790 1900 1832 1975 in

241 2016 271 2092 s.
286 2016 380 2110 68b]
436 2016 642 2105 infinitum,
659 2025 705 2093 ut
723 2040 842 2113 supra
860 2015 1006 2092 dictum
1022 2023 1092 2091 est.
1113 2016 1216 2090 Item
1235 2016 1359 2092 frater
1376 2016 1499 2113 patris
1517 2026 1556 2093 et
1573 2042 1681 2093 soror
1699 2019 1830 2094 dicim·

240 2144 306 2211 tur
324 2145 488 2234 patruus
508 2144 547 2211 et
566 2135 695 2221 amita,
716 2142 755 2211 et
774 2133 806 2210 si
824 2160 873 2211 ex
892 2134 1012 2210 amita
1030 2134 1215 2232 procedat
1235 2133 1338 2210 filius
1357 2133 1418 2210 vel
1439 2134 1530 2224 filia,
1552 2135 1625 2211 dici
1645 2146 1831 2235 poterunt

241 2262 430 2353 quantum
449 2253 500 2328 ad
518 2262 700 2351 nepotem
718 2252 899 2352 proprior
919 2252 1097 2328 amitivus
1118 2261 1157 2328 et
1176 2252 1358 2350 proprior
1377 2252 1545 2341 amitiva,
1566 2263 1605 2330 et
1626 2255 1678 2330 sic
1699 2280 1831 2331 eorum

240 2373 309 2449 filii
325 2381 365 2451 et
382 2373 480 2461 filiae,
498 2397 620 2471 nepos
637 2382 676 2449 et
693 2370 833 2470 neptis,
852 2381 890 2448 et
908 2371 1068 2448 ulterius
1087 2369 1350 2447 descendendo
1369 2371 1410 2446 in
1428 2371 1633 2448 infinitum.
1655 2372 1721 2448 Illi
1740 2399 1831 2449 vero

241 2493 307 2591 qui
321 2517 370 2568 ex
385 2500 527 2590 patruo
543 2491 769 2589 procedunt,
784 2489 886 2566 filius
902 2491 964 2566 vel
978 2489 1070 2578 filia,
1086 2490 1281 2588 patrueles
1297 2500 1585 2587 nuncupantur,
1603 2500 1641 2567 et
1657 2491 1710 2567 sic
1726 2492 1831 2567 dein-

240 2635 330 2708 ceps
347 2635 481 2687 eorum
498 2609 601 2685 filius
618 2616 658 2685 ct
675 2609 756 2684 filia
772 2608 812 2683 in
830 2607 1025 2685 infinitum
1043 2607 1318 2684 descendendo.
1341 2609 1444 2685 Item
1463 2609 1503 2683 in
1521 2609 1622 2685 linea
1642 2619 1746 2686 recta
1766 2611 1830 2686 de·

241 2728 445 2805 scendente
464 2726 529 2804 et²⁷
550 2726 808 2815 transversadi,
829 2751 877 2802 ex
896 2735 1009 2825 parte
1028 2725 1115 2800 filiae
1134 2726 1304 2814 alicuius,
1325 2751 1432 2802 soror
1452 2727 1540 2801 filiae
1559 2728 1618 2804 vel
1639 2729 1764 2804 frater
1784 2729 1832 2804 de

236 2871 316 2922 uno
329 2846 462 2923 eodem
474 2855 588 2946 patre
599 2855 639 2922 et
650 2846 801 2922 diversa
812 2855 947 2934 matre,
960 2844 1187 2921 consobrina
1200 2844 1273 2921 dici
1286 2843 1441 2943 poterit,
1451 2853 1490 2920 et
1500 2845 1625 2920 frater
1633 2871 1681 2921 ex
1689 2845 1831 2923 talibus

241 2953 501 3054 consdbrinus,
518 2974 558 3043 et
574 2962 738 3041 horum²⁸
755 2964 857 3040 filius
874 2974 913 3040 et
930 2964 1022 3053 filia,
1039 2989 1160 3062 nepos
1177 2973 1216 3041 et
1233 2962 1372 3062 neptis,
1392 2973 1430 3040 et
1448 2963 1501 3040 sic
1517 2963 1707 3063 deinceps
1728 2966 1833 3042 Item

241 3111 350 3161 soror
361 3083 449 3160 filiae
463 3084 523 3160 vel
538 3085 662 3160 frater
675 3083 723 3160 de
738 3108 816 3158 una
829 3092 869 3159 et
884 3083 1017 3159 eadem
1031 3093 1155 3159 matre
1170 3083 1237 3158 sed
1253 3083 1402 3158 diverso
1417 3092 1541 3180 patre,
1557 3108 1664 3158 soror
1678 3083 1832 3159 uterina

241 3213 280 3280 et
295 3205 420 3280 frater
434 3202 608 3279 uterinus
624 3202 696 3278 dici
713 3200 897 3300 poterit,²⁹
912 3208 951 3277 et
967 3202 1020 3277 sic
1036 3226 1168 3276 eorum
1184 3200 1285 3277 filius
1301 3210 1340 3277 et
1356 3200 1448 3288 filia,
1465 3210 1503 3277 et
1521 3202 1573 3278 sic
1590 3201 1768 3301 deinceps
1786 3208 1832 3278 ut

241 3348 370 3421 supra.
389 3322 492 3398 Item
508 3347 616 3399 soror
631 3322 754 3420 patris
770 3320 911 3397 dicitur
926 3320 1055 3407 amita,
1073 3329 1112 3396 et
1129 3345 1237 3396 soror
1252 3318 1387 3396 matris
1404 3328 1623 3408 matertera,
1642 3329 1681 3396 et
1698 3345 1831 3395 eorum

241 3443 344 3518 filius
365 3451 405 3518 et
425 3441 517 3530 filia,
539 3450 578 3518 et
600 3439 652 3516 sic
673 3441 714 3515 in
735 3438 941 3514 infinitum.
964 3439 1024 3514 Et
1044 3438 1126 3514 istis
1148 3436 1323 3514 omnibus
1347 3437 1621 3525 deficientibus,
1645 3438 1695 3513 ad
1719 3463 1830 3537 supe·

241 3561 360 3637 riores
383 3560 451 3635 fiet
474 3559 688 3646 descensus,
712 3559 810 3634 sicut
835 3557 885 3632 ad
909 3558 1072 3633 fratrem
1098 3557 1158 3632 avi
1182 3556 1243 3630 vel
1269 3555 1361 3630 aviae
1385 3556 1447 3632 vel
1472 3581 1640 3632 sororem
1665 3557 1706 3632 in
1729 3556 1831 3633 linea

239 3678 498 3766 transversali,
514 3677 611 3755 sicut
626 3676 676 3752 ad
690 3685 876 3774 patruum
889 3700 1076 3772 magnum
1090 3673 1177 3750 vel⁸⁰
1194 3673 1352 3750 amitam
1366 3699 1561 3771 magnam,
1577 3684 1616 3751 et
1633 3675 1682 3750 ad
1698 3700 1831 3751 eorum

240 3796 397 3874 heredes
414 3795 538 3872 filium
554 3805 594 3872 et
611 3795 742 3883 filiam,
761 3803 799 3870 et
818 3792 870 3869 sic
888 3793 1078 3890 deinceps.
1098 3793 1157 3868 Et
1175 3792 1249 3868 illis
1268 3791 1423 3869 omnino
1443 3792 1717 3881 deficientibus,
1737 3803 1831 3870 tunc

241 3919 291 3995 ad
306 3919 469 3994 fratrem
484 3914 620 4014 proavi
634 3939 683 3990 ex
697 3921 810 4011 parte
824 3910 947 4010 patris
963 3911 1029 4010 qui
1044 3909 1184 3986 dicitur
1199 3908 1464 4008 propatruus³¹
1478 3936 1656 4008 magnus,
1672 3913 1734 3987 vel
1749 3912 1829 3989 eius

241 4061 410 4114 sororem
428 4059 511 4132 quae
529 4032 669 4108 dicitur
687 4030 879 4130 proamita
896 4053 1050 4126 magna,
1071 4037 1109 4105 et
1129 4027 1181 4104 sic
1200 4027 1379 4125 deinceps
1399 4029 1448 4104 ad
1467 4027 1566 4106 filios
1586 4037 1625 4105 et
1645 4029 1771 4105 filias⁸²
1791 4039 1830 4106 et

240 4152 400 4230 eorum⁸⁸
421 4159 581 4250 nepotes
602 4160 641 4228 et
662 4159 809 4247 neptes.
833 4147 917 4224 Illis
940 4155 1070 4223 autern
1091 4145 1353 4222 deficientibus
1375 4171 1424 4222 ex
1445 4155 1557 4244 parte
1579 4148 1714 4245 patris,
1735 4157 1830 4224 tunc

239 4270 454 4348 vocantur*
477 4271 620 4346 fratres
644 4265 754 4344 abavi
777 4265 866 4341 vel⁸⁸
890 4264 1043 4354 abaviae,
1069 4266 1133 4363 qui
1158 4264 1340 4341 dicuntur
1363 4263 1576 4364 abpatruus
1599 4291 1765 4364 magnus
1790 4277 1829 4344 et

239 4390 409 4467 abamita
430 4414 585 4487 magna,
610 4397 649 4464 et
672 4411 805 4463 eorum
828 4384 985 4461 heredes
1008 4384 1048 4459 in
1072 4383 1278 4459 infinitum.
1304 4383 1362 4460 Et
1386 4383 1468 4460 istis
1492 4383 1755 4461 deficientibus
1780 4411 1829 4462 ex

239 4517 351 4608 parte
378 4508 512 4607 patris,
539 4508 663 4583 frater
689 4504 793 4581 atavi
818 4512 859 4579 et
885 4502 1031 4589 ataviae,
1059 4503 1124 4601 qui
1152 4502 1334 4578 dicuntur
1360 4511 1567 4600 abpatruus
1595 4527 1760 4600 magnus
1787 4511 1828 4577 et

239 4628 568 4724 atamitamagna,
583 4635 769 4702 eteorum
783 4622 939 4698 heredes
955 4621 995 4696 in
1010 4620 1215 4697 infinitum.
1232 4619 1384 4709 Quibus
1401 4620 1674 4710 deficientibus,
1691 4647 1828 4698 vocan-

238 4756 304 4823 tur
322 4771 370 4821 ex
387 4753 501 4844 parte
518 4743 641 4842 patris
659 4743 784 4818 frater
801 4750 841 4818 et
859 4763 967 4815 soror
985 4737 1145 4814 tritavi⁸⁶
1165 4736 1230 4814 et⁸²
1251 4736 1454 4825 tritaviae,⁸⁸
1473 4739 1539 4838 qui
1559 4738 1742 4816 dicrmtur
1758 4739 1828 4815 tri-

238 4913 421 4975 ²²·”fih'iet
433 4911 515 4986 filie,
529 4911 596 4987 LA,
611 4910 685 4972 MC.
721 4907 802 4984 ²⁴et,
816 4909 855 4983 V,
871 4907 948 4982 MG,
963 4907 1004 4981 Y,
1019 4906 1092 4966 CM.
1131 4901 1398 4980 ²⁶0m.,MG,Y.
1437 4902 1463 4938 ²⁸
1475 4905 1556 4982 Om.,
1572 4906 1640 4980 OB,
1658 4907 1734 4981 MA,
1751 4908 1827 4982 ΜΒ,

238 5015 306 5090 CE,
322 5016 397 5089 CM,
414 5014 492 5089 MG,
508 5014 547 5074 Y.
586 5009 683 5087 ²²rel,
700 5010 739 5085 V,
756 5009 825 5082 OB,
843 5008 920 5082 MA,
937 5007 1012 5068 ΜΒ.
1052 5005 1204 5082 ²⁸eorum,
1221 5007 1288 5081 LA,
1307 5005 1380 5067 MC.
1419 5004 1615 5085 ”poterunt
1634 5007 1673 5083 V,
1691 5009 1769 5084 MO,
1787 5009 1828 5083 Y,

239 5117 315 5192 MA,
330 5116 410 5188 cM;
424 5117 572 5193 poterint,
587 5112 655 5174 OB.
692 5108 719 5146 ³⁰
730 5118 772 5186 et,
786 5108 855 5186 OA,
870 5110 937 5184 LA,
951 5109 1018 5184 OC,
1033 5107 1106 5169 Mc,
1144 5106 1170 5142 ⁸²
1181 5115 1342 5185 paternus,
1357 5109 1433 5182 MA,
1449 5110 1525 5185 ΜΒ,
1540 5110 1598 5172 ΟΒ
1619 5109 1826 5190 (paterinus).

238 5215 304 5252 ”²⁸⁸
315 5215 396 5278 filias
409 5221 557 5294 ipsorum,
572 5212 647 5286 MC,
661 5212 730 5286 OA,
744 5211 811 5286 LA,
827 5209 899 5284 CE;
913 5207 994 5272 filias
1009 5230 1123 5283 eorum,
1137 5208 1178 5284 V,
1192 5208 1261 5283 OB,
1276 5211 1353 5287 ΜΒ,
1369 5211 1447 5286 Mu,
1462 5212 1507 5284 Y;
1523 5211 1604 5275 filias
1619 5233 1735 5288 earnm,
1751 5214 1826 5274 MA.

236 5317 431 5391 “recentum
445 5317 485 5392 V,
500 5314 569 5389 OB,
585 5313 661 5386 MA,
676 5312 751 5374 ΜΒ.
788 5309 815 5345 ⁸⁸
826 5318 869 5387 et,
883 5311 923 5387 V,
938 5311 1007 5387 OB,
1024 5312 1100 5386 MA,
1115 5311 1190 5372 ΜΒ.
1229 5308 1294 5344 ⁸⁸⁴⁸
1306 5315 1399 5373 trieri
1415 5320 1447 5374 et
1463 5317 1592 5391 triavia,
1609 5315 1648 5392 V,
1664 5315 1734 5389 OB,
1751 5317 1828 5392 MA,

236 5419 313 5481 ΜΒ.
351 5415 417 5452 ’Μ’
428 5417 509 5493 Om.,
524 5415 594 5491 OA,
610 5413 677 5490 LA,
692 5413 758 5476 OC.
