4392 6352
361 526 436 594 840
893 516 1116 579 BRACTON:
1138 516 1200 577 DE
1224 515 1416 578 LEGIBUS

361 667 618 768 privilegium.
650 666 715 742 De
747 667 884 744 balena
913 692 1005 743 vero
1037 665 1174 744 sufficit
1207 667 1417 743 secundum
1450 667 1637 764 quosdam
1670 666 1701 742 si
1734 692 1802 743 rex
1836 665 1952 744 inde⁸‘

361 783 564 863 habuerit⁸⁷
584 794 702 884 caput
721 794 760 862 et
778 785 913 884 regina
930 786 1104 862 caudam.

462 908 526 985 De
540 905 667 983 muas
679 905 790 1004 reperi
801 905 939 982 iuratis
950 905 983 982 a·
996 929 1076 980 ooo
1090 902 1351 981 observentur.

362 1025 445 1100 Esr
460 1025 561 1102 enim
574 1024 704 1122 gravis
717 1024 968 1123 praesumptio
983 1032 1117 1100 contra
1132 1048 1264 1121 regem
1278 1031 1318 1099 et
1332 1047 1513 1099 coronam
1528 1031 1567 1098 et
1584 1021 1814 1120 dignitatem
1830 1047 1950 1110 suam,

361 1155 406 1223 ut
423 1145 454 1221 si
471 1143 596 1221 assisae
613 1139 768 1220 statuta
784 1152 823 1219 et
840 1143 974 1219 iuratae
991 1141 1031 1218 in
1048 1167 1169 1240 regno
1187 1167 1256 1218 suo
1273 1141 1323 1217 ad
1341 1165 1582 1218 communem
1599 1143 1710 1238 regni
1730 1141 1788 1216 sui
1805 1140 1950 1218 utilita-

240 1335 242 1340 ,
360 1271 440 1340 tem
463 1257 541 1339 non
565 1261 712 1338 fuerint
734 1261 954 1349 observata,
978 1261 1188 1337 secundum
1211 1261 1315 1359 quod
1339 1261 1514 1358 superius
1537 1259 1658 1335 videri
1682 1260 1826 1358 poterit
1850 1261 1952 1337 inter

360 1383 533 1484 capitula
551 1382 784 1482 supradicta.
805 1381 864 1457 Et
883 1380 986 1456 unde
1005 1379 1353 1476 transgressoribus
1374 1379 1604 1476 quandoque
1624 1378 1814 1475 infligitur
1834 1402 1952 1477 poena

359 1501 581 1601 corporalis,
599 1500 740 1578 scilicet
756 1498 941 1599 pilloralis
959 1498 1020 1574 vel
1036 1497 1298 1597 twymboralis
1315 1522 1403 1573 cum
1421 1496 1593 1586 infamia,
1612 1498 1822 1573 secundum
1841 1497 1951 1594 regni

361 1628 520 1708 statuta,
548 1627 587 1694 et
613 1619 842 1716 quandoque
868 1641 985 1716 poena
1011 1616 1244 1715 pecuniaria,
1271 1625 1310 1693 et
1338 1615 1568 1714 quandoque
1595 1615 1693 1690 ville
1720 1613 1950 1701 abiurati0,⁸⁸

360 1738 569 1815 secundum
589 1736 850 1813 diversitatem
869 1734 1106 1812 delictorum.

459 2007 524 2084 De
540 2006 696 2084 minine
711 2005 902 2084 homicidii
917 2014 955 2081 et
972 2005 1137 2105 qualiter
1152 2005 1348 2082 dividitur.

358 2125 442 2200 Esr
459 2125 573 2202 etiam
593 2124 694 2200 inter
712 2124 788 2200 alia
805 2124 965 2200 crimina
983 2124 1127 2200 crimen
1145 2121 1338 2223 capitale⁸⁹
1358 2123 1460 2221 quod
1480 2124 1520 2198 in
1540 2129 1653 2222 parte
1672 2122 1801 2221 tangit
1820 2122 1948 2220 ipsum

358 2270 501 2342 regem,
517 2244 624 2320 cuius
639 2268 719 2343 pax
734 2243 974 2340 infringitur,
990 2253 1028 2320 et
1045 2244 1085 2318 in
1102 2251 1213 2339 parte
1229 2242 1423 2342 privatam
1438 2266 1655 2341 personam,
1672 2265 1756 2338 quae
1772 2241 1949 2339 nequiter

357 2369 397 2438 et
419 2371 555 2438 contra
577 2386 713 2460 pacem
735 2361 879 2438 domini
901 2361 1003 2459 regis
1026 2361 1222 2437 occiditur.
1247 2361 1305 2437 Et
1329 2361 1432 2436 unde
1456 2359 1643 2459 imprimis
1668 2359 1876 2435 videndum
1900 2359 1948 2434 de

356 2481 570 2568 homicidio,
592 2480 684 2578 quid
706 2480 755 2556 sit
776 2479 1032 2568 homicidium,
1053 2488 1093 2555 et
1113 2479 1217 2554 unde
1239 2478 1401 2566 dicatur,
1424 2501 1508 2576 quae
1529 2477 1609 2554 eius
1632 2477 1786 2577 species,
1809 2486 1848 2554 et
1871 2502 1947 2576 qua

356 2622 474 2697 poena
488 2596 697 2674 homicidia
714 2597 938 2696 puniantur.
956 2596 1043 2672 Et⁴⁰
1061 2607 1119 2674 est
1135 2595 1380 2673 homicidium
1397 2595 1559 2672 hominis
1576 2594 1711 2671 occisio
1730 2596 1778 2672 ab
1796 2595 1947 2671 homine

358 2716 475 2792 facta.
492 2715 649 2791 Sienim
663 2714 807 2804 above,
821 2715 1000 2803 eane,vel
1015 2715 1157 2804 aliare,
1171 2739 1250 2790 non
1264 2714 1413 2790 dicetur
1426 2713 1585 2813 proprie
1597 2713 1853 2790 homicidium.
1870 2714 1947 2789 Est

357 2833 458 2908 enim
472 2833 618 2909 dictum
631 2832 876 2910 homicidium
892 2833 940 2910 ab
955 2832 1108 2909 homine
1121 2843 1160 2911 et
1176 2833 1290 2921 caedo,
1306 2831 1456 2919 caedis,⁴²
1473 2833 1582 2931 quasi
1597 2831 1758 2908 hominis
1775 2831 1946 2908 caedinm.

359 2951 514 3049 Species
537 2951 727 3028 homicidii
752 2961 842 3028 sunt
866 2951 1009 3051 plures,
1033 2977 1124 3027 nam
1149 2951 1254 3027 aliud
1280 2950 1491 3050 spirituale,
1517 2949 1622 3026 aliud
1647 2950 1857 3049 corporale.
1882 2950 1947 3026 De

358 3069 549 3169 spirituali
569 3095 660 3145 vero
681 3070 731 3146 ad
753 3095 918 3168 praesens
940 3095 1018 3145 non
1039 3080 1098 3146 est
1117 3068 1205 3144 hic⁴²
1228 3069 1442 3145 dicendum.
1468 3069 1547 3145 Sed
1568 3069 1769 3166 corporale
1790 3077 1849 3146 est
1872 3091 1948 3166 quo

356 3186 470 3263 homo
501 3187 688 3263 occiditur
717 3187 980 3286 corporaliter,
1013 3196 1052 3263 et
1083 3186 1154 3262 hoc
1186 3187 1391 3286 dupliciter
1423 3186 1688 3275 committitur,
1720 3188 1855 3284 lingua
1887 3185 1948 3262 vel

358 3308 474 3385 iacto.
503 3308 662 3404 Lingua
686 3305 809 3383 tribus
835 3306 969 3394 modis,
997 3305 1137 3383 scilicet
1163 3315 1369 3405 praecepto,
1396 3305 1564 3394 consilio,
1592 3305 1814 3382 defensione
1842 3303 1947 3381 sive⁴⁸

356 3423 569 3501 tentione.⁴⁴
585 3425 709 3501 Facto
726 3433 893 3524 quatuor
908 3425 1043 3513 modis,
1061 3423 1201 3500 scilicet
1217 3424 1375 3512 iustitia,
1393 3425 1630 3514 necessitate,
1648 3448 1739 3500 casu
1758 3432 1796 3501 et
1813 3423 1947 3499 volun·

355 3552 448 3621 tate.
473 3542 642 3631 Iustitia,
664 3553 710 3619 ut
733 3568 820 3620 curn
843 3543 960 3618 iudex
982 3543 1044 3619 vel
1066 3541 1266 3619 minister⁴⁸
1291 3568 1400 3619 reum
1423 3543 1522 3619 iuste
1546 3544 1773 3619 damnatum
1797 3542 1945 3617 occidit.

352 3665 474 3741 Istud
491 3673 621 3740 autem
638 3663 882 3739 homicidium
900 3663 931 3739 si
949 3662 999 3738 sit
1017 3687 1065 3737 ex
1083 3661 1202 3739 livore
1220 3662 1281 3737 vel
1298 3662 1551 3738 delectatione
1568 3661 1795 3738 effundendi
1813 3660 1946 3737 huma·

356 3807 451 3858 num
478 3781 716 3879 sanguinem,
743 3781 833 3857 licet
860 3781 923 3857 ille
949 3780 1049 3858 iuste
1076 3781 1284 3868 occidatur,
1312 3780 1384 3857 iste
1410 3788 1543 3856 tamen
1570 3790 1704 3879 peccat
1732 3779 1947 3856 mortaliter

356 3912 518 4002 propter
539 3901 791 3977 intentionem
813 3909 1048 3998 corruptam.
1074 3899 1116 3974 Si
1139 3925 1231 3975 vero
1252 3897 1323 3973 hoc
1345 3899 1415 3974 fiat
1437 3924 1485 3974 ex
1509 3923 1637 3974 amore
1659 3897 1825 3987 iustitiae,
1849 3894 1946 3974 nec⁴⁸

355 4032 489 4123 peccat
509 4022 625 4098 iudex
644 4020 772 4120 ipsum
790 4019 1081 4095 condemnando
1102 4018 1151 4093 ad
1171 4025 1347 4106 mortem,
1369 4025 1408 4092 et
1428 4017 1685 4114 precipiendo
1705 4017 1881 4093 ministro
1900 4025 1946 4091 ut

355 4142 503 4218 occidat
529 4166 628 4228 eum,
653 4163 723 4216 nec
746 4137 921 4214 minister
944 4137 976 4213 si
1000 4136 1138 4212 missus
1164 4161 1187 4211 a
1212 4135 1335 4212 iudice
1361 4133 1524 4210 oecidie'
1552 4136 1859 4211 condemnatum.
1886 4135 1945 4210 Et

355 4269 489 4358 peccat
508 4266 673 4356 uterque
691 4257 723 4333 si
742 4257 813 4331 hoe
833 4255 995 4332 iecerint
1015 4253 1107 4330 iuris
1128 4252 1261 4330 ordine
1281 4278 1359 4329 non
1381 4251 1573 4330 servat0.⁴⁸
1595 4253 1846 4341 Necessitate,
1869 4277 1945 4352 quo

355 4404 447 4455 casu
471 4376 787 4474 distinguendum
812 4373 884 4450 erit
908 4380 1041 4449 utrum
1065 4371 1268 4448 necessitas
1295 4371 1361 4447 illa
1386 4371 1462 4448 fuit
1487 4371 1674 4448 evitabilis
1698 4373 1760 4447 vel
1785 4397 1874 4448 non.
1903 4371 1946 4447 Si

356 4505 487 4573 autem
508 4494 694 4572 evitabilis
718 4503 757 4569 et
780 4493 940 4569 evadere
964 4499 1093 4590 posset
1117 4490 1259 4589 absque
1283 4490 1478 4578 occisione,
1501 4498 1595 4566 tunc
1619 4491 1692 4566 erit
1715 4516 1802 4566 reus
1827 4490 1945 4566 homi·

356 4614 454 4689 cidii.
479 4613 521 4689 Si
543 4621 672 4688 autem
692 4609 932 4697 inevitabilis,
954 4609 1045 4708 quia
1064 4607 1201 4684 occidit
1221 4607 1414 4685 hominem
1435 4608 1515 4684 sine
1537 4608 1614 4684 odii
1636 4609 1883 4685 meditatione
1905 4608 1945 4684 in

355 4829 381 4864 ⁸⁸
393 4829 474 4905 Om,
488 4828 555 4905 LA,
571 4828 609 4890 Y.
646 4826 673 4861 ⁸²
684 4825 807 4901 habeat,
824 4825 902 4901 MG,
917 4825 984 4900 OC,
1000 4826 1074 4899 cM,
1091 4825 1165 4900 MC,
1182 4825 1248 4899 LA,
1265 4825 1303 4886 Y.
1341 4821 1368 4858 ⁸⁸
1379 4823 1614 4901 obturationem,
1630 4827 1699 4902 OB,
1716 4827 1793 4903 ΜΒ,
1810 4827 1850 4902 Y,
1866 4826 1944 4902 MG,

355 4931 429 5007 CM,
445 4932 514 5007 OA,
529 4929 602 5003 OC;
618 4927 835 5002 ambatiam,
851 4928 917 4989 MA
924 4949 933 4999 ;
949 4928 1004 4997 eie,
1021 4927 1087 5000 LA,
1103 4927 1176 4987 MC.
1215 4925 1242 4959 ⁸⁹
1253 4927 1334 5000 Om,
1350 4925 1419 5001 OB,
1437 4924 1513 5001 MA,
1530 4927 1606 4988 ΜΒ.
1644 4925 1672 4961 ⁴⁰
1683 4927 1763 5006 Om,
1781 4929 1850 5002 OB,
1868 4929 1943 5003 MA,

355 5031 432 5105 MB,
445 5030 483 5091 Y.
518 5027 694 5105 ⁴¹dis,OC,
708 5028 784 5103 ΜΒ,
797 5027 874 5101 MG,
887 5027 961 5102 CM,
974 5026 1091 5102 LA,Y.
1125 5025 1244 5101 ⁴⁸0m.,
1257 5027 1296 5101 V,
1311 5027 1377 5102 CB,
1392 5027 1466 5100 CM,
1480 5027 1549 5104 OB,
1563 5026 1639 5102 MA,
1653 5029 1728 5090 ΜΒ.
1763 5027 1861 5104 ‘'vel,
1875 5029 1944 5104 OB,

355 5129 432 5204 MA,
446 5129 521 5189 ΜΒ.
557 5127 584 5162 ⁴⁴
595 5131 742 5204 tentione,
757 5129 826 5204 OA,
840 5128 909 5202 OB,
924 5126 990 5203 OC,
1007 5127 1084 5202 MG,
1101 5128 1175 5203 CM,
1190 5127 1219 5188 Y
1240 5127 1335 5204 (eorr.
1351 5127 1453 5205 com),
1469 5127 1527 5188 LA
1533 5149 1541 5201 ;
1558 5132 1763 5206 contentione,
1779 5130 1846 5204 CB,
1863 5130 1942 5202 MC;

354 5232 536 5305 intentione,
549 5229 615 5290 MA
622 5250 630 5301 ;
645 5233 678 5289 in
691 5231 897 5302 contentione,
910 5229 992 5301 MB;
1006 5230 1147 5303 tuitione,
1160 5228 1199 5290 V.
1235 5225 1262 5260 ⁴⁸
1273 5231 1457 5290 iustitiarius
1472 5230 1522 5290 vel
1535 5233 1685 5305 minister,
1699 5231 1744 5304 V;
1759 5235 1943 5292 iustitiariua

355 5349 451 5402 reum,
464 5328 533 5403 OB,
547 5328 623 5402 MA,
637 5330 712 5390 ΜΒ.
748 5326 859 5404 “nom
871 5328 911 5404 V,
925 5328 1003 5402 MG,
1018 5329 1091 5390 CM.
1128 5326 1154 5362 ¹⁷
1165 5327 1297 5405 occidat,
1310 5329 1351 5403 V,
1365 5330 1432 5406 CB,
1447 5330 1524 5407 MB,
1539 5329 1613 5392 MC.
1650 5329 1861 5408 “observatu
1877 5333 1943 5408 LA,

354 5430 395 5508 Y,
411 5429 484 5490 MC.
