4432 6336
667 491 728 550 DE
751 489 1053 562 ADQUIBBNDO
1076 489 1234 551 RERUM
1257 489 1459 550 DOMINIO
1809 494 1856 563 81

269 643 407 721 debeat
428 643 478 719 ad
498 643 725 720 donatorem
746 668 794 718 ex
814 641 935 718 tacita
953 641 1185 729 condicione,
1207 650 1246 717 et
1267 649 1385 739 pacta
1405 638 1656 717 incontinenti
1680 638 1860 737 apposita

269 763 402 839 insunt
423 761 680 838 contractibus
702 770 741 837 et
762 760 887 859 legem
909 761 1005 837 dant
1026 761 1079 837 eis
1102 769 1141 838 et
1162 760 1247 837 illos
1269 759 1494 836 informant.
1518 757 1718 848 Quoeritur
1740 757 1860 856 igitur

269 883 330 959 cui
353 882 458 982 parti
481 882 663 958 standum
685 880 769 957 erit.
794 877 992 969 Quidam⁸'
1017 877 1151 956 dicunt
1174 879 1277 978 quod
1300 877 1523 976 homagium
1545 876 1722 975 praeferri
1746 877 1861 953 debet

270 1026 358 1078 cum
379 1001 428 1079 sit
448 1000 596 1099 primus
618 1009 657 1076 et
677 998 901 1098 principalis
921 1007 1141 1076 contractus
1163 1007 1201 1074 et
1222 997 1471 1096 maritagium
1492 997 1541 1074 sit
1564 997 1673 1096 quasi
1695 1021 1859 1073 accesso·

270 1120 382 1197 rium.
406 1118 489 1195 Atii
513 1144 604 1195 vcro
628 1115 760 1216 quod⁵⁸
783 1116 1031 1214 maritagium
1055 1116 1168 1194 debet
1193 1116 1369 1215 praeferri
1394 1116 1485 1214 quia
1509 1125 1554 1192 ut
1578 1115 1731 1191 videtur
1755 1122 1862 1191 terra

272 1240 365 1316 data
388 1247 447 1316 est
471 1246 634 1337 propter
659 1237 904 1313 affectionem
928 1233 1097 1312 mulieris
1123 1245 1163 1312 et
1189 1234 1384 1311 occasione
1409 1234 1617 1334 maritagii,
1643 1243 1682 1311 et
1708 1234 1862 1311 videtur

271 1358 374 1456 quod
393 1356 562 1456 primum
580 1365 740 1455 pactum
757 1355 894 1432 debeat
913 1380 984 1453 per
1001 1354 1193 1452 posterius
1211 1354 1312 1430 elidi.
1335 1355 1414 1431 Sed
1432 1353 1567 1432 melius
1586 1352 1673 1432 est⁵⁹
1693 1363 1738 1431 ut
1758 1353 1860 1430 vide·

253 1461 336 1557 'tur
352 1479 456 1578 quod
471 1476 694 1573 homagium
708 1474 885 1574 praeferri
902 1472 1039 1550 debeat
1055 1473 1159 1572 quod
1175 1473 1307 1550 multis
1323 1473 1535 1550 rationibus
1552 1473 1688 1550 docere
1705 1472 1860 1572 poterit.

274 1599 377 1675 Item
399 1597 431 1673 si
452 1595 615 1684 dicatur,
635 1594 704 1671 Do
727 1593 796 1670 tati
819 1601 969 1670 tautam
993 1601 1136 1668 terram
1158 1616 1230 1690 per
1253 1593 1410 1669 aradum
1432 1591 1651 1671 donationis
1672 1601 1718 1670 ut
1740 1593 1862 1691 filiam

271 1740 397 1794 mcum
419 1715 537 1793 ducat
559 1714 602 1791 in
625 1735 799 1801 oaorem,
823 1712 885 1788 vel
909 1737 980 1810 per
1004 1711 1264 1787 condicionem
1289 1713 1322 1789 ai
1346 1710 1467 1809 filium
1491 1734 1616 1788 meam
1641 1711 1796 1790 decerit
1821 1713 1862 1790 ia

271 1858 445 1922 acorem,
467 1833 497 1909 si
519 1831 582 1908 ille
604 1832 665 1906 cui
686 1830 774 1907 talis
797 1830 904 1906 facta
925 1830 1002 1906 fuit
1024 1830 1182 1907 donatio
1203 1830 1319 1907 aliam
1341 1830 1497 1909 duxerit
1517 1831 1579 1907 vel
1601 1831 1652 1908 ad
1674 1831 1749 1908 alia
1771 1840 1864 1908 vota

272 1953 301 2028 f.
316 1954 386 2046 23]
441 1949 711 2038 convolaverit,
747 1949 932 2049 competit
968 1949 1145 2026 donatori
1181 1948 1360 2047 repetitio
1396 1949 1482 2026 etsi²
1517 1949 1706 2049 perfecta²
1742 1949 1863 2026 fuerit

271 2071 441 2160 donatio,
455 2070 545 2170 quia
558 2095 673 2146 causa
686 2071 780 2146 data
793 2079 832 2145 ct
845 2093 961 2145 causa
975 2093 1053 2145 non
1068 2068 1225 2146 secuta?
1239 2069 1297 2147 Et
1312 2069 1415 2146 unde
1431 2070 1462 2145 si
1477 2070 1642 2147 donator
1656 2079 1863 2168 postquam

272 2191 361 2268 talis
379 2191 495 2266 aliam
512 2188 668 2266 duxerit
684 2187 794 2265 illum
813 2187 945 2265 statim
963 2188 1085 2277 eiciat,
1104 2188 1246 2265 eiectus
1266 2214 1337 2287 per
1356 2189 1514 2265 assisam
1532 2214 1641 2265 novae
1661 2188 1864 2275 disseisinae

272 2336 351 2387 non
367 2309 622 2408 recuperabit.
643 2307 906 2384 Incontinenti
924 2307 1024 2384 enim
1043 2307 1196 2384 videtur
1213 2307 1282 2384 eici
1299 2308 1341 2383 in
1358 2308 1444 2406 ipso
1462 2317 1675 2397 contractu,
1694 2308 1755 2385 vel
1774 2317 1864 2408 post

273 2437 514 2505 contractum
532 2437 677 2526 etpost
695 2426 885 2504 seisinam⁴
901 2426 1008 2503 infra
1024 2426 1198 2504 triduum
1214 2427 1276 2503 vel
1294 2436 1476 2527 quartum
1494 2428 1595 2505 diem
1612 2428 1673 2504 vel
1692 2428 1863 2527 aliquan-

273 2549 401 2626 tulum
420 2547 594 2636 ulterius,
615 2547 682 2623 sed
702 2571 790 2622 cum
811 2569 937 2622 causa.
959 2546 1018 2621 Et
1040 2547 1088 2623 de
1109 2546 1179 2621 hac
1200 2547 1363 2623 materia
1382 2546 1531 2624 habetis
1553 2548 1601 2624 de
1622 2547 1758 2625 itinere
1779 2547 1864 2623 Ab·

274 2665 373 2743 batis
388 2666 437 2742 de
453 2663 648 2762 Radinge⁵
665 2673 704 2741 et
720 2664 886 2741 Martini
903 2665 950 2740 de
967 2662 1193 2740 Pateshilla⁸
1211 2664 1251 2741 in
1267 2664 1454 2742 comitatu
1470 2663 1728 2765 Leycestriae,'
1747 2665 1865 2743 assisa

273 2808 381 2861 novae
396 2783 602 2873 disseisine,
618 2784 650 2860 si
665 2783 860 2860 Robertus
876 2783 978 2859 filius
995 2782 1159 2859 Mariae.⁸
1177 2783 1256 2860 Sed
1271 2809 1350 2860 non
1367 2784 1439 2860 erit
1456 2785 1511 2862 ita
1528 2785 1559 2861 si
1574 2785 1694 2862 talem
1709 2785 1865 2863 duxerit

274 2903 314 2979 in
332 2928 493 2980 uxorem
512 2901 571 2980 ut⁹
591 2901 780 2992 convenit,
800 2902 888 2978 licet
908 2902 1156 3001 postmodum
1176 2902 1277 2978 inter
1298 2929 1361 2980 eos
1383 2902 1623 2981 celebretur²⁰
1644 2905 1864 2994 divortium,

274 3046 362 3098 cum
376 3024 426 3100 sit
440 3023 556 3099 modo
571 3022 637 3099 et¹¹
653 3021 865 3098 condicioni
881 3021 1135 3099 satisfactum.
1154 3022 1232 3098 Sed
1249 3022 1325 3098 alio
1340 3024 1456 3099 modo
1472 3023 1656 3122 competit
1673 3025 1865 3124 repetitio,

275 3152 314 3219 et
336 3142 441 3240 quod
462 3141 534 3217 hoc
557 3151 722 3240 apparet
746 3151 785 3218 et
809 3141 1019 3217 secundum
1044 3142 1147 3239 quod
1171 3141 1267 3218 tales
1292 3142 1449 3218 heredes
1472 3142 1676 3220 habuerint
1701 3142 1761 3219 vel
1786 3169 1865 3220 non

273 3259 488 3337 habuerint.
504 3260 605 3337 Haec
619 3261 668 3337 de
680 3258 914 3356 maritagio²²
929 3260 1161 3358 adpraesens
1177 3259 1307 3336 dicta²⁸
1322 3259 1541 3339 sufficiant²⁴
1556 3263 1723 3361 exempli
1737 3287 1864 3340 causa.

376 3383 495 3477 Quod
510 3385 759 3483 maritagium
775 3385 983 3461 revertitur
998 3409 1072 3485 pro
1089 3383 1246 3480 defectu
1262 3384 1456 3463 heredum.

276 3506 489 3596 Quonrarr
519 3506 726 3606 aliquando
753 3506 961 3584 revertitur
989 3508 1238 3606 maritagiurn
1268 3510 1318 3584 ad
1348 3510 1575 3586 donatorem
1606 3536 1679 3609 pro
1709 3512 1864 3589 defectu

275 3627 458 3704 heredum
479 3627 556 3705 sive
577 3628 799 3726 homagium
819 3629 1068 3705 intervenerit
1090 3630 1168 3706 sive
1189 3655 1279 3719 non,
1301 3631 1510 3708 videndum
1530 3632 1678 3730 igitur¹⁶
1701 3633 1866 3733 qualiter

275 3749 521 3826 revertatur²⁶
542 3757 625 3825 tam
647 3750 695 3827 dc
717 3749 931 3847 maritagiis
953 3777 1070 3849 quam
1093 3751 1141 3827 de
1164 3751 1246 3828 aliis
1268 3751 1381 3829 terris
1406 3753 1506 3830 datis
1529 3778 1602 3851 pro
1624 3754 1803 3853 homagio
1826 3763 1866 3832 et

276 3870 441 3948 servitiu.
469 3871 527 3948 Et
555 3870 751 3947 sciendum
777 3872 881 3970 quod
908 3872 1164 3971 quandoque¹⁷
1193 3873 1239 3951 fit
1266 3875 1432 3950 reversio
1460 3876 1511 3951 ad
1538 3877 1764 3953 donatorem
1792 3903 1865 3977 pro

275 3991 432 4068 defectu
444 3991 628 4068 heredum
643 4017 714 4090 per
727 3993 887 4068 modum
901 3991 1064 4070 tacitum
1077 3994 1138 4069 vel
1153 4019 1390 4092 expressum,
1406 4005 1451 4072 ut
1468 3996 1499 4073 si
1515 4007 1620 4074 terra
1637 3999 1729 4074 data
1745 3999 1865 4076 fuerit

274 4113 315 4189 in
331 4111 580 4210 maritagium
596 4113 657 4189 vel
674 4113 867 4190 bastardo.
888 4115 990 4190 Item
1007 4140 1079 4213 per
1097 4115 1357 4192 condicionem
1373 4116 1532 4193 tacitam
1550 4119 1612 4194 vel
1631 4144 1864 4217 expressam,

273 4234 444 4322 tacitam,
466 4244 511 4311 ut
533 4234 706 4332 quamvis
727 4234 767 4309 in
788 4235 1005 4311 huiusmodi
1027 4235 1296 4312 donationibus
1318 4236 1427 4313 nulla
1449 4239 1556 4315 facta
1578 4240 1627 4316 sit
1649 4241 1794 4317 mentio
1817 4243 1865 4319 de

275 4353 501 4444 reversione,
517 4363 672 4453 oportet
687 4364 818 4431 tamen
835 4356 938 4455 quod
954 4381 1014 4433 res
1031 4355 1124 4433 data
1140 4358 1188 4434 de
1203 4358 1427 4436 necessitate
1444 4368 1662 4437 revertatur
1679 4363 1729 4438 ad
1746 4362 1864 4439 dona-

274 4485 410 4563 torem,
430 4499 518 4551 cum
537 4477 596 4554 ius
614 4501 764 4552 merum
784 4501 862 4553 non
880 4476 1020 4554 habeat
1041 4476 1187 4554 alium¹⁸
1207 4479 1257 4555 ad
1278 4505 1392 4578 quem
1412 4481 1628 4558 descendat.
1651 4483 1710 4557 Et
1730 4509 1790 4560 res
1812 4485 1865 4562 sic

275 4691 302 4727 V
313 4693 446 4771 quidem,
463 4694 508 4767 Y;
524 4693 619 4773 quid,
635 4694 729 4755 MSS.
745 4715 811 4755 var.
849 4692 876 4728 ⁵⁸
886 4694 994 4756 dicunt
1009 4695 1101 4773 qnod,
1117 4697 1157 4773 V,
1175 4698 1251 4773 ΜΒ,
1267 4698 1341 4758 ΟΜ.
1380 4696 1407 4732 ⁶⁹
1419 4700 1499 4776 Om,
1516 4700 1593 4777 MG,
1611 4703 1684 4763 ΟΜ.

360 4792 476 4854 ¹etinn
492 4798 530 4871 si,
544 4796 585 4871 Y,
600 4795 664 4855 CM
671 4817 680 4868 ς
696 4795 751 4857 sed
767 4799 805 4870 ai,
822 4795 911 4858 ΜΟ.
937 4795 1057 4874 ²facta,
1074 4797 1152 4873 MG,
1169 4799 1241 4859 CM.
1279 4797 1353 4862 ⁸est
1368 4808 1484 4877 secuta,
1501 4803 1540 4877 V,
1558 4805 1631 4865 ΟΜ.
1670 4802 1864 4881 ‘scientiam

275 4894 345 4969 OA,
361 4895 429 4969 LA,
446 4896 509 4956 MC
531 4896 627 4974 (corr.
644 4896 817 4976 seisinam).
857 4895 1020 4976 '‘Byding,
1038 4898 1208 4976 Radingea,
1227 4899 1390 4980 Badingis,
1409 4901 1579 4984 Badighes,
1598 4905 1749 4984 aetinga,
1768 4907 1863 4969 MSS.

275 5017 339 5058 var.
381 4995 599 5073 ‘Paushulla
620 4997 714 5059 MSS.
735 5018 800 5059 var.
841 4996 1107 5076 'Norhamronia
1128 5001 1207 5074 MG,
1227 5002 1301 5062 CM.
1345 4999 1489 5078 'Mariua
1511 5007 1578 5081 LA,
1599 5006 1667 5081 OC,
1689 5008 1766 5084 MG,
1789 5009 1864 5083 ΟΜ,

277 5097 357 5171 ΜΟ;
376 5098 519 5175 Martini,
537 5099 582 5171 V;
604 5099 697 5175 Man,
716 5097 784 5176 OA,
804 5098 872 5174 OB,
892 5101 968 5176 MA,
987 5102 1064 5177 ΜΒ,
1083 5101 1123 5177 Υ,
1143 5101 1208 5163 CB.
1250 5101 1341 5179 ”nen
1360 5104 1429 5180 OB,
1450 5107 1524 5166 ΜΒ.
1567 5105 1670 5183 ¹⁰fiat,
1691 5109 1768 5184 MG,
1790 5111 1863 5172 ΟΜ.

275 5199 303 5235 ²²
314 5198 394 5274 Om,
410 5199 480 5275 OB,
495 5200 573 5275 MA,
589 5200 667 5276 MG,
683 5201 756 5261 ΟΜ.
794 5198 821 5233 ¹²
832 5204 1016 5279 maritagiis,
1033 5203 1101 5278 OA,
1119 5203 1186 5276 LA,
1202 5204 1266 5264 Mc
1273 5225 1282 5277 3
1299 5210 1453 5284 maritag,
1470 5207 1564 5270 MSS.
1583 5228 1648 5268 var.
1688 5208 1715 5243 ¹⁸
1727 5210 1807 5287 0m.,
1824 5211 1865 5287 V,

276 5301 345 5376 ΟΒ,
361 5301 436 5362 ΜΒ.
472 5299 499 5336 ²⁴
510 5300 673 5375 sufficiunt,
687 5302 726 5375 V,
741 5301 818 5378 MA,
832 5301 898 5362 CB.
935 5301 1148 5379 ι“Οιιι.,Μ(ὶ,
1164 5304 1237 5364 CM.
1275 5302 1302 5337 ²⁰
1313 5310 1491 5383 revertitur,
1506 5308 1584 5385 MG,
1602 5311 1675 5386 CM,
1692 5311 1730 5372 Y.
1770 5311 1864 5372 ssuli-

276 5401 409 5480 quando,
427 5400 506 5476 MG,
523 5402 597 5462 ΟΜ.
637 5400 765 5476 ²⁸alius,
783 5403 860 5476 MA,
878 5403 954 5478 ΜΒ,
972 5403 1040 5478 ΟΕ,
1057 5405 1099 5480 Y,
1116 5405 1191 5482 ΟΜ,
1208 5407 1253 5480 V;
1272 5407 1327 5479 ria,
1345 5405 1414 5484 OA,
1432 5409 1499 5484 LA,
1519 5410 1586 5485 OC,
1605 5412 1674 5489 OB,
1693 5414 1771 5490 MG,
1791 5416 1864 5477 MC.
