4432 6336
390 501 462 569 168
921 492 1142 554 BRAC'I'ON:
1165 492 1226 552 DE
1250 492 1442 554 LEGIBUS

387 645 659 732 membrorum,
679 652 718 720 et
738 645 881 732 furcas,
902 653 940 721 et
961 643 1037 720 alia
1057 669 1140 743 quae
1160 644 1356 742 pertinent
1376 643 1427 718 ad
1447 643 1710 720 executionem
1729 643 1869 732 iudicii,
1889 644 1978 720 tulis

389 788 467 838 non
491 762 598 862 prius
623 761 682 838 uti
704 762 848 861 poterit
873 762 943 839 tali
966 760 1144 839 libertate
1169 761 1299 861 quam·
1324 759 1369 838 si’
1393 761 1495 838 latro
1520 771 1658 860 captus
1684 761 1803 838 fuerit
1829 762 1876 838 de
1903 788 1979 861 quo

388 881 570 956 iudicium
584 880 667 956 fieri
682 881 803 979 possit
818 889 857 956 et
871 880 1020 969 debeat,
1036 881 1103 957 sed
1118 879 1296 980 semper¹⁰
1312 879 1537 979 priusquam
1553 889 1688 957 utatur
1704 881 1812 979 quasi
1827 879 1979 956 utitur¹²

388 1024 478 1075 cum
498 999 546 1077 sit
567 999 607 1074 in
628 1007 822 1098 potestate
842 999 976 1075 utendi
997 999 1067 1076 tali
1088 999 1277 1088 libertate,
1300 998 1419 1075 donec
1441 998 1658 1075 libertatem
1682 998 1788 1074 illam
1810 1000 1979 1076 auriserit

389 1143 461 1216 per
477 1143 556 1193 non
571 1142 703 1193 usum:
721 1117 794 1194 hoc
810 1125 869 1195 est
886 1118 1007 1194 donec
1025 1117 1122 1194 alius
1142 1117 1189 1194 de
1208 1118 1358 1194 latrone
1375 1125 1492 1216 capto
1510 1117 1616 1193 infra
1633 1117 1850 1194 libertatem
1870 1143 1980 1194 suam

390 1237 577 1314 iustitiam
602 1236 737 1312 fecerit
763 1244 803 1312 et
828 1235 1022 1324 iudicium,
1050 1245 1089 1312 et
1116 1235 1225 1312 illum
1252 1235 1457 1312 abduxerit
1485 1243 1597 1311 extra
1623 1236 1842 1312 libertatem
1869 1261 1979 1312 suam

392 1356 508 1434 semel
538 1354 704 1431 secundo
733 1380 804 1453 per
831 1353 1109 1452 negligentiam
1139 1363 1178 1431 et
1206 1352 1462 1452 patientiam¹¹
1493 1378 1614 1442 suam,
1645 1379 1691 1429 eo
1721 1363 1909 1452 praesente
1939 1363 1978 1430 et

389 1477 531 1554 sciente
549 1486 587 1553 et
605 1475 864 1574 permittente.
885 1476 986 1553 Cum
1004 1482 1134 1551 autem
1152 1475 1224 1550 hoc
1242 1474 1393 1552 sciverit
1410 1473 1479 1549 et²⁸
1498 1474 1730 1572 diligenter²⁴
1749 1483 1790 1552 et
1807 1483 1980 1552 recenter

389 1599 460 1675 sibi
482 1596 762 1698 perquisiverit,
784 1606 958 1694 repetere
981 1597 1125 1696 poterit
1147 1595 1375 1672 libertatem.
1402 1595 1446 1673 Si
1470 1605 1600 1673 autem
1623 1595 1823 1694 negligens
1848 1596 1978 1684 fuerit,

389 1717 487 1818 per²⁵
510 1716 787 1816 negligentiam
809 1724 848 1792 et
870 1714 1126 1816 patientiam²‘
1150 1742 1221 1815 per
1243 1717 1397 1816 lapsum
1420 1717 1606 1816 temporis
1629 1716 1736 1794 illam
1760 1717 1914 1806 amittit,
1940 1727 1979 1795 et

390 1845 533 1914 extunc
560 1836 640 1913 sine
667 1861 759 1934 rege
786 1835 938 1912 restitui
966 1860 1045 1911 non
1072 1836 1228 1935 poterit,
1256 1861 1346 1911 cum
1373 1861 1445 1934 per
1471 1835 1626 1934 lapsum
1655 1835 1840 1935 temporis
1870 1861 1979 1913 suam

389 1954 558 2033 amiserit
577 1954 776 2031 actionem.
798 1955 902 2031 Item
921 1954 1055 2031 eodem
1073 1954 1189 2031 modo
1209 1955 1240 2031 si
1259 1954 1320 2030 cui
1339 1953 1572 2030 concedatur
1590 1953 1679 2032 talis
1699 1954 1855 2031 libertos
1876 1955 1979 2055 quod

390 2072 542 2173 quietus
570 2071 646 2149 sit²²
674 2072 721 2150 de
748 2071 940 2150 theolonio
966 2080 1006 2147 et
1033 2071 1371 2150 consuetudinibus
1399 2073 1535 2149 dandis
1563 2099 1634 2172 per
1660 2080 1788 2150 totum
1814 2097 1979 2172 regnum

389 2191 557 2289 Angliae,
580 2193 620 2266 in
642 2201 746 2268 terra
768 2201 808 2269 et
829 2192 870 2267 in
891 2190 1001 2279 mari,
1024 2201 1063 2269 et
1087 2191 1190 2291 quod
1212 2190 1448 2268 theolonium
1470 2201 1509 2268 et
1532 2191 1826 2268 consuetudines
1850 2193 1979 2291 capiat

389 2310 495 2386 infra
517 2309 734 2387 libertatem
758 2334 867 2386 suam
891 2310 940 2386 de
962 2308 1175 2386 ementibus
1199 2319 1238 2388 et
1262 2309 1527 2400 vendentibus,
1553 2311 1684 2388 statim
1709 2311 1781 2388 erit
1806 2311 1915 2409 quasi
1939 2311 1979 2385 in

388 2428 643 2527 possessione:
664 2436 703 2504 et
723 2429 999 2527 possessionem
1019 2428 1160 2503 retinet
1180 2453 1268 2504 cum
1289 2428 1524 2506 theolonium
1545 2437 1585 2506 et
1606 2429 1899 2506 consuetudines
1921 2453 1979 2504 re-

388 2545 545 2644 ceperit,
561 2544 629 2622 et²⁸
645 2546 734 2622 alibi
749 2545 790 2620 in
806 2572 927 2644 regno
941 2554 1054 2623 extra
1068 2546 1286 2623 libertatem
1303 2571 1412 2624 suam
1428 2571 1499 2646 per
1514 2546 1633 2624 talem
1648 2546 1866 2624 libertatem
1883 2572 1978 2646 prae·

387 2675 500 2743 textu
530 2664 619 2743 talis
648 2664 848 2755 libertatis,
878 2689 950 2764 per
979 2664 1162 2741 iudicium
1193 2663 1282 2740 vel²⁰
1315 2664 1389 2741 alio
1420 2666 1547 2754 modu,
1579 2664 1693 2742 cum²⁰
1727 2665 1978 2765 quietantiam

387 2784 564 2862 habuerit
578 2785 619 2860 in
633 2783 813 2861 nundinis
829 2791 869 2859 et
882 2783 1071 2860 mercatis.
1089 2783 1147 2858 Et
1163 2785 1266 2882 quod
1280 2782 1341 2858 hie
1356 2783 1502 2861 dictum
1518 2791 1577 2860 est
1591 2784 1758 2883 exempli
1773 2809 1889 2860 causa
1905 2785 1979 2861 dici

388 2903 533 3001 poterit
547 2903 615 2978 in²²
630 2901 806 2978 omnibus
822 2901 905 2978 aliis
920 2901 1069 2978 casibus
1084 2901 1353 2990 consimilibus,
1371 2902 1469 2979 sieut
1486 2903 1526 2977 in
1541 2901 1598 2978 his
1616 2926 1700 3002 quae
1716 2901 1911 3002 pertinent
1929 2902 1979 2978 ad

388 3047 580 3111 coronam,
601 3021 700 3099 sicut
720 3021 761 3098 in
780 3020 925 3121 placito
946 3020 994 3096 de
1012 3021 1133 3097 vetito
1153 3019 1282 3108 namii,
1304 3018 1379 3096 de’²
1400 3019 1485 3096 visu
1506 3020 1632 3096 franci
1652 3021 1781 3120 plegii.
1806 3023 1909 3098 Item
1929 3020 1978 3096 de

388 3141 597 3242 privilegiis
618 3140 860 3240 supradictis.
882 3140 959 3217 Est
979 3138 1081 3216 enim
1102 3139 1258 3214 libertas
1280 3139 1478 3215 evacuatio
1499 3137 1704 3228 servitutis,
1726 3149 1765 3216 et
1786 3140 1978 3216 contrario

387 3263 502 3338 modo
515 3287 595 3337 sese
607 3258 829 3359 respiciunt,
842 3267 881 3335 et
893 3258 978 3334 ideo
991 3258 1105 3334 simul
1116 3283 1195 3333 non
1207 3265 1419 3333 morantur.
1435 3258 1536 3333 Esse
1549 3257 1650 3333 enim
1664 3257 1807 3356 poterit
1821 3258 1977 3335 libertas

388 3389 433 3456 ut
451 3379 483 3455 si
501 3377 586 3477 quis
604 3385 783 3455 teneatur
802 3377 852 3453 ad
871 3376 1044 3452 dandum
1062 3401 1110 3451 ex
1130 3377 1326 3464 servitute,
1346 3377 1444 3453 sicut
1463 3374 1698 3453 theolonium
1718 3383 1757 3452 et
1776 3385 1977 3452 consuetu·

389 3497 508 3586 dines,
531 3521 580 3573 ex
602 3496 780 3572 libertate
801 3494 960 3572 defendi
983 3494 1127 3593 poterit
1151 3496 1202 3571 ad
1225 3520 1304 3571 non
1327 3494 1510 3570 dandum.
1537 3495 1641 3570 Item
1666 3493 1697 3570 si
1722 3520 1770 3569 ex
1795 3495 1978 3572 servitute

388 3625 568 3693 teneatur
584 3615 668 3712 quis
687 3614 737 3690 ad
754 3640 833 3690 non
851 3613 1092 3713 capiendum,
1111 3639 1160 3689 ex
1178 3612 1357 3689 libertate
1375 3636 1552 3689 concessa
1570 3637 1707 3712 capere
1727 3614 1870 3712 poterit
1889 3637 1977 3688 con·

389 3734 609 3811 suetudines
629 3743 668 3810 et
687 3732 891 3809 theolonia.
912 3734 1017 3809 Item
1035 3732 1066 3807 si
1086 3731 1169 3830 quis
1189 3756 1305 3808 causa
1323 3731 1489 3808 venandi
1508 3730 1569 3807 vel
1589 3731 1807 3830 aucupandi
1828 3732 1978 3830 ingredi

388 3852 511 3953 possit
531 3851 699 3928 fundum
720 3851 886 3928 alienum
907 3876 955 3928 ex
976 3849 1161 3928 servitute
1182 3850 1306 3926 fundo
1327 3850 1509 3948 imposita
1529 3876 1600 3950 per
1620 3851 1897 3948 negligentiam
1917 3850 1979 3927 vel

388 3973 418 4048 f.
433 3968 528 4067 56b]
584 3971 811 4072 patientiam
829 3971 1083 4060 dominorum,
1101 3997 1150 4047 ex
1168 3971 1345 4047 libertate
1362 3995 1540 4047 concessa
1557 3971 1749 4070 prohiberi
1768 3971 1979 4071 poteritne

387 4091 640 4190 ingrediatur.
660 4093 762 4168 Item
779 4091 810 4167 si
826 4116 875 4166 ex
892 4091 1075 4166 servitute
1091 4089 1152 4165 vel
1169 4089 1277 4187 quasi
1294 4091 1562 4188 ingrediantur
1578 4089 1707 4166 ballivi
1726 4091 1894 4167 fundum
1911 4090 1978 4165 ali-

387 4213 506 4302 cuius,
522 4213 619 4290 sicut
633 4212 870 4289 vicecomites
886 4220 926 4288 et
940 4211 1146 4287 servientes
1162 4211 1276 4308 regis,
1292 4236 1341 4286 ex
1356 4210 1533 4286 libertate
1549 4236 1574 4286 a
1588 4236 1680 4308 rege
1696 4237 1873 4289 concessa
1889 4237 1977 4311 pro·

386 4334 507 4410 hiberi
527 4342 712 4434 potenmt
731 4359 779 4410 ne
799 4332 1079 4430 ingrediantur,
1100 4331 1166 4408 sed
1186 4341 1232 4408 ut
1253 4356 1323 4431 per
1344 4331 1542 4407 dominum
1562 4331 1750 4410 libertatis
1772 4333 1977 4410 summoni-

388 4457 511 4532 tiones
536 4457 645 4542 fiant,
672 4463 711 4531 et
736 4453 1046 4542 attachiamenta,
1070 4461 1110 4529 et
1135 4453 1238 4528 visus
1264 4452 1390 4528 franci
1415 4452 1546 4552 plegii,
1573 4462 1611 4529 et
1637 4454 1767 4529 omnia
1793 4454 1868 4529 alia
1894 4478 1978 4552 quae

389 4575 585 4674 pertinent
607 4576 656 4650 ad
678 4599 869 4650 coronam.
894 4575 995 4650 Cum
1017 4581 1146 4650 autem
1169 4573 1345 4650 dominus
1367 4598 1437 4649 rex
1458 4574 1513 4650 ita
1535 4572 1731 4651 libertates
1753 4575 1978 4652 concesserit

389 4697 486 4772 sieut
504 4696 731 4795 pradictum
749 4705 818 4785 est,
837 4694 921 4772 illas
940 4694 1146 4771 concedere
1164 4719 1242 4770 non
1260 4693 1375 4772 debet
1393 4694 1433 4770 in
1452 4693 1714 4794 praeiudicium
1734 4695 1913 4772 aliorum:
1934 4705 1978 4771 ut

389 4911 427 4948 Μ
438 4922 613 4992 antequam,
625 4915 654 4975 V
661 4936 670 4986 ;
683 4913 814 4993 quodsi,
827 4914 902 4987 MA,
916 4915 992 4990 ΜΒ,
1003 4914 1061 4976 ΟΒ
1078 4914 1173 4991 (corr.
1188 4934 1279 4992 quam
1290 4911 1443 4991 quando).
1468 4911 1533 4947 ¹¹¹¹¹
1546 4933 1669 4990 semper
1681 4918 1861 4993 priusquam
1873 4921 1979 4975 utatur

389 5019 478 5092 quasi
498 5020 606 5090 utitur,
628 5016 697 5090 OB,
720 5015 796 5090 MA,
817 5015 895 5089 ΜΒ,
915 5013 983 5088 cE,
1004 5015 1080 5088 CM,
1100 5015 1141 5090 Y,
1163 5015 1243 5086 MC;
1265 5035 1386 5094 semper
1407 5017 1494 5093 prius
1516 5019 1605 5093 quasi
1627 5019 1736 5092 utitur,
1758 5017 1797 5092 V,
1820 5015 1889 5091 OA,
1911 5017 1979 5092 LA,

389 5116 456 5189 OC,
476 5116 551 5177 MG.
591 5116 617 5150 ²²
628 5136 685 5195 per
704 5119 896 5195 pattentIam,
913 5116 983 5192 OA,
999 5116 1067 5190 LA,
1085 5116 1152 5192 OC,
1170 5115 1211 5190 Y,
1229 5116 1293 5176 Mc
1294 5113 1409 5176 ......
1421 5116 1501 5190 Om,
1519 5117 1588 5191 OB,
1609 5117 1684 5189 MA,
1705 5118 1779 5178 MB.
1821 5115 1886 5151 ²²²²²
1898 5119 1979 5192 Om,

389 5218 459 5291 OB,
477 5218 552 5292 MA,
571 5217 646 5292 MB,
664 5216 731 5291 ΟΕ,
750 5218 823 5278 CM.
862 5215 981 5291 ¹⁷Om.‚
999 5217 1068 5290 OA,
1086 5218 1153 5293 LA,
1171 5217 1247 5292 MA,
1266 5218 1342 5292 MB,
1361 5218 1435 5292 MC,
1458 5216 1615 5295 (†0B).
1656 5214 1726 5280 ²⁸et
1745 5238 1823 5293 cum,
1842 5218 1882 5293 V,
1901 5219 1977 5281 MG.

389 5316 416 5351 1⁰
428 5325 469 5392 a,
484 5317 554 5390 os,
570 5320 645 5393 Mn,
661 5319 737 5392 Mn,
752 5318 819 5393 cn,
835 5318 908 5379 cM.
945 5316 970 5351 ¹⁰
983 5316 1405 5393 om.,0n,m‚00,1uu.
1444 5315 1616 5395 ¹1‹re‚or³,
1635 5321 1710 5394 un,
1726 5321 1803 5396 Mn,
1819 5321 1887 5394 cn,
1904 5322 1977 5382 cM.
2072 5311 2076 5319 '

391 5418 416 5452 ²²
429 5426 470 5494 et,
484 5419 554 5492 os,
569 5418 645 5493 MA,
659 5419 733 5479 ΜΒ.
