4432 6336
641 521 702 582 DE
725 521 1029 594 ADQUIRBNDO
1051 521 1209 583 RERUM
1232 522 1434 584 DOMINIO
1763 530 1835 597 163

247 699 323 774 quo
344 683 579 750 concurrunt
599 672 658 749 ius
679 680 718 747 et
739 671 887 761 seisina,
908 673 1008 749 iuste
1028 674 1089 748 vel
1110 672 1260 749 iniuste.
1286 673 1364 749 Sed
1386 672 1479 771 quid
1502 673 1532 748 si
1555 683 1716 771 uterque
1739 699 1834 773 prae·

246 793 466 880 sentaverit,
482 792 629 891 primus
645 790 809 868 donator
823 790 1010 880 videlicet,
1026 801 1065 869 et
1080 792 1268 868 secundus
1283 791 1528 868 donatarius?
1544 792 1702 868 Primus
1719 792 1835 868 dona-

247 919 313 987 tor
340 910 517 1010 praeferri
544 909 658 987 debet
686 918 849 1010 propter
878 911 1057 988 seisinam'
1085 936 1110 985 a
1138 936 1215 1009 qua
1242 935 1322 986 non
1347 911 1516 998 recessit,
1546 935 1616 986 nec
1646 911 1836 986 secundus

247 1030 411 1107 donator
432 1029 561 1129 potuit
581 1030 630 1104 ad
651 1028 770 1105 alium
790 1028 878 1128 plus
898 1029 1075 1105 conferre
1095 1055 1212 1127 quam
1232 1029 1314 1128 ipse
1334 1029 1480 1118 habuit,
1503 1029 1644 1106 sedicet
1665 1053 1744 1105 non
1764 1030 1838 1106 nisi

246 1149 305 1225 ius
325 1148 405 1225 sine
424 1148 578 1224 seisina:
598 1156 638 1224 et
655 1147 743 1224 licet
763 1147 980 1246 assignatus
1000 1147 1129 1246 ipsum
1147 1171 1284 1222 vocare
1304 1147 1419 1224 vellet
1439 1149 1490 1224 ad
1509 1156 1737 1236 warantum,
1759 1173 1837 1223 non

247 1276 377 1365 posset
395 1265 456 1341 ei¹²
472 1266 722 1342 warantizare
740 1264 945 1364 plusquam
962 1265 996 1342 ei
1015 1265 1121 1343 dedit
1137 1264 1198 1341 vel
1216 1267 1308 1342 dare
1327 1265 1467 1365 potuit,
1485 1290 1554 1342 nec
1573 1266 1690 1342 etiam
1707 1276 1837 1365 posset

247 1410 335 1460 eum
352 1384 560 1462 defendere
577 1384 617 1460 in
635 1383 772 1460 saisina
790 1383 1094 1483 presentationis
1112 1410 1229 1482 quam
1247 1410 1338 1460 suus
1357 1384 1575 1482 assignatus
1594 1410 1673 1460 non
1691 1384 1836 1461 habuit.

249 1503 352 1578 Item
368 1511 450 1579 esto
466 1503 570 1601 quod
586 1511 676 1579 ante
692 1502 868 1578 seisinam
885 1502 1189 1601 presentationis
1206 1503 1314 1579 facta
1329 1503 1449 1579 fuerit
1466 1503 1623 1580 donatio
1639 1504 1701 1580 vel
1718 1503 1837 1601 assig-

247 1622 365 1709 natio,
384 1630 423 1697 et
441 1646 532 1697 casu
551 1621 679 1719 aliquo
698 1630 916 1698 revertatur
934 1630 1197 1698 tenementum
1215 1645 1303 1697 cum
1324 1621 1573 1698 advocatione
1592 1622 1643 1697 ad
1663 1648 1751 1698 eum
1772 1623 1836 1721 qui

248 1738 365 1828 dedit,
383 1740 480 1816 sicut
497 1738 669 1828 eschaeta,
687 1740 748 1816 vel
765 1739 840 1824 alio
856 1739 983 1827 modo,
1002 1749 1041 1817 et
1058 1739 1243 1838 inceperit
1260 1739 1417 1816 ecclesia
1433 1765 1569 1816 vacare
1586 1749 1680 1826 tunc
1699 1741 1836 1840 primo,

248 1866 287 1933 et
311 1866 474 1957 uterque
499 1857 800 1957 praesentaverit,
827 1857 968 1935 scilicet
993 1857 1141 1957 primus
1167 1857 1333 1934 donator
1360 1868 1398 1934 et
1425 1858 1574 1958 primus
1601 1860 1836 1948 donatarius,

249 1977 373 2054 adhuc
394 1977 466 2054 erit
487 1975 752 2076 preferendus
773 1974 841 2052 in²⁸
863 1976 1068 2053 donatione
1091 1975 1267 2076 primus²⁴
1289 1979 1454 2053 donator
1475 1986 1637 2077 propter
1660 1977 1838 2064 seisinam

248 2095 506 2195 praesentandi
527 2121 552 2170 a
573 2121 650 2193 qua
671 2120 749 2171 non
771 2095 936 2171 recessit.
959 2096 1017 2172 Et
1040 2095 1071 2172 si
1094 2094 1318 2172 donatarius
1340 2096 1597 2173 instrumenta
1621 2097 1837 2173 donationis

248 2215 465 2314 protulerit,
483 2239 605 2290 vacua
621 2223 736 2291 erunt
753 2223 943 2313 quantum
960 2214 1010 2290 ad
1028 2214 1086 2290 ius
1104 2215 1373 2313 praesentandi,
1393 2214 1482 2313 quia
1500 2214 1686 2313 quidquid
1703 2214 1838 2293 habuit

248 2359 317 2410 suo
339 2332 504 2409 feoffato
523 2332 699 2420 contulit,
721 2340 760 2408 et
781 2331 857 2408 iam
878 2357 927 2407 ex
948 2332 1024 2408 alia
1043 2357 1158 2408 causa
1180 2342 1220 2410 et
1241 2333 1289 2408 ab
1311 2332 1387 2408 alio
1408 2333 1602 2432 possidere
1625 2333 1767 2433 incepit
1790 2335 1838 2410 de

249 2453 278 2528 f.
293 2451 387 2546 54b]
443 2477 555 2540 novo,
580 2476 696 2549 quam
721 2476 769 2526 ex
794 2449 920 2550 prima
944 2475 1060 2527 eausa
1083 2451 1300 2527 donationis
1326 2461 1364 2528 et
1391 2477 1414 2526 a
1438 2451 1646 2529 feoffatore
1672 2477 1752 2528 suc.
1780 2453 1838 2529 Et

249 2570 352 2671 quod
376 2569 532 2648 donatio
555 2571 662 2646 facta
684 2569 731 2646 de
755 2569 1003 2646 advocatione
1026 2569 1154 2645 valere
1178 2595 1256 2646 non
1280 2569 1418 2647 debeat
1442 2579 1649 2669 antequam
1675 2570 1840 2648 donator

248 2689 431 2767 fueritin
454 2687 690 2788 possessione
714 2689 983 2787 praesentandi,
1009 2686 1198 2787 probatur
1222 2689 1263 2763 in
1286 2689 1414 2764 rotulo
1440 2689 1676 2766 determino
1705 2689 1839 2766 Sancti

248 2806 447 2896 Michaelis,
463 2832 565 2883 anno
579 2806 680 2904 regis
696 2805 862 2881 Henrici
877 2815 1013 2882 octavo
1028 2804 1234 2904 incipiente
1249 2830 1363 2895 nono,
1380 2807 1565 2883 comitatu
1581 2807 1838 2895 Bedefordiae,

249 2926 296 3003 de
320 2925 494 3002 Iohanne
517 2925 564 3001 de
588 2924 739 3024 Trailly
760 2934 800 3002 et
824 2924 952 3024 priore
976 2923 1024 2999 de
1047 2923 1297 3013 Newenham,
1323 2924 1440 3001 assisa
1464 2925 1608 3001 ultima
1632 2934 1838 3024 praesenta·

248 3044 374 3132 tionis,
389 3044 436 3124 de
449 3043 565 3120 tertia
578 3054 691 3143 parte
705 3041 868 3142 ecclesiae
881 3043 929 3120 de
946 3042 1186 3130 Sudmeles,¹⁵
1200 3043 1265 3118 uhi
1280 3043 1387 3143 prior
1402 3043 1601 3142 respondit
1615 3044 1666 3120 ad
1680 3045 1839 3121 assisam

249 3167 352 3263 quod
372 3163 573 3241 Walterus
595 3164 642 3240 de
662 3163 824 3263 Trailly,
846 3173 1062 3240 antecessor
1081 3163 1253 3264 predicti
1277 3164 1472 3253 Iohannis,
1495 3164 1600 3242 dedit
1622 3165 1838 3242 advocatio·

249 3306 338 3358 nem
364 3281 466 3360 illius
491 3281 616 3359 tertiae
642 3281 764 3382 partis
792 3281 1001 3359 Falkesio²⁰
1028 3282 1078 3358 de
1103 3281 1313 3370 Breaute,¹²
1343 3292 1382 3360 et
1409 3283 1473 3360 ille
1501 3282 1705 3360 Falkesius
1732 3283 1839 3360 illam

250 3400 355 3478 dedit
374 3402 504 3478 domui
522 3425 599 3478 sure
617 3427 688 3500 per
707 3409 855 3477 cartam
874 3426 1000 3477 suamt
1020 3400 1087 3478 sed
1107 3400 1198 3501 quia
1217 3401 1324 3501 prior
1343 3401 1594 3500 recognovit²⁸
1615 3402 1718 3501 quod
1737 3402 1841 3478 idem

248 3519 451 3596 Wolterus
483 3519 576 3596 fecit
607 3518 784 3596 ultimam
816 3520 1151 3619 presentationem
1184 3530 1223 3597 et
1255 3521 1359 3618 quod
1392 3520 1595 3597 Falkesius
1627 3546 1841 3619 numquam

249 3638 507 3736 presentavit,
528 3638 811 3714 consideratum
832 3638 908 3715 fuit
929 3638 1032 3737 quod
1053 3638 1245 3715 Iohannes
1266 3649 1510 3738 recuperaret
1532 3639 1709 3716 saisinam
1731 3665 1840 3716 suam
1900 3687 1903 3694 λ

250 3758 299 3835 de
325 3757 463 3836 seisina
487 3757 658 3835 Walteri
684 3758 932 3836 antecessoris
958 3760 1029 3835 sui.
1058 3761 1161 3836 Item
1189 3759 1239 3835 ad
1265 3759 1336 3834 hoc
1364 3760 1459 3837 facit
1487 3761 1591 3858 quod
1617 3760 1764 3838 hahetis
1792 3760 1840 3836 de

249 3875 386 3954 itinere
405 3877 571 3953 Martini
593 3878 641 3954 de
661 3877 874 3954 Pateshilla
895 3876 935 3953 in
955 3877 1140 3953 comitatu
1161 3877 1402 3976 Wygorniae,
1426 3905 1528 3954 anno
1549 3879 1650 3977 regis
1674 3878 1841 3955 Henrici

251 3994 396 4094 quinto,
418 3995 485 4071 ubi
507 3996 647 4072 dicitur
668 3997 772 4095 quod
794 3996 825 4072 si
848 3997 909 4071 cui
932 3996 1024 4073 data
1046 3996 1166 4072 fuerit
1189 3996 1400 4085 advocatio,
1423 4005 1463 4073 et
1486 3997 1709 4074 donatarius
1733 4008 1839 4074 ante·

249 4137 366 4212 quam
388 4114 678 4213 presentaverit
698 4114 805 4191 illam
826 4114 988 4191 ulterius
1011 4114 1170 4202 dederit,
1193 4139 1272 4190 non
1293 4114 1435 4192 valebit
1458 4115 1615 4192 donatio
1638 4115 1728 4214 quia
1750 4115 1839 4193 ulti·

249 4257 334 4310 mus
358 4233 582 4310 donatarius
604 4241 822 4309 warantum
844 4258 922 4309 non
944 4231 1118 4309 hahuit.¹⁹
1143 4234 1247 4309 Item
1269 4258 1348 4308 non
1370 4232 1473 4310 valet
1495 4232 1653 4310 donatio
1679 4235 1838 4310 advoca-

249 4353 365 4429 tionis
379 4352 410 4428 si
423 4351 487 4428 ille
501 4353 566 4451 qui
580 4352 685 4428 dedit
699 4377 910 4451 numquam
924 4351 1100 4429 seisinam
1116 4351 1373 4450 praesentandi
1387 4351 1532 4440 habuit,
1548 4376 1617 4427 nec
1633 4352 1776 4450 aliquid
1791 4353 1840 4428 de

249 4471 420 4547 manerio
439 4469 500 4546 vel
520 4479 740 4548 tenemento
761 4470 811 4546 ad
831 4470 934 4569 quod
955 4469 1155 4546 advocatio
1175 4470 1380 4568 pertinuit:
1402 4478 1447 4546 ut
1469 4470 1570 4547 inter
1591 4471 1734 4570 placita
1756 4497 1839 4570 quoe

250 4596 464 4686 sequuntur
478 4587 648 4686 regem,¹⁰
663 4613 764 4664 anno
778 4589 880 4685 regis
895 4588 1060 4664 Henrici
1074 4587 1250 4666 vicesimo
1265 4589 1443 4677 secundo,
1459 4589 1644 4666 comitatu
1661 4589 1839 4689 Salopiae,

249 4704 297 4784 de
315 4705 561 4784 Godefrido'²
579 4708 626 4784 de
644 4705 853 4804 Gamages,
871 4705 964 4782 ubi²²
983 4706 1085 4782 idem
1102 4705 1343 4784 Godefridus
1361 4707 1460 4785 dixit
1478 4732 1607 4784 coram
1625 4733 1717 4806 rege
1736 4708 1839 4807 quod

252 4825 407 4924 quidam
435 4835 652 4902 antecessor
679 4851 771 4902 suus
799 4825 905 4903 dedit
933 4825 1038 4925 patri
1066 4851 1135 4902 suo
1164 4827 1360 4925 quandam
1387 4834 1532 4903 terram
1561 4851 1650 4902 cum
1678 4827 1838 4902 advoca-

250 5039 369 5116 ¹¹Om.,
395 5043 465 5118 OB,
491 5043 568 5118 MA,
596 5043 672 5116 MB,
699 5043 766 5119 ΟΕ,
794 5044 866 5104 CM.
916 5041 983 5077 ¹¹¹¹¹
995 5043 1076 5118 Om,
1103 5043 1173 5118 OB,
1201 5044 1276 5117 MA,
1306 5043 1382 5117 ΜΒ,
1410 5043 1477 5116 ΟΕ,
1506 5044 1578 5104 CM.
1630 5041 1839 5118 ¹⁶Submeles,

249 5141 433 5216 Mudmelea,
452 5142 636 5218 Suthmelea,
655 5144 824 5220 Sutmellis,
844 5144 937 5206 MSS.
956 5164 1021 5205 var.
1061 5142 1089 5179 ¹⁸
1100 5144 1125 5204 F
1127 5145 1243 5218 alceus,
1263 5145 1401 5222 Falconi,
1421 5145 1546 5220 Falhas,
1567 5144 1723 5220 Falkaaio,
1743 5146 1838 5208 MSS.

247 5261 312 5303 var.
358 5241 384 5277 ¹¹
398 5244 524 5320 Breute,
548 5245 695 5320 Breante,
719 5246 860 5322 Briante,
884 5247 1012 5320 Breuse,
1039 5247 1191 5322 Bruancc,
1217 5246 1310 5308 MSS.
1336 5265 1401 5308 var.
1448 5244 1641 5326 ²⁸cognovit,
1668 5247 1746 5323 MG,
1771 5249 1837 5310 OC.

250 5341 277 5378 ¹⁸
287 5342 391 5421 hahet,
406 5345 475 5421 OA,
491 5346 558 5420 LA,
573 5346 641 5423 ΟΟ,
657 5347 731 5423 ΜΟ,
747 5345 831 5421 MG;
847 5345 1000 5422 habuerit,
1015 5348 1092 5409 MA.
1130 5345 1156 5381 ²⁰
1168 5347 1248 5422 Om,
1264 5347 1333 5424 OB,
1350 5348 1424 5410 cM.
1462 5347 1489 5382 ²²
1500 5347 1659 5424 Galirido,
1676 5348 1745 5426 OB,
1762 5350 1839 5425 MA,

251 5446 326 5521 MB,
341 5446 415 5507 CM.
450 5445 477 5480 ²¹
488 5454 533 5520 ut,
548 5449 618 5522 OB,
633 5448 710 5522 MB,
725 5449 805 5521 CM;
821 5453 863 5521 et,
879 5448 954 5509 MA.
