4432 6336
412 447 462 515 90
942 434 1165 498 nnaorom
1188 436 1248 497 nn
1273 436 1465 499 iromus

412 617 500 667 rum
517 597 792 676 tenementum,
810 586 989 686 quiahoc
1008 587 1103 665 facit
1122 586 1270 664 ratione
1287 587 1497 663 tenementi
1515 584 1632 662 licet²'
1650 611 1730 662 non
1748 586 1897 663 ratione
1916 611 2002 686 per·

412 731 524 786 sonoe.
549 709 773 806 Utrumque
794 715 928 783 tamen
948 716 1080 784 tenere
1104 705 1248 806 poterit
1271 731 1341 805 per
1364 715 1471 784 certa
1494 705 1649 782 servitia
1672 715 1712 783 et
1735 730 1930 805 expressa,
1954 731 2004 782 ex

412 827 663 905 conventione
676 835 820 914 tamen,
837 825 887 901 ad
902 826 1023 902 vitam
1037 825 1098 902 vel
1114 826 1155 900 in
1172 825 1299 915 feodo,
1314 833 1354 900 et
1370 850 1447 923 quo
1463 849 1555 901 casu
1571 824 1773 902 conventio
1791 835 1830 901 et
1846 849 2002 901 consen·

412 973 477 1024 sus
492 946 735 1024 dominorum
751 946 846 1022 facit
861 945 896 1022 ei
912 945 1074 1022 liberum
1091 953 1354 1022 tenementum
1371 942 1544 1043 quamvis
1561 968 1681 1043 opera
1697 943 1822 1020 fiant²⁰
1840 944 2002 1032 servilia,

411 1067 573 1166 tallagio
593 1077 632 1144 et
654 1066 741 1155 alia,
761 1091 850 1144 cum
871 1066 947 1144 sint
968 1074 1074 1143 certa
1094 1075 1134 1143 et
1155 1065 1422 1142 determinata.
1446 1064 1693 1142 Merchetum
1713 1090 1806 1142 vero
1827 1090 1901 1164 pro
1923 1066 2003 1142 filia

411 1191 505 1266 dare
521 1214 600 1266 non
616 1187 802 1287 competit
818 1187 938 1264 libero
953 1187 1097 1264 homini
1114 1187 1216 1264 inter
1233 1185 1309 1263 ulia
1326 1196 1489 1287 propter
1506 1186 1614 1263 liberi
1633 1187 1831 1285 sanguinis
1850 1187 2002 1287 privile·

411 1313 531 1410 glum.
547 1311 608 1387 Et
624 1312 726 1386 unde
742 1310 783 1386 in
800 1308 996 1386 dominicis
1014 1308 1158 1385 domini
1175 1307 1276 1406 regis
1294 1308 1610 1406 distinguendum
1627 1308 1728 1385 erit¹²
1744 1309 1847 1385 inter
1864 1309 2003 1385 liberos

412 1442 453 1510 et
475 1433 637 1509 villanos
662 1432 914 1508 colemannoa
940 1431 1005 1529 qui
1030 1431 1072 1507 in
1096 1430 1285 1507 dominico
1311 1429 1440 1527 regis²²
1466 1429 1548 1507 nati
1575 1438 1677 1518 sunt,
1703 1439 1744 1507 et
1769 1429 1818 1507 ab
1844 1430 2002 1530 antiquo

325 1560 330 1570 '
410 1562 621 1631 tenuerunt
646 1553 687 1628 in
712 1552 929 1650 villenagio,
955 1561 996 1628 et
1021 1576 1140 1651 puros
1166 1551 1328 1628 villanos
1355 1560 1395 1628 et
1421 1550 1533 1628 illos²⁸
1560 1552 1626 1651 qui
1653 1551 1857 1628 adventicii
1885 1551 2002 1628 sunt²⁴

411 1685 451 1752 et
473 1673 709 1750 tenuerunt²⁵
732 1682 930 1773 percerte
952 1672 1107 1750 servitia
1130 1682 1169 1750 et
1190 1697 1374 1771 expressa
1396 1699 1445 1748 ex
1468 1672 1730 1763 conventione,
1755 1673 1929 1772 quamvis
1952 1675 2002 1749 ad

412 1794 699 1873 similitudinem
719 1795 951 1872 villanorum
973 1795 1306 1884 sokemannorum,
1329 1803 1368 1871 et
1390 1820 1556 1893 quorum
1578 1820 1657 1871 non
1679 1804 1737 1872 est
1760 1795 1891 1872 similis
1915 1821 2002 1872 con·

411 1917 521 2006 dicio,
536 1916 627 2015 quia
641 1917 681 1992 in
697 1941 862 2016 persona
876 1917 990 1992 unius
1006 1916 1079 1993 erit
1094 1915 1258 1992 liberum
1273 1924 1535 1993 tenementum
1552 1926 1591 1993 et
1606 1917 1648 1992 in
1663 1941 1829 2016 persona
1845 1917 2002 1994 alterius

410 2037 671 2135 villenagium.

511 2162 558 2240 Sa'
575 2184 707 2239 aeruna
725 2162 971 2240 donationem
989 2161 1119 2257 socero
1136 2160 1269 2261 poscit.

413 2287 525 2363 Irnm
547 2283 783 2363 videndum²⁸
807 2311 857 2361 an
879 2309 1011 2362 servus
1034 2286 1127 2362 dare
1150 2285 1282 2383 possit.
1306 2285 1366 2360 Et
1388 2285 1584 2362 sciendum
1606 2288 1710 2384 quod
1733 2286 1781 2362 de
1803 2285 1887 2361 iure
1908 2284 2002 2363 dare

412 2405 442 2481 f.
457 2404 552 2499 nob]
607 2430 687 2480 non
700 2412 829 2504 potest
841 2413 1104 2482 tenementum
1118 2406 1221 2503 quod
1235 2404 1276 2480 in
1287 2404 1537 2503 villenagium
1548 2404 1718 2482 tenuerit
1732 2405 1793 2482 vel
1806 2405 1848 2481 in
1860 2404 2002 2482 villano

412 2524 577 2622 socagio,
595 2525 698 2622 quod
715 2524 747 2600 si
763 2523 810 2600 de
828 2525 933 2599 facto
950 2524 1097 2612 fecerit,
1114 2523 1366 2600 incontinenti
1383 2523 1553 2599 revocari
1571 2525 1714 2623 poterit
1732 2550 1792 2600 res
1812 2525 1905 2600 data
1922 2524 2003 2601 sine

411 2641 529 2732 brevi,
541 2650 580 2719 et
592 2666 671 2717 non
684 2642 764 2719 sine
777 2642 882 2718 brevi
894 2667 942 2717 ex
955 2650 1044 2741 post
1059 2643 1176 2719 facto.
1193 2642 1235 2718 Si
1249 2650 1379 2718 autem
1391 2641 1557 2719 villanus
1572 2642 1643 2718 sub
1657 2650 1850 2741 potestate
1863 2643 2001 2719 consti·

409 2770 520 2838 tutus
536 2760 597 2838 vel
613 2769 736 2851 extra,
752 2769 1015 2838 tenementum
1032 2760 1267 2860 adquisitum
1284 2770 1493 2860 antequam
1509 2761 1686 2838 dominus
1704 2786 1862 2838 manum
1881 2787 2001 2861 appo-

411 2881 530 2958 suerit
550 2880 600 2957 ad
619 2879 737 2957 alium
755 2879 1009 2969 transtulerit,
1029 2882 1125 2958 bene
1142 2889 1250 2958 tenet
1270 2881 1438 2969 donatio,
1459 2905 1529 2956 nee
1549 2881 1719 2956 revocari
1739 2881 1894 2980 poterit,
1914 2906 2002 2957 cum

410 3000 588 3076 dominus
603 3025 674 3099 per
688 3000 964 3098 negligentiam
981 3026 1090 3076 suam
1106 3000 1294 3076 actionem
1309 2999 1489 3076 amiserit.
1510 3000 1553 3075 Si
1568 3010 1699 3078 autem
1713 3000 1878 3077 villanus
1895 3000 2001 3077 soke-

410 3143 575 3195 mannus
591 3107 776 3195 villanum
792 3119 988 3217 socagium
1003 3121 1054 3195 ad
1071 3119 1189 3195 alium
1203 3119 1419 3195 transferre
1434 3118 1611 3208 voluerit,
1628 3119 1735 3218 prius
1752 3118 1876 3195 illud²²
1894 3119 2002 3195 resti·

408 3245 497 3313 tuat
506 3237 675 3325 domino,
686 3236 748 3314 vel
760 3237 939 3313 servienti
951 3239 982 3314 si
995 3237 1171 3315 dominus
1185 3259 1353 3337 praesens
1364 3264 1442 3314 non
1455 3239 1586 3327 fuerit,
1600 3248 1639 3315 et
1652 3239 1888 3316 demonibus
1902 3239 2002 3338 ipso·

411 3357 527 3433 rum²⁸
539 3359 610 3434 fiat
622 3357 825 3433 translatio
840 3357 889 3433 ad
903 3357 1022 3433 alium
1035 3355 1219 3433 tenendi²⁹
1234 3356 1350 3434 libere
1363 3356 1424 3434 vel
1439 3358 1479 3433 in
1494 3357 1658 3455 socagio,
1674 3359 1884 3434 secundum
1898 3357 2002 3457 quod

413 3477 568 3554 domino
597 3475 798 3575 placuerit,
829 3476 918 3574 quia
945 3476 1010 3551 ille
1038 3475 1208 3552 villanus'
1232 3476 1487 3553 sokemannus
1516 3476 1738 3554 nonhabet
1769 3485 2002 3576 potestatem

410 3596 671 3672 transferendi
690 3621 779 3671 cum
797 3595 960 3672 liberum
978 3603 1240 3672 tenementum
1260 3621 1338 3671 non
1357 3595 1508 3685 habeat,
1530 3597 1596 3672 sed
1616 3596 1803 3672 dominus.
1824 3595 1911 3672 Et⁸⁰
1931 3622 2003 3696 per

411 3716 516 3814 quod
532 3714 653 3790 videri
667 3715 812 3814 poterit
826 3713 1030 3791 manifeste
1047 3716 1150 3812 quod
1166 3714 1302 3791 situlis
1318 3714 1573 3791 sokemannus
1591 3715 1732 3792 eiectus
1750 3715 1881 3804 fuerit,
1898 3716 2002 3814 quod

411 3833 474 3909 ei⁸¹
489 3859 568 3910 non
581 3833 768 3932 competit
781 3833 910 3922 assisa,
927 3835 994 3911 sed
1009 3833 1175 3910 domino.

511 3953 558 4030 Sa'
571 3953 642 4051 fiat
656 3953 814 4030 deiratio
828 3951 942 4030 alicui
956 3953 1009 4030 od
1023 3952 1230 4029 terminum
1246 3953 1335 4029 vito
1351 3953 1548 4030 donatoris
1565 3953 1626 4030 vel
1642 3952 1844 4031 donatarii.

411 4073 534 4147 anr
557 4070 673 4149 etiam
697 4071 840 4171 poterit
864 4072 1020 4148 donatio
1045 4072 1094 4148 ad
1117 4072 1326 4150 terminum
1349 4072 1411 4148 vel
1435 4073 1485 4147 ad
1508 4080 1680 4171 tempus:
1707 4072 1757 4148 ad
1782 4072 2001 4161 terminum,

410 4189 499 4266 vitae
528 4189 590 4267 vel
622 4215 828 4267 annorum:
860 4189 988 4279 vitae,⁸²
1020 4199 1102 4267 tam
1136 4190 1331 4267 donatoris
1364 4216 1481 4289 quam
1514 4191 1716 4280 donatarii,
1749 4190 1811 4266 vel
1845 4191 2002 4268 alterius

410 4309 585 4408 ipsorum
615 4319 781 4387 tantum.
816 4311 920 4386 Item
953 4311 1003 4385 ad
1035 4320 1201 4409 tempus,
1233 4310 1274 4385 id
1306 4318 1363 4386 est
1396 4335 1594 4408 quousque
1627 4309 1688 4386 vel
1721 4312 1842 4386 donec
1875 4310 2002 4409 provi-

412 4455 498 4506 sum
520 4427 640 4506 fuerit
662 4429 875 4518 donatario,
899 4437 938 4505 et
959 4439 1052 4505 tunc
1075 4428 1196 4505 refert
1219 4437 1352 4504 utrum
1374 4429 1518 4505 mentio
1541 4429 1611 4506 fiat
1633 4438 1787 4506 tantum
1812 4431 1861 4505 de
1884 4431 2001 4505 dona·

411 4547 523 4624 tore⁸⁸
550 4547 632 4624 sine
656 4546 865 4624 heredibus
883 4546 945 4623 vel
971 4549 1020 4625 de
1045 4547 1232 4624 donatore
1258 4556 1297 4624 et
1323 4547 1525 4624 heredibus
1553 4546 1641 4624 suis.
1670 4548 1728 4624 Et
1756 4549 1834 4625 sive
1861 4549 1914 4625 sie
1940 4549 2001 4625 vel

412 4665 476 4755 sic,
507 4666 629 4743 refert
659 4673 792 4741 utrum
822 4665 1015 4766 provideri
1046 4666 1184 4742 debeat
1215 4674 1371 4743 tantum
1402 4667 1604 4743 donatario
1634 4666 1696 4743 vel
1729 4667 1930 4744 donatario
1963 4676 2002 4744 et

411 4849 492 4926 ,¹⁰et,
511 4852 580 4928 OB,
600 4852 676 4926 MA,
696 4851 773 4924 MB,
792 4852 832 4926 Y,
851 4851 925 4913 cM.
966 4849 1078 4928 '⁰oint,
1098 4852 1179 4924 MB;
1201 4851 1331 4928 faciant,
1350 4852 1395 4926 V;
1417 4852 1490 4928 fae,
1510 4853 1578 4913 OB.
1620 4849 1717 4928 ²¹est,
1738 4853 1807 4926 OB,
1829 4853 1905 4929 MA,
1926 4853 2001 4913 MB.

410 4950 438 4986 ²²
449 4951 565 5013 domini
578 4956 676 5030 regia,
692 4952 732 5028 V,
748 4953 819 5028 OB,
834 4952 911 5026 ΜΒ,
927 4952 1004 5014 MG.
1043 4951 1069 4986 ²⁸
1080 4951 1139 5028 illi,
1156 4952 1234 5028 MG,
1252 4953 1325 5014 CM.
1365 4951 1392 4986 ²⁴
1403 4953 1484 5029 Om,
1501 4955 1570 5029 OB,
1589 4954 1665 5029 MA,
1682 4955 1758 5016 MB.
1798 4952 1825 4988 ²⁶
1836 4957 2002 5028 tenuerint,

412 5053 452 5126 V,
467 5053 536 5129 OA,
549 5051 617 5130 OC,
632 5054 697 5115 cE.
734 5050 761 5087 ²⁶
772 5053 937 5116 videndum
953 5060 1010 5131 eat,
1024 5055 1065 5131 V,
1081 5054 1147 5130 LA,
1163 5055 1240 5129 MB,
1256 5055 1329 5116 Mc,
1367 5054 1393 5089 ²*
1405 5054 1448 5130 id,
1464 5056 1543 5131 MG,
1559 5057 1632 5117 CM.
1670 5054 1823 5130 ²⁸eorum,
1840 5058 1909 5132 OB,
1927 5056 2003 5130 MA,

412 5152 488 5214 MB.
524 5152 551 5187 θ’
561 5159 690 5231 tenenti,
704 5154 773 5230 OA,
788 5155 855 5229 LA,
869 5156 935 5231 OC,
950 5157 1013 5217 MC
1031 5155 1127 5232 (corr.
1142 5155 1305 5235 tenendi);
1320 5163 1395 5231 ten,
1409 5157 1488 5232 MG,
1503 5159 1582 5232 CM3
1597 5158 1734 5235 tenendi,
1749 5159 1818 5232 OB,
1833 5159 1910 5233 MA,
1926 5159 2003 5232 ΜΒ,

413 5253 727 5332 CE,Y;tenendum,
740 5255 777 5316 V.
812 5255 1109 5331 ⁸⁰Om,MG,CM.
1145 5255 1444 5336 ⁸²Om.,MG,CM.
1480 5257 1600 5337 ⁸'0m.,
1614 5261 1683 5337 OB,
1699 5262 1775 5337 MA,
1790 5261 1866 5335 ΜΒ,
1881 5262 1922 5336 Υ,
1936 5259 2002 5321 cE.

412 5351 439 5387 ⁸⁸
450 5353 623 5429 donatario,
640 5355 709 5430 OB,
726 5356 802 5432 MA,
818 5357 894 5418 MB.
