4392 6352
657 476 718 536 DB
741 475 1043 548 ADQUIRBNDO
1066 477 1225 538 RERUM
1248 478 1450 539 DOMINIO
1776 485 1850 560 275

262 626 333 702 viri
354 652 566 725 numquam
588 625 665 704 fuit
686 627 907 704 deliberata.
929 628 995 705 De
1016 628 1147 706 alienis
1170 655 1260 705 vero
1281 629 1394 705 rebus
1417 654 1501 727 quae
1522 629 1643 704 evinci
1666 637 1852 728 potenmt

261 769 341 820 non
353 744 457 822 valet
470 745 570 821 dotis
584 745 807 822 constitutio
821 771 910 823 cum
922 747 1077 823 effectu.
1094 748 1197 825 Item
1213 748 1244 824 si
1258 757 1473 847 cumpater
1487 773 1649 823 uxorem
1663 748 1851 837 habuerit,

262 863 354 939 etei
371 864 501 940 dotem
520 864 761 942 constituerit
779 866 819 941 in
837 866 954 942 tertia
973 876 1087 964 parte
1105 866 1338 956 hereditatis,
1359 866 1500 944 scilicet
1520 867 1567 943 de
1586 866 1710 943 tribus
1730 866 1851 944 unciis

262 1007 391 1071 unam,
418 982 484 1058 et²⁸
510 984 557 1060 de
583 1008 769 1060 consensu
795 984 914 1083 ipsius
941 983 1094 1060 vivente
1118 993 1242 1061 matre
1269 984 1479 1062 constituat
1505 985 1607 1062 filius
1634 985 1747 1061 uxori
1774 1011 1851 1061 suae

262 1101 404 1189 dotem,
418 1127 496 1178 non
510 1102 654 1200 poterit
668 1128 754 1178 eam
769 1104 903 1179 dotare
918 1103 990 1179 nisi
1006 1104 1054 1180 de
1068 1103 1186 1179 tertia
1200 1111 1313 1204 parte
1329 1105 1494 1180 duarum
1510 1103 1693 1203 partium,
1710 1104 1851 1181 scilicet

261 1218 428 1295 duarum
446 1219 657 1309 unciarum,
677 1222 767 1318 quia
784 1231 909 1298 mater
929 1223 1064 1298 dotata
1082 1233 1140 1299 est
1159 1223 1207 1298 de
1226 1232 1339 1322 parte
1358 1223 1489 1311 totius,
1509 1222 1650 1300 scilicet
1669 1224 1717 1299 de
1735 1223 1851 1299 tertia

261 1348 374 1438 parte
386 1339 506 1416 trium
517 1340 730 1416 unciarum.
745 1339 788 1415 Si
802 1350 932 1416 sutem
944 1350 1057 1440 pater
1070 1366 1230 1417 uxorem
1243 1365 1322 1416 non
1335 1342 1511 1417 habuerit
1525 1366 1612 1417 cum
1625 1341 1727 1419 filius
1742 1367 1852 1418 suam

262 1457 464 1547 dotaverit,
480 1465 520 1534 et
535 1459 641 1535 facta
655 1459 928 1535 constitutione
943 1484 965 1534 a
981 1459 1060 1535 filio
1077 1457 1124 1535 de
1140 1484 1327 1536 consensu
1342 1460 1477 1558 patris,
1494 1469 1608 1559 pater
1623 1469 1717 1537 ωηο
1733 1458 1850 1560 post²'

260 1603 422 1654 uxorem
434 1576 600 1666 duxerit,
613 1587 707 1654 tunc
719 1577 789 1653 fiat
802 1605 822 1654 e
835 1579 1028 1654 contrario
1041 1575 1170 1653 illius²⁸
1185 1579 1288 1676 quod
1301 1604 1420 1677 supra
1434 1579 1580 1655 dictum
1593 1589 1650 1655 est
1665 1588 1704 1655 et
1719 1603 1850 1655 secun·

261 1697 355 1772 dum
370 1696 474 1795 quod
488 1696 650 1774 inferius
666 1696 825 1785 dicetur,
843 1697 947 1772 inira
964 1697 1011 1772 de
1028 1697 1177 1773 actione
1194 1697 1306 1773 dotis.
1323 1697 1545 1773 Videndum
1563 1698 1679 1774 etiam
1697 1696 1728 1772 si
1745 1706 1849 1796 post·

262 1839 379 1914 quam
389 1815 458 1890 dos
467 1814 584 1890 semel
593 1813 666 1890 rite
676 1813 797 1890 fuerit
806 1815 1016 1891 constituta
1026 1813 1189 1890 inrebus
1199 1813 1367 1913 propriis
1377 1814 1437 1890 vel
1449 1814 1580 1890 alienis
1590 1815 1638 1890 de
1650 1839 1850 1903 consensu,

260 1959 309 2010 ex
328 1934 457 2032 aliqua
475 1934 726 2011 conventione
746 1934 852 2010 facta
871 1933 972 2010 inter
989 1934 1116 2010 virum
1135 1942 1174 2009 et
1194 1959 1355 2010 uxorem
1374 1943 1575 2010 constante
1593 1933 1850 2022 matrimonio,

260 2055 504 2153 augmentari
517 2054 638 2153 possit
652 2054 692 2129 in
705 2051 967 2152 praeiudicium
981 2052 1041 2128 vel
1056 2051 1133 2127 ad²⁹
1148 2053 1332 2128 danmum
1345 2052 1504 2128 heredis.
1521 2052 1579 2129 Et
1593 2051 1733 2128 dicitur
1747 2052 1850 2150 quod

259 2198 350 2262 non,
373 2182 419 2250 ut
442 2174 490 2249 de
512 2173 648 2250 itinere
670 2171 859 2248 Willelmi
883 2172 931 2247 de
955 2170 1133 2269 Ralegha
1157 2171 1197 2246 in
1220 2171 1406 2247 comitatu
1430 2170 1707 2259 Middlesexiae,
1733 2171 1852 2247 assisa

258 2293 393 2372 mortis
418 2291 677 2380 antecessoris,
703 2290 734 2367 si
758 2291 787 2367 J
788 2290 957 2366 ohannes
982 2290 1174 2366 Blundus.
1200 2290 1259 2366 Et
1282 2290 1385 2366 unde
1411 2289 1564 2365 videtur
1588 2290 1692 2388 quod
1716 2290 1850 2365 eadem

259 2412 408 2488 ratione
421 2411 541 2488 minui
555 2436 634 2486 non
647 2410 760 2487 debet
774 2411 814 2485 in
827 2409 1089 2508 praeiudicium
1104 2406 1247 2483 uxoris.
1264 2408 1390 2484 Facta
1405 2407 1562 2484 autem⁸⁰
1578 2408 1851 2486 constitutione

207 2572 216 2582 ·
260 2533 360 2610 dotis
377 2542 423 2609 ut
441 2531 668 2631 pradictum
684 2537 755 2617 est,
774 2554 852 2604 non
870 2527 1014 2626 poterit
1032 2552 1131 2603 uxor
1150 2527 1191 2603 in
1209 2527 1290 2602 vita
1306 2527 1380 2602 viri
1398 2527 1499 2602 circa
1517 2528 1647 2604 dotem
1664 2527 1849 2603 constitu·

259 2660 341 2728 tam
356 2650 594 2726 nominatam
609 2647 784 2747 quamvis
799 2656 946 2723 certam
962 2646 1107 2744 aliquid
1123 2646 1337 2744 disponere,
1355 2670 1444 2721 cum
1460 2645 1549 2722 inde
1566 2645 1730 2722 liberum
1745 2654 1849 2721 tene

259 2776 434 2845 mentum
448 2767 587 2844 habere
602 2791 681 2842 non
695 2765 818 2865 possit
833 2773 923 2842 ante
938 2763 1247 2861 assignationem,
1264 2763 1361 2840 ηοο81
1377 2789 1476 2839 uxor
1491 2764 1573 2839 viro
1590 2763 1851 2840 contradicere

260 2889 405 2989 poterit
423 2887 454 2964 si
473 2886 566 2962 velit
584 2887 714 2962 dotem
733 2885 896 2960 vendere
915 2884 976 2958 vel
997 2883 1174 2970 alienare,
1196 2883 1299 2980 quod
1319 2883 1350 2958 si
1371 2883 1527 2970 iaceret,
1549 2883 1596 2959 de
1617 2883 1699 2958 iure
1719 2882 1850 2958 dotem

260 3005 423 3084 amittet.
440 3006 559 3095 Quod
575 3004 606 3080 si
620 3003 680 3078 vir
696 3001 930 3090 alienaverit,
947 3001 1035 3078 licet
1052 2999 1199 3076 uxore⁸²
1217 3002 1349 3089 invita,
1366 2999 1478 3100 ipsa⁸⁸
1494 3009 1625 3077 tamen
1642 3011 1732 3100 post
1747 3026 1849 3077 mor·

258 3135 339 3203 tem
354 3124 425 3200 viri
442 3147 658 3222 regressum
674 3121 828 3198 habebit
844 3146 975 3196 versus
994 3144 1252 3218 quoscumque
1269 3121 1498 3196 detentores.
1520 3119 1598 3196 Sed
1616 3119 1647 3194 si
1665 3145 1736 3219 per
1752 3119 1849 3196 iudi·

259 3244 360 3321 cium
372 3244 433 3321 vel
444 3242 686 3320 concordiam
699 3252 743 3319 ut
756 3241 983 3341 praedictum
995 3249 1065 3330 est,
1078 3241 1139 3316 vel
1152 3247 1315 3340 propter
1327 3241 1509 3316 delictum
1522 3241 1732 3317 secundum
1747 3241 1850 3338 quod

259 3365 421 3442 inferius
437 3365 597 3452 dicetur,
613 3388 713 3439 uxor
728 3387 946 3460 regressum
962 3386 1041 3436 non
1057 3361 1222 3438 habebit.

361 3488 479 3580 Quod
491 3512 590 3564 ocor
603 3488 719 3564 vidao
733 3510 930 3564 remanere
943 3486 1057 3563 debet
1069 3485 1112 3562 in
1125 3485 1283 3584 capitati
1295 3484 1491 3583 mesuagio
1505 3509 1577 3584 per
1590 3483 1850 3584 qnadraginta

359 3606 441 3683 dica
455 3613 725 3704 postmortem
741 3605 814 3682 viri
829 3605 951 3681 donec
965 3605 1035 3681 doe
1051 3629 1122 3681 aaa
1138 3603 1259 3699 faerit
1276 3605 1311 3680 ei
1327 3603 1534 3701 assignata.

259 3729 289 3804 f.
304 3729 373 3820 96]
430 3728 612 3803 Mosrno
631 3726 714 3804 viro
733 3728 986 3803 confirmatur
1006 3736 1099 3803 tunc
1121 3727 1247 3826 primo
1269 3727 1369 3804 dotis
1390 3727 1623 3804 constitutio.
1648 3727 1706 3803 Et
1727 3727 1758 3803 si
1780 3728 1849 3804 dos

260 3849 469 3926 deliberata
483 3849 518 3924 ei
535 3848 666 3937 suerit,
683 3848 814 3925 statim
830 3848 900 3925 fiat
917 3849 951 3924 ei
967 3848 1068 3924 dotis
1086 3849 1294 3946 assignatio
1312 3847 1392 3923 sine
1409 3847 1538 3946 aliqua
1556 3847 1791 3937 difficultate,
1810 3854 1849 3923 et

258 3969 353 4046 nihil
374 3971 441 4046 det
462 3995 535 4069 pro
557 3969 646 4045 dote
669 3995 739 4046 sua
761 3969 822 4045 vel
844 3968 1050 4066 maritagio
1072 3969 1133 4044 vel
1156 3969 1367 4045 hereditate
1391 3995 1462 4045 sua
1484 3995 1601 4067 quam
1623 3969 1785 4046 maritus
1809 3979 1849 4046 et

258 4089 343 4189 ipss
363 4089 584 4168 tenuerunt¹
607 4089 668 4166 die
689 4089 815 4167 obitus
837 4089 969 4189 ipsius²
990 4089 1130 4166 mariti.
1155 4090 1213 4167 Et
1234 4099 1389 4166 maneat
1410 4089 1450 4166 in
1472 4089 1629 4189 capitali
1651 4089 1849 4188 mesuagio

257 4211 387 4288 mariti
406 4211 465 4287 sui
484 4237 555 4310 per
574 4211 833 4309 quadraginta
852 4211 932 4287 dies
952 4219 1041 4309 post
1062 4209 1210 4286 obitum
1230 4210 1369 4298 mariti,
1390 4209 1496 4285 infra
1515 4235 1610 4308 quos
1631 4208 1850 4308 assignetur

259 4330 378 4409 eidos
397 4358 467 4408 sua
483 4332 556 4408 nisi
572 4332 680 4431 prius
698 4332 817 4408 fuerit
836 4332 869 4407 ei
888 4331 1095 4428 assignata,
1114 4331 1176 4407 vel
1192 4331 1265 4407 nisi
1283 4330 1419 4407 domus
1438 4329 1503 4406 illa
1523 4330 1641 4406 fuerit
1660 4339 1846 4406 castrum:

257 4459 298 4528 et
318 4453 365 4529 de
385 4461 511 4530 castro
531 4452 597 4529 illo
616 4451 661 4528 si'
682 4451 909 4540 decesserit:
930 4452 1061 4528 statim
1082 4452 1333 4551 provideatur
1352 4451 1386 4527 ei
1407 4452 1542 4527 domus
1563 4459 1786 4550 competens
1807 4451 1848 4525 in

258 4598 336 4670 qua
353 4573 474 4671 possit
491 4572 648 4650 honeste
665 4573 806 4649 morari
825 4598 1022 4671 quousque
1041 4574 1110 4649 dos
1128 4599 1197 4650 sua
1215 4573 1249 4648 ei
1269 4572 1497 4670 assignetur,
1516 4572 1725 4649 secundum
1744 4573 1848 4671 quod

259 4787 377 4864 ²⁶0m.,
400 4789 477 4865 MG,
499 4791 572 4850 CM.
616 4789 735 4869 8‘post
757 4791 797 4865 V,
819 4790 887 4866 OB,
910 4790 991 4862 MA;
1014 4793 1125 4868 primo,
1146 4791 1215 4866 OA,
1239 4790 1305 4864 LA,
1328 4788 1395 4863 OC,
1419 4790 1495 4863 ΜΒ,
1518 4791 1585 4865 CB,
1609 4790 1649 4863 Y,
1672 4790 1750 4866 MG,
1773 4791 1846 4851 CM.

259 4887 285 4924 ²⁸
297 4890 377 4964 Om.,
395 4890 464 4964 OB,
483 4891 560 4963 MA,
578 4891 653 4951 ΜΒ.
693 4889 720 4924 ¹⁸
732 4891 811 4965 Om.,
829 4892 899 4966 OB,
917 4891 993 4964 MA,
1013 4892 1088 4952 ΜΒ.
1128 4888 1155 4923 ⁸⁰
1167 4894 1221 4966 sio,
1240 4891 1280 4964 V,
1299 4890 1367 4964 OA,
1387 4891 1458 4964 LA;
1482 4890 1617 4968 (factum
1636 4895 1678 4953 sit
1696 4897 1740 4967 in,
1759 4891 1846 4969 OC).

259 4989 285 5023 ⁸²
297 4996 342 5066 ut,
357 4989 423 5064 ΟΕ,
436 4988 503 5051 OB.
541 4988 606 5023 '²¹⁸³
617 5012 694 5052 uxor
708 4993 741 5050 in
755 4995 818 5051 vita
834 5011 895 5052 non
909 4995 1012 5071 potuit
1026 4990 1237 5052 contradicere
1251 4995 1332 5068 ipsa,
1348 4991 1392 5063 V;
1408 5013 1457 5052 ux.
1474 5013 1536 5058 ηοη
1551 4997 1584 5052 in
1597 4997 1662 5053 vita
1677 4997 1747 5069 viri,
1763 4992 1846 5064 MG;

258 5112 307 5152 ux.
327 5095 359 5150 in
375 5095 439 5151 rita
456 5095 524 5168 ipsa
541 5110 603 5150 non
619 5090 852 5167 contradixerit,
869 5092 942 5165 OC;
959 5112 1010 5153 ur.
1029 5096 1061 5150 in
1077 5096 1142 5152 vita
1159 5111 1221 5152 ηοη
1239 5095 1318 5168 ipsa,
1337 5091 1406 5168 OB,
1425 5094 1507 5166 MB;
1526 5113 1575 5156 ux.
1595 5099 1628 5154 in
1645 5097 1711 5154 vita
1729 5101 1760 5156 et
1777 5093 1847 5155 ideo

256 5194 337 5268 ipsa,
350 5192 425 5252 MA

339 5288 444 5367 ιοιη.,
463 5291 535 5365 cE;
552 5294 720 5367 tenuerint,
737 5290 807 5367 OB,
826 5290 902 5366 ΜΒ,
921 5291 998 5353 MG.
1037 5289 1143 5367 ¹Om.,
1160 5293 1230 5369 OB,
1250 5293 1327 5368 MA,
1346 5295 1420 5355 ΜΒ.
1461 5293 1567 5372 ⁸Om.,
1586 5297 1662 5371 MA,
1681 5298 1759 5373 MG,
1780 5299 1845 5360 CB.

257 5391 467 5467 *discesserit
482 5393 550 5468 OA,
565 5393 637 5466 CE;
654 5397 825 5466 recesserit,
840 5394 880 5468 V,
897 5394 974 5468 MG,
990 5393 1056 5454 MA
1076 5394 1188 5471 (corr.)
1193 5439 1203 5468 ,
1218 5395 1247 5455 Y
1267 5394 1393 5473 (corn).
