4432 6336
406 493 480 563 106
938 484 1160 546 BRACTON:
1182 485 1244 546 DE
1267 485 1460 548 LEGIBUS

405 635 500 714 data
513 635 645 725 fuerit,
660 646 699 713 et
714 661 802 713 cum
819 635 960 713 eisdem
975 636 1230 736 pertinentiis,
1246 638 1336 737 quia
1351 637 1445 714 nihil
1461 636 1567 714 aliud
1582 638 1786 714 confirmat
1803 663 1874 736 per
1891 637 1997 715 illam

404 755 698 854 generalitatem
718 755 791 832 nisi
810 754 934 832 illud²⁰
953 765 1108 833 tantum
1129 756 1233 856 quod
1254 756 1331 834 fuit
1352 756 1392 831 in
1413 757 1620 834 donatione
1640 757 1996 856 comprehensum.²²

405 876 464 954 Et
480 877 583 953 unde
599 876 630 952 si
646 875 687 952 in
702 875 829 975 prima
845 876 1052 954 donatione
1067 884 1230 976 excepta
1247 876 1325 953 fuit
1342 876 1542 953 advocatio
1560 876 1735 966 ecclesia,
1752 877 1820 953 illa
1837 902 1996 976 genera-

404 995 451 1072 lis
478 995 719 1072 confirmatio
747 996 1036 1073 advocationem
1062 1021 1141 1072 non
1165 996 1472 1094 comprehendit:
1501 1004 1540 1072 et
1567 996 1777 1073 secundum
1804 998 1908 1095 quod
1935 1023 1996 1074 res

405 1115 525 1195 data²²
549 1115 813 1194 transfertur²⁸
837 1117 894 1192 ita
915 1115 1178 1204 confirmatur,
1203 1114 1294 1214 quia
1316 1114 1558 1192 confirmatio
1582 1115 1676 1191 nihil
1700 1114 1853 1192 confert
1878 1116 1995 1193 dona·

404 1236 513 1326 tioni,
531 1262 601 1313 nec
619 1236 787 1313 detrahit
804 1235 866 1312 vel
885 1235 1074 1312 diminuit.

504 1356 688 1433 Dooator
707 1356 851 1455 poterit
871 1379 1016 1455 postera
1036 1354 1161 1453 leyen
1181 1363 1220 1432 et
1241 1354 1500 1431 condicionem
1521 1354 1731 1432 donatiam.

407 1477 537 1552 Srcur
551 1474 695 1575 poterit
710 1475 874 1551 donator
887 1483 1038 1551 mutare
1052 1498 1208 1550 causam
1222 1473 1442 1572 possidendi
1455 1473 1504 1550 de
1518 1499 1562 1550 re
1577 1473 1721 1550 donata
1736 1472 1777 1549 in
1791 1499 1996 1573 personam

405 1594 596 1671 donatarii
622 1595 765 1693 absque
790 1594 1051 1692 resumptione
1076 1601 1117 1669 et
1142 1593 1358 1670 mutatione
1384 1593 1643 1692 possessionis,
1671 1592 1738 1670 sed
1765 1619 1844 1670 non
1869 1603 1994 1671 trans-

405 1714 509 1792 ferre
538 1715 586 1791 de
614 1739 780 1814 persona
807 1714 848 1788 in
877 1738 1082 1812 personam
1113 1713 1193 1790 sine
1221 1712 1435 1790 mutatione
1464 1712 1722 1812 possessionis.
1756 1713 1822 1788 Ita
1852 1713 1995 1812 poterit

404 1838 569 1914 donator
588 1835 628 1910 in
647 1834 853 1911 donatione
873 1859 943 1909 sua
962 1857 1050 1908 eum
1069 1857 1255 1908 consensu
1276 1831 1496 1931 accipientis
1516 1831 1653 1930 legem,
1675 1831 1935 1908 condicionem
1956 1841 1995 1908 et

403 1954 562 2031 modum
581 1977 777 2053 apponere
796 1950 938 2051 quem²⁴
956 1950 1132 2039 voluerit,
1153 1952 1246 2027 dum
1264 1959 1396 2027 tamen
1415 1950 1486 2026 hoc
1506 1976 1584 2026 non
1603 1951 1653 2062 pit
1674 1949 1714 2026 in
1733 1949 1995 2049 praeiudicium

404 2073 578 2162 aliorum,
606 2071 779 2172 quamvis
805 2072 876 2148 hoo
901 2097 982 2148 esse
1008 2071 1130 2169 possit
1155 2070 1196 2145 in
1222 2069 1485 2169 praeiudicium
1513 2070 1571 2145 sui
1599 2070 1719 2169 ipsius
1745 2071 1994 2147 etheredum

404 2218 572 2269 suorum.
596 2193 654 2269 Et
676 2191 849 2289 quamvis
870 2190 941 2266 hoc
963 2189 1012 2266 sit
1034 2199 1169 2266 contra
1190 2188 1316 2287 legem
1338 2199 1451 2266 terrae
1473 2196 1513 2265 et
1534 2190 1850 2266 consuetudinem
1872 2189 1993 2288 regni,

404 2336 491 2386 cum
516 2309 718 2386 conventio
745 2307 975 2408 quandoque
1001 2309 1126 2406 legem
1151 2309 1291 2384 vincat.
1319 2309 1378 2384 Et
1405 2307 1569 2406 simplex
1597 2309 1741 2408 poterit
1766 2333 1848 2386 esse
1876 2311 1993 2386 dona·

404 2420 470 2518 tio,
492 2455 592 2528 pura
611 2439 649 2504 et
667 2426 813 2516 mera,²³
835 2427 914 2504 sine
934 2427 1154 2504 condicione
1172 2427 1233 2503 vel
1253 2428 1380 2516 modo,
1401 2437 1440 2505 et
1459 2428 1579 2505 totius
1599 2427 1654 2504 rei
1675 2427 1818 2526 absque
1839 2427 1994 2528 aliqua²⁸

403 2549 617 2627 retentione
638 2547 712 2625 de²'
736 2549 820 2647 ipsa
841 2549 902 2624 vel
923 2549 1004 2626 eius
1026 2549 1278 2649 pertinentiis.
1302 2549 1455 2626 Poterit
1477 2548 1606 2626 enim²⁸
1628 2549 1713 2648 quis
1735 2550 1829 2626 dare
1850 2575 1932 2626 rem
1955 2557 1994 2624 et

404 2680 557 2771 partem
582 2671 636 2747 rei
660 2669 826 2746 retinere
850 2669 911 2744 vel
936 2677 1090 2768 partem
1115 2670 1163 2746 de
1188 2669 1442 2768 pertinentiis.
1469 2669 1528 2744 Et
1554 2669 1657 2768 quod
1683 2668 1761 2745 fuit
1787 2693 1879 2768 pars
1905 2667 1993 2745 vel²⁹

404 2790 726 2889 pertinentiarum
746 2797 835 2888 post
855 2787 1102 2865 donationem
1122 2788 1268 2863 factam
1289 2788 1421 2865 statim
1443 2787 1582 2865 desinit
1601 2813 1683 2864 esse
1704 2787 1814 2864 dere
1835 2787 1912 2877 illa,
1934 2789 1994 2865 vel

403 2911 548 2989 deeius
567 2910 808 3009 pertinentiis
826 2920 1016 3009 quantum
1033 2911 1083 2986 ad
1103 2910 1358 2986 donatarium.
1380 2910 1484 2986 Item
1503 2919 1632 3009 potest
1651 2909 1736 3008 quis
1756 2910 1848 2986 dare
1866 2918 1993 2985 totum

403 3030 461 3108 ius
484 3030 587 3130 quod
607 3030 723 3106 habet
743 3028 812 3104 in⁸⁰
833 3028 913 3117 re,⁸²
936 3028 1111 3106 videlicet
1132 3038 1216 3107 tam
1238 3029 1485 3127 possessionis
1508 3053 1625 3128 quam
1648 3028 1897 3129 proprietatis
1919 3029 1994 3128 ipsi

404 3150 606 3228 donatario
628 3159 667 3226 et
687 3148 889 3226 heredibus
912 3147 1002 3237 suis,
1026 3149 1153 3247 quiete
1176 3149 1222 3224 de
1247 3174 1286 3225 se
1309 3157 1348 3224 et
1369 3147 1571 3224 heredibus
1595 3148 1671 3225 suis
1696 3148 1993 3246 imperpetuum.

404 3270 463 3346 Et
483 3269 557 3345 ista
577 3269 734 3344 donatio
754 3268 895 3344 dicitur
915 3267 1078 3366 simplex
1099 3274 1138 3343 et
1159 3293 1270 3366 pura,
1292 3276 1331 3343 et
1353 3267 1551 3344 donationi
1573 3267 1642 3343 tali
1664 3267 1808 3365 poterit
1830 3268 1995 3343 donator

404 3391 435 3466 si
453 3387 618 3464 voluerit
635 3387 675 3463 in
693 3385 801 3462 initio
819 3385 1035 3462 donationis
1053 3385 1178 3485 legem
1197 3411 1393 3485 apponere
1412 3396 1450 3463 et
1468 3385 1740 3474 condicionem,
1758 3393 1803 3462 ut
1823 3410 1883 3462 res
1902 3386 1995 3462 data

404 3519 493 3609 post
511 3518 666 3608 tempus
687 3508 737 3584 ad
758 3507 885 3606 ipsum
906 3516 1123 3584 revertatur
1143 3532 1231 3583 cum
1251 3508 1333 3583 iure
1354 3507 1600 3606 possessionis
1621 3505 1816 3594 tantum,⁸²
1837 3505 1993 3582 tenendi

403 3631 454 3704 ad
477 3629 597 3704 vitam
620 3652 741 3716 suam,
765 3636 804 3705 et
827 3627 883 3704 ita
906 3628 1009 3726 quod
1033 3627 1088 3702 rei
1112 3625 1330 3724 proprietas
1355 3635 1551 3702 remaneat
1575 3651 1662 3701 cum
1688 3626 1906 3702 donatari0:
1932 3625 1993 3700 vel

403 3750 459 3825 ita
485 3749 588 3846 quod
614 3755 822 3845 utrumque
848 3746 907 3822 ius
933 3753 1016 3822 tam
1043 3743 1345 3845 possessorium⁸⁸
1373 3770 1490 3844 quam
1518 3744 1767 3843 proprietatis
1795 3751 1993 3821 remaneat

403 3894 490 3944 cum
508 3867 721 3955 donatario,
739 3875 778 3943 et
797 3865 900 3964 quod
918 3865 1163 3941 ususfructus
1182 3872 1400 3940 revertatur
1418 3873 1507 3963 post
1525 3873 1679 3962 tempus
1699 3865 1749 3939 ad
1768 3863 1994 3940 donatorem

403 3989 453 4065 ad
467 3988 677 4064 terminum
693 3987 781 4064 vitae
798 3986 858 4063 vel
877 4011 1078 4082 annorum.
1099 3985 1252 4076 <Item
1270 3985 1336 4085 qui
1353 3985 1632 4084 proprietatem
1648 3983 1764 4061 habet
1781 3993 1936 4062 tantum
1955 3993 1993 4060 et

403 4107 500 4184 alius
517 4107 805 4207 possessionem,
824 4105 965 4182 scilicet
982 4104 1146 4181 liberum
1162 4112 1438 4193 tenementum,
1458 4104 1497 4179 id
1515 4105 1618 4202 quod
1636 4103 1752 4180 habet
1771 4103 1882 4180 alteri
1901 4103 1993 4179 dare

403 4236 543 4326 potest,
570 4227 711 4303 scilicet
736 4227 1027 4326 proprietatem,
1054 4223 1160 4300 salvo
1184 4223 1332 4300 tenenti
1357 4223 1477 4299 libero
1503 4231 1722 4300 tenemento
1749 4248 1818 4299 suo
1845 4231 1884 4300 et
1911 4222 1994 4298 iure

402 4347 649 4447 possessionis
671 4344 874 4432 advitam,
898 4352 937 4420 et
960 4342 1063 4442 quod
1085 4350 1175 4442 post
1196 4351 1361 4419 mortem
1385 4343 1464 4418 eius
1489 4350 1706 4418 revertatur
1731 4342 1917 4440 possessio
1942 4341 1992 4416 ad

402 4447 692 4566 proprietatem.
712 4462 799 4538 Er*
816 4487 892 4560 quo
909 4487 1001 4538 casu
1020 4461 1208 4538 attornari
1227 4461 1340 4539 debet
1358 4462 1421 4538 ille
1441 4461 1506 4560 qui
1525 4461 1695 4560 possidet
1714 4460 1762 4538 de
1780 4460 1935 4537 servitio
1953 4469 1992 4537 et

403 4584 486 4661 aliis
508 4581 569 4661 ei⁸³
592 4582 658 4681 qui
679 4582 958 4688 proprietatem
978 4579 1105 4668 habet,
1128 4580 1225 4656 sicut
1247 4581 1355 4679 prius
1378 4588 1596 4657 attornatus
1620 4579 1697 4658 fuit
1720 4579 1910 4657 donatori.
1934 4580 1992 4656 Et

402 4702 536 4780 eodem
553 4701 668 4778 modo
685 4701 716 4777 si
733 4701 818 4800 quis
833 4699 976 4776 habens
992 4707 1200 4798 utrumque
1216 4697 1303 4776 ius⁸⁰
1320 4699 1547 4776 concesserit
1564 4698 1677 4775 alicui
1694 4699 1992 4786 usumfructum,

401 4909 429 4945 ²⁰
440 4908 484 4986 id,
504 4910 574 4983 OB,
595 4908 671 4981 MA,
693 4906 764 4981 CE3
785 4905 880 4982 istud,
901 4907 940 4968 Y.
984 4903 1103 4980 ²²Om.,
1125 4905 1203 4980 MG,
1225 4905 1298 4966 CM.
1341 4903 1368 4939 ¹²
1380 4905 1460 4981 Om.,
1482 4904 1549 4979 OC,
1572 4905 1650 4980 MG,
1673 4905 1746 4965 CM.
1791 4902 1818 4937 ²⁸
1829 4904 1992 4980 transfert,

403 5009 480 5087 MG,
500 5010 573 5070 CM.
616 5007 755 5087 '‘quam,
776 5007 853 5083 MG,
873 5007 947 5082 ΟΜ,
968 5008 1042 5068 ΜΟ.
1084 5005 1205 5068 ²⁸mera
1225 5014 1267 5081 et,
1287 5005 1356 5081 OB,
1377 5007 1454 5082 MA,
1476 5007 1550 5067 ΜΒ.
1594 5005 1705 5083 ²⁶alia,
1727 5007 1797 5081 OB,
1817 5007 1894 5081 MA,
1916 5008 1991 5068 MB.

402 5108 428 5144 ²⁷
441 5109 480 5170 de
497 5129 542 5186 re,
559 5110 598 5186 V,
616 5109 683 5183 OC,
701 5108 768 5184 LA,
785 5109 858 5169 MC.
898 5106 1040 5183 ²⁸etiam,
1058 5106 1125 5182 OC,
1143 5109 1210 5184 LA,
1229 5109 1306 5183 MG,
1325 5109 1400 5184 CM,
1419 5109 1492 5170 MC.
1534 5106 1561 5142 ²⁹
1573 5109 1653 5185 Om.,
1671 5109 1711 5183 V,
1730 5110 1798 5172 OB.
1839 5107 1993 5183 ⁸⁰·⁸¹iure,

402 5210 496 5271 MSS.
518 5230 583 5270 var.
626 5208 744 5285 ⁸²0m.,
764 5210 833 5285 OB,
855 5208 930 5284 MA,
955 5208 992 5285 (A
1004 5209 1100 5287 ΜΒ).
1143 5208 1169 5243 ⁸⁸
1181 5213 1395 5288 possessionis,
1416 5212 1455 5287 V,
1477 5212 1554 5287 MA,
1575 5212 1658 5284 MG;
1680 5231 1903 5290 possessorum,
1923 5211 1992 5273 OB.

401 5307 431 5344 ⁸⁴
440 5329 490 5384 ex,
511 5309 586 5384 ΟΜ,
609 5310 686 5386 MG,
708 5309 782 5384 HA,
805 5310 877 5371 ΗΒ.
921 5308 1040 5384 ⁸⁶Om.,
1063 5311 1141 5387 MG,
1164 5311 1239 5386 CM,
1262 5312 1335 5387 HA,
1359 5313 1432 5373 ΗΒ.
1478 5310 1595 5390 '‘eum,
1619 5313 1697 5388 MG,
1720 5315 1795 5389 CM,
1819 5315 1898 5387 HA3
1923 5335 1992 5389 om.,

403 5411 478 5487 ΗΒ,
491 5409 556 5470 ΟΒ.
