4432 6340
646 515 707 575 DE
730 514 1033 588 ADQUIRENDO
1056 515 1214 576 RERUM
1237 515 1439 577 DOMINIO
1768 525 1838 592 181

252 666 392 744 dicitur
410 669 456 744 de
474 691 607 755 uxore,
625 675 664 743 et
681 667 712 743 si
729 666 825 744 bene
843 667 971 743 meriti
989 667 1136 743 fuerint
1154 667 1194 742 in
1212 666 1293 744 vita
1311 675 1528 766 parentum.
1549 668 1608 742 Et
1625 667 1730 744 unde
1747 668 1841 744 nihil

251 794 384 885 petere
405 794 590 885 potenmt
611 786 722 884 pueri
742 785 866 883 magis
887 810 1004 884 quam
1026 811 1165 862 uxores
1188 787 1235 862 de
1257 786 1340 861 iure
1361 784 1434 861 nisi
1455 795 1610 862 tantum
1632 787 1679 862 de
1701 788 1841 884 gratia,

251 905 317 980 vix
335 903 437 980 enim
455 904 692 981 inveniretur
709 903 846 1001 aliquis
864 904 955 980 civis
975 905 1040 1003 qui
1060 904 1100 980 in
1118 905 1199 979 vita
1217 929 1403 1002 magnum
1423 913 1610 1002 quaestum
1631 904 1788 994 faceret,
1810 904 1842 981 si

250 1022 292 1097 in
307 1031 431 1100 morte
447 1049 517 1099 sua
532 1031 736 1120 cogeretur
751 1023 893 1099 invitus
910 1022 1010 1097 bona
1027 1049 1098 1099 sua
1113 1023 1327 1121 relinquere
1344 1022 1474 1121 pueris
1492 1021 1653 1099 indoctis
1672 1031 1712 1100 et
1727 1023 1841 1099 luxu·

251 1140 360 1218 riosis
377 1149 417 1218 et
432 1139 616 1218 uxoribus
633 1139 733 1217 male
751 1140 907 1217 meritis.
926 1140 984 1217 Et
1003 1139 1101 1216 idec⁹
1119 1140 1374 1217 necessarium
1392 1150 1450 1217 est
1468 1141 1580 1217 valde
1598 1142 1702 1239 quod
1719 1141 1783 1217 ei¹⁰
1800 1142 1842 1216 in

251 1259 321 1334 bac
337 1268 450 1359 parte
466 1259 586 1336 libera
601 1258 768 1336 facultas
784 1259 989 1337 tribuatur.
1008 1259 1087 1335 Per
1103 1259 1174 1334 hoc
1191 1259 1292 1335 enim
1308 1258 1420 1335 tollet
1437 1259 1678 1349 maleficium,
1697 1261 1840 1337 anima·

251 1377 307 1455 bit
329 1378 380 1453 ad
399 1377 594 1467 virtutem,
615 1387 654 1454 et
674 1386 757 1454 tam
777 1377 962 1454 uxoribus
985 1402 1101 1476 quam
1122 1376 1249 1453 liberis
1272 1376 1367 1454 bene
1389 1377 1555 1453 faciendi
1578 1377 1711 1455 dabit²¹
1734 1403 1840 1454 occa·

252 1500 407 1586 sionem,
427 1498 531 1595 quod
550 1496 704 1595 quidem
722 1497 832 1572 fieret
852 1496 883 1571 si
903 1521 943 1572 se
963 1495 1103 1571 scirent
1122 1496 1387 1571 indubitanter
1406 1505 1550 1572 certam
1572 1505 1724 1596 partem
1743 1496 1840 1572 obti-

251 1643 353 1706 nere,
374 1617 490 1694 etiam
511 1616 590 1693 sine
610 1614 804 1692 testatoris
825 1615 1036 1690 voluntate.
1061 1614 1103 1690 Si
1124 1623 1254 1690 autem
1274 1615 1390 1713 plura
1410 1614 1488 1691 sint
1508 1613 1648 1704 debita,
1669 1615 1730 1690 vel
1752 1614 1840 1715 plus

250 1734 424 1833 legatum
444 1734 564 1811 fuerit
583 1734 809 1831 ignoranter
828 1733 889 1808 vel
911 1732 1084 1820 scienter,
1106 1731 1155 1808 ad
1176 1757 1260 1831 quae
1280 1731 1421 1808 catalla
1442 1733 1616 1809 defuncti
1638 1757 1716 1809 non
1738 1732 1840 1810 suffi-

250 1852 393 1940 ciant,²²
410 1861 572 1950 excepto
588 1850 759 1928 domini¹⁸
775 1850 904 1949 regis¹⁴
921 1849 1123 1949 privilegio
1138 1851 1208 1927 fiat
1224 1849 1364 1948 ubique
1381 1851 1599 1938 defalcatio,
1615 1860 1778 1951 excepto
1796 1877 1840 1927 eo

251 1973 354 2071 quod
371 1972 402 2048 si
417 1972 589 2048 debitum
605 1970 724 2046 fuerit
740 1969 780 2046 in
795 1996 841 2046 eo
856 1970 960 2068 quod
975 1968 1155 2058 defuerit,
1172 1978 1369 2046 remaneat
1385 1969 1493 2046 heres
1510 1969 1714 2067 obligatus.
1734 1969 1840 2045 Fieri

251 2099 381 2168 autem
397 2089 510 2167 debet
526 2098 801 2166 testamentum
815 2088 924 2164 liberi
939 2087 1101 2163 hominis
1119 2086 1169 2164 ad
1185 2087 1312 2163 minus
1329 2111 1458 2163 coram
1476 2087 1624 2164 duobus
1642 2089 1703 2165 vel
1720 2088 1840 2188 pluri·

251 2211 322 2288 bus
337 2210 428 2286 viris
443 2210 631 2307 legalibus
648 2218 687 2286 et
702 2209 881 2298 honestis,
898 2207 1042 2284 clericis
1059 2210 1121 2284 vel
1135 2208 1252 2297 laicis,
1271 2207 1409 2284 adhoc
1426 2208 1641 2307 specialiter
1657 2234 1840 2285 convoca·

250 2333 311 2421 tis,
330 2333 380 2408 ad
398 2331 641 2430 probandum
658 2338 933 2406 testamentum
950 2329 981 2405 si
998 2356 1096 2428 opus
1116 2328 1247 2418 fuerit,
1267 2329 1297 2406 si
1316 2329 1363 2405 de
1380 2336 1613 2406 testamento
1631 2329 1839 2406 dubitetur.

250 2451 491 2527 Executores
510 2458 640 2526 autem
657 2475 739 2526 esse
757 2448 897 2525 debent
915 2448 971 2524 illi
989 2473 1084 2546 quos
1101 2456 1266 2525 testator
1283 2446 1454 2545 elegerit,
1475 2447 1553 2524 sive
1572 2448 1648 2524 sint
1668 2448 1841 2524 extranei

251 2569 329 2645 sive
347 2576 538 2667 parentes,
557 2567 766 2666 propinqui
782 2568 843 2642 vel
860 2567 1008 2642 remoti.
1028 2567 1086 2642 Et
1105 2565 1136 2640 si
1153 2566 1201 2641 de
1218 2573 1450 2642 testamento
1469 2566 1616 2642 oriatur
1633 2567 1840 2655 contentio,

250 2687 292 2763 in
308 2687 394 2762 foro
412 2684 662 2763 ecclesiastico
679 2684 793 2761 debet
810 2684 996 2784 placitum
1014 2683 1224 2772 terminari,
1243 2682 1333 2781 quia
1352 2684 1400 2759 de
1418 2708 1534 2759 causa
1551 2685 1841 2761 testamentaria

250 2806 348 2882 sicut
365 2829 434 2880 nec
452 2805 498 2881 de
515 2829 631 2880 causa
647 2802 918 2880 matrimoniali
935 2802 1041 2879 curia
1057 2802 1165 2899 regia
1182 2827 1221 2878 se
1239 2826 1318 2876 non
1335 2800 1569 2878 intromittit.
1590 2803 1694 2879 Item
1713 2827 1840 2901 quaero

251 2948 303 2998 an
320 2931 484 2999 testator
500 2921 631 3019 legare
648 2921 770 3021 possit
788 2920 956 2998 actiones
975 2946 1074 2996 suas.
1095 2921 1154 2995 Et
1172 2945 1307 2995 verum
1325 2929 1383 2996 est
1404 2921 1507 3018 quod
1526 2945 1616 3008 non,
1636 2920 1684 2996 de
1704 2921 1840 2999 debitis

251 3067 336 3141 quae
356 3041 397 3116 in
418 3040 498 3118 vita
520 3039 716 3117 testatoris
738 3039 912 3116 convicta
934 3063 1013 3114 non
1037 3037 1184 3116 fuerint
1206 3062 1276 3114 nec
1298 3038 1508 3136 recognita,
1533 3039 1600 3114 sed
1623 3037 1840 3116 huiusmodi

251 3159 281 3236 f.
296 3157 391 3252 61b]
447 3158 615 3242 actiones
642 3165 868 3255 competunt
894 3155 1107 3233 heredibus.
1137 3157 1238 3233 Cum
1266 3165 1396 3233 autem
1423 3155 1598 3232 convicta
1626 3156 1774 3233 fuerint
1800 3165 1841 3233 et

250 3279 459 3376 recognita,
475 3287 569 3354 tuno
586 3286 676 3354 sunt
693 3276 802 3375 quasi
818 3277 860 3352 in
876 3276 985 3352 bonis
1002 3275 1197 3353 testatoris
1216 3284 1255 3352 et
1272 3284 1498 3374 competunt
1516 3275 1782 3352 executoribus
1799 3275 1841 3351 in

251 3400 339 3476 foro
356 3397 618 3475 ecclesiastico.
640 3396 682 3472 Si
702 3403 831 3472 autem
849 3403 1071 3493 competant
1089 3392 1290 3470 heredibus
1309 3402 1354 3469 ut
1372 3393 1599 3492 pradictum
1618 3402 1675 3470 est
1694 3393 1734 3468 in
1754 3393 1841 3469 foro

251 3517 412 3596 seculari
434 3516 574 3593 debent
594 3512 804 3603 terminari,
826 3512 916 3611 quia
938 3520 1145 3611 antequam
1167 3511 1445 3588 convincantur
1466 3520 1506 3588 et
1527 3511 1568 3586 in
1590 3511 1677 3586 foro
1700 3511 1840 3601 debito,

251 3662 330 3713 non
346 3635 514 3735 pertinet
531 3635 581 3710 ad
597 3642 817 3710 executores
834 3640 879 3708 ut
894 3631 936 3707 in
952 3630 1039 3706 foro
1057 3628 1307 3706 ecclesiastico
1324 3630 1611 3706 convincantur.
1631 3631 1689 3706 Et
1705 3631 1747 3705 in
1764 3631 1842 3706 fine

251 3755 466 3831 notandum
479 3752 583 3851 quod
596 3750 764 3829 debonis
779 3750 953 3826 defuncti
968 3749 1093 3847 primo
1108 3749 1332 3824 deducenda
1346 3757 1437 3824 sunt
1451 3775 1497 3823 ea
1512 3773 1595 3846 quae
1610 3757 1700 3825 sunt
1715 3773 1840 3824 neces·

252 3872 388 3961 sitatis,
403 3881 442 3949 et
458 3879 593 3971 postea
609 3895 692 3969 quae
708 3877 799 3946 sunt
813 3867 1004 3956 utilitatis,
1020 3876 1059 3945 et
1074 3866 1212 3942 ultimo
1228 3865 1339 3965 quae²⁵
1355 3865 1577 3942 voluntatis.

351 4113 417 4189 De
433 4108 670 4209 adquirendo
685 4132 815 4184 rerunt
829 4105 998 4184 domimo
1015 4130 1063 4182 en
1078 4129 1195 4181 conso
1210 4103 1426 4203 emptionis.

252 4231 336 4307 Esr
358 4228 502 4306 etiam¹⁰
525 4227 699 4327 quadam
720 4223 1086 4323 causaadquirendi
1108 4248 1238 4299 rerum
1262 4221 1430 4300 dominia
1453 4247 1537 4321 quae
1562 4223 1702 4299 dicitur
1726 4247 1842 4300 causa

251 4349 456 4447 emptionis
472 4356 511 4424 et
526 4345 765 4423 venditionis.
782 4345 885 4430 Cum
900 4343 984 4442 quis
1000 4367 1082 4418 rem
1099 4367 1208 4418 suam
1224 4341 1438 4418 vendiderit
1456 4341 1569 4416 alicui
1585 4340 1764 4417 mobilem
1780 4341 1841 4417 vel

251 4466 484 4545 immobilem
509 4473 662 4564 emptor
685 4472 840 4541 tenetur
865 4461 1054 4538 venditori
1080 4460 1130 4537 ad
1155 4459 1335 4560 pretium,
1362 4469 1401 4537 et
1426 4459 1603 4537 venditor
1629 4460 1794 4558 emptori
1819 4485 1841 4535 e

251 4610 434 4662 converso
458 4587 508 4661 ad
532 4585 657 4684 ipsam
680 4607 762 4659 rem
785 4582 1026 4668 tradendam,
1053 4579 1260 4656 secundum
1286 4579 1390 4676 quod
1415 4578 1590 4676 superius
1616 4577 1842 4654 observatur

252 4707 293 4782 in
315 4703 596 4792 donationibus,
620 4701 710 4801 quia
732 4701 812 4778 sine
834 4697 1041 4776 traditione
1063 4722 1142 4772 non
1164 4697 1457 4773 transferuntur
1479 4695 1636 4772 rerum¹⁷
1661 4695 1840 4772 dominia.

253 4821 340 4899 Et²⁸
355 4848 431 4920 quo
447 4847 537 4898 casu
551 4828 707 4920 oportet
723 4818 826 4917 quod
842 4826 948 4893 certa
962 4816 1012 4895 sit
1028 4842 1088 4893 res
1105 4839 1188 4914 quae
1205 4814 1396 4903 venditur,
1414 4821 1453 4890 et
1470 4815 1573 4912 quod
1590 4823 1737 4891 certum
1755 4841 1841 4913 pre·

252 4946 351 5023 tium
373 4941 642 5019 constituatur.
666 4938 790 5015 Nulla
811 4935 914 5013 enim
937 4933 1083 5034 emptio
1105 4958 1186 5010 esse
1210 4933 1353 5033 poterit
1378 4933 1458 5009 sine
1481 4941 1585 5008 certo
1610 4933 1747 5032 pretio,
1772 4957 1842 5008 nec

252 5146 358 5224 ’Om.,
375 5145 445 5221 OB,
463 5144 539 5218 MA,
555 5141 632 5216 ΜΒ,
649 5140 716 5215 CB,
733 5141 806 5200 CM.
845 5136 871 5171 ²⁰
884 5138 964 5213 Om.,
980 5137 1049 5212 OB,
1067 5134 1144 5208 MA,
1162 5134 1238 5210 ΜΒ,
1257 5134 1337 5206 CM;
1355 5131 1430 5210 illis,
1448 5133 1488 5207 V,
1507 5133 1572 5194 ΟΕ.
1612 5133 1638 5166 ¹²
1650 5132 1753 5209 babet,
1773 5133 1842 5208 OB,

254 5249 330 5322 MA,
347 5246 423 5320 ΜΒ,
438 5245 506 5322 CE,
522 5245 585 5304 CM
606 5239 765 5321 (habeat).
803 5237 1002 5313 ²²sufficiunt,
1019 5236 1089 5313 OB,
1106 5235 1181 5310 MA,
1198 5237 1273 5297 ΜΒ.
1312 5233 1513 5297 ²⁸‘²⁴domino
1530 5253 1615 5312 rege,
1631 5236 1698 5296 OA
1737 5232 1842 5313 ¹⁵quoe

253 5356 336 5422 aunt,
356 5347 396 5422 V,
417 5345 491 5407 MA.
534 5341 685 5416 ¹⁰autem,
706 5341 776 5417 0B,
797 5339 872 5414 MA,
894 5338 971 5413 ΜΒ,
994 5337 1067 5412 MC,
1089 5338 1155 5413 OC,
1178 5337 1252 5415 CM,
1273 5337 1312 5398 V.
1354 5335 1474 5412 ¹²Om.,
1495 5336 1564 5412 ΟΛ,
1586 5337 1652 5413 LA,
1675 5339 1742 5414 OC,
1764 5338 1840 5399 MG.

253 5449 281 5484 ²⁸
292 5450 373 5523 Om,
388 5447 458 5524 OB,
475 5445 551 5524 MA,
569 5444 646 5520 ΜΒ,
662 5443 742 5516 CM;
758 5462 807 5518 ex,
824 5439 890 5501 CB.
