4394 6342
907 495 968 556 nn
993 495 1137 558 ansus
1771 501 1818 572 41

228 645 376 723 veluti¹⁰
395 647 494 724 oedes
513 670 629 724 sacrae
647 655 687 724 et
705 644 891 744 religiosae
910 654 949 721 et
970 647 1072 723 dona
1091 672 1176 746 quae
1194 647 1268 724 rite
1288 647 1339 723 ad
1358 645 1612 723 ministerium
1633 646 1694 722 dei
1715 646 1819 724 dedi·

227 775 316 843 cata
332 775 435 856 sunt,
453 774 498 843 ut
514 766 660 855 calices,
678 790 820 855 cruces,
837 775 877 843 et
893 764 1076 856 turibula,
1095 790 1179 865 quae
1198 766 1355 843 alienari
1373 765 1638 867 prohibentur,
1657 775 1820 867 excepta

227 910 344 962 causa
361 885 635 984 redemptionis
651 885 905 984 captivorum.
925 886 1029 962 Item
1046 887 1131 962 loca
1148 911 1258 962 sacra
1275 895 1366 963 sunt
1384 885 1602 962 coemiteria
1619 884 1685 962 et²²
1705 885 1819 961 eccle·

229 1003 292 1080 siae
311 1012 352 1080 et
369 1003 566 1103 capellae,²²
587 1013 626 1082 et
645 1003 732 1082 licet
752 1004 911 1081 aedifieia
931 1003 1176 1092 diruantur,²⁸
1198 1003 1322 1080 adhuc
1342 1006 1448 1082 locus
1469 1030 1575 1082 sacer
1594 1012 1738 1082 manet.
1761 1004 1820 1081 Et

228 1123 363 1201 differt
382 1147 534 1200 sacrum
554 1149 578 1200 a
598 1123 763 1200 sacrario
784 1124 874 1223 quia
894 1124 1103 1200 sacrarium
1124 1124 1264 1201 dicitur
1283 1124 1389 1201 locus
1408 1124 1475 1200 ubi
1497 1148 1605 1201 sacra
1626 1148 1819 1223 reponun-

228 1240 335 1317 tur.²‘
353 1243 480 1321 Sacrae
496 1240 640 1319 etiam'⁸
656 1267 716 1320 res
733 1253 835 1331 sunt,
851 1243 971 1320 veluti
988 1243 1088 1319 muri
1105 1252 1144 1320 et
1161 1251 1284 1343 portae
1300 1242 1511 1332 civitatum,
1529 1253 1568 1320 et
1584 1244 1671 1320 ideo
1688 1241 1819 1320 dicun·

227 1373 294 1440 tur
315 1362 437 1440 sancti
459 1361 550 1461 quia
571 1385 688 1460 poena
708 1361 884 1461 capitalis
905 1362 1117 1439 constituta
1139 1371 1197 1439 est
1219 1363 1260 1438 in
1283 1388 1346 1440 eos
1370 1363 1436 1461 qui
1458 1363 1603 1461 aliquid
1625 1362 1666 1438 in
1687 1387 1819 1438 muros

228 1492 380 1560 sanctos
403 1480 643 1581 delinquunt,
666 1480 845 1557 violando
868 1481 1013 1580 aliquid
1036 1481 1076 1558 in
1097 1482 1155 1558 his
1178 1482 1239 1558 vel
1261 1482 1515 1570 immittendo,
1538 1482 1600 1558 vel
1623 1491 1819 1559 transcen·

227 1601 365 1690 dendo,
380 1600 489 1678 scalis
503 1599 694 1688 adhibitis,
707 1599 768 1676 vel
783 1601 859 1677 aha
873 1600 1041 1699 qualibet
1055 1600 1215 1677 ratione.
1231 1600 1335 1690 Quia
1348 1600 1485 1678 hostile
1499 1610 1557 1679 est
1570 1610 1609 1678 et
1624 1599 1818 1678 abomina-

228 1719 302 1798 bile
320 1719 413 1796 alias
430 1719 581 1817 ingredi
599 1745 716 1819 quom
734 1744 806 1818 per
823 1727 968 1820 portas.
986 1718 1145 1804 Dicitur
1162 1719 1279 1796 etiam
1298 1729 1475 1796 sanchrm
1492 1721 1596 1819 quod
1615 1720 1819 1798 defensum

228 1847 347 1917 estet
365 1837 559 1915 munitum
580 1839 628 1913 eb
649 1837 789 1914 iniuria
808 1838 1017 1927 hominum,
1040 1846 1079 1913 et
1100 1838 1163 1914 lex
1185 1838 1252 1915 illa
1273 1838 1488 1937 specialiter
1510 1839 1650 1916 dicitur
1671 1840 1820 1917 sanctio

226 1957 339 2056 quoe²⁸
356 1981 512 2056 poenam
529 1956 693 2056 imponit
711 1957 903 2033 iniurioso.
922 1958 1062 2034 Muros
1080 1983 1171 2034 vero
1189 1957 1439 2059 municipales
1458 1958 1614 2035 reficere
1632 1982 1711 2035 non
1729 1959 1818 2035 licet

227 2075 339 2153 alicui
355 2077 406 2154 ad
420 2077 617 2177 privatum
633 2076 888 2165 commodum,
905 2077 971 2154 sed
988 2077 1038 2152 ad
1055 2076 1276 2176 publicam²⁷
1292 2075 1540 2155 utilitatem.²⁸

327 2195 517 2290 Quodam
531 2195 685 2274 nullius.

226 2315 309 2393 Res
322 2314 476 2414 quidem
490 2314 632 2392 nullius
646 2339 727 2393 esse
741 2315 922 2392 dicuntur
934 2314 1110 2414 pluribus
1123 2313 1264 2392 modis:
1279 2324 1432 2404 natiue,
1448 2314 1525 2391 sive
1539 2315 1622 2392 iure
1636 2316 1816 2404 naturali,

225 2442 271 2510 ut
292 2435 385 2510 lerae
406 2433 546 2523 bestiae,
568 2432 741 2510 volucres
763 2443 802 2512 et
823 2434 957 2533 pisces.
983 2435 1086 2510 Item
1107 2459 1281 2523 censura,
1303 2443 1348 2510 ut
1371 2433 1518 2511 dictum
1541 2443 1610 2523 est,
1634 2435 1732 2512 sicut
1754 2461 1815 2512 res

225 2575 352 2642 sacre,
370 2552 556 2650 religiose
574 2562 613 2629 et
631 2561 783 2630 sancte.
804 2553 908 2630 Item
926 2577 1029 2642 casu,
1049 2553 1147 2630 sicut
1165 2551 1251 2629 est²⁹
1269 2552 1461 2630 hereditas
1480 2555 1606 2631 iacens
1626 2563 1716 2632 ante
1736 2555 1815 2631 adi·

225 2672 380 2748 tionem.
403 2670 481 2747 Sed
500 2671 603 2748 fallit
622 2672 663 2748 in
681 2672 763 2761 hoc,
785 2671 902 2771 quia⁸⁰
922 2672 1085 2750 sustinet
1104 2672 1225 2750 vicem
1244 2697 1417 2772 personoe
1437 2672 1623 2762 defuncti,
1644 2673 1705 2750 vel
1726 2673 1817 2772 quia

225 2789 459 2889 sperantur⁸¹
476 2791 620 2867 futurae
634 2789 811 2867 heredis⁸²
829 2791 895 2890 qui
911 2789 1043 2868 adibit.
1059 2790 1259 2867 Dicrmtur
1276 2792 1393 2868 etiam
1409 2817 1470 2868 res
1487 2791 1528 2867 in
1545 2791 1687 2869 nullius
1705 2793 1814 2869 honis

224 2935 305 2986 esse
321 2934 406 3008 quae
420 2908 559 2986 habitae
574 2919 666 2987 sunt
681 2935 754 3008 pro
771 2910 963 2987 derelicto.
983 2911 1087 2986 Item
1102 2921 1278 3010 tempore
1295 2910 1477 2986 dicuntur
1494 2935 1554 2988 res
1572 2911 1715 2987 nullius
1733 2935 1815 2988 esse

224 3037 269 3104 ut
291 3027 505 3105 thesaurus.
530 3029 635 3106 Item
656 3029 721 3105 ubi
745 3054 824 3105 non
846 3037 1011 3128 apparet
1035 3028 1211 3106 dominus
1235 3028 1301 3117 rei,
1325 3029 1423 3106 sicut
1447 3030 1495 3106 de
1518 3054 1662 3106 wreoco
1684 3029 1813 3107 maris.

224 3150 329 3227 Item
348 3149 396 3226 de
415 3147 473 3226 his
493 3174 578 3247 quae
595 3146 696 3247 pro⁸⁸
715 3147 864 3247 wayvio
883 3147 1086 3237 habentur,
1106 3147 1205 3225 sicut
1224 3149 1273 3224 de
1294 3147 1441 3237 averiis,
1462 3147 1528 3224 ubi
1549 3173 1628 3225 non
1648 3158 1813 3248 apparet

223 3269 413 3357 dominus,
433 3276 474 3344 et
494 3292 578 3366 quae
598 3266 689 3343 olim
710 3268 871 3344 fuerunt
891 3267 1100 3343 inventoris
1122 3269 1171 3344 de
1190 3267 1274 3344 iure
1295 3267 1475 3356 naturali,
1498 3267 1574 3344 iam
1597 3267 1814 3344 efficiuntur

224 3387 409 3486 principis
432 3387 479 3462 de
500 3387 583 3464 iure
604 3384 791 3485 gentium.
817 3387 921 3463 Item
944 3394 1034 3463 sunt
1056 3411 1117 3463 res
1140 3395 1283 3462 natura
1303 3385 1458 3475 nullius,
1482 3386 1547 3462 ubi
1570 3396 1713 3464 natura
1735 3413 1814 3464 non

223 3506 253 3582 f.
268 3504 338 3600 eb]
394 3505 555 3604 patitur,
576 3507 680 3604 quod
699 3504 848 3605 possint
867 3530 948 3581 esse
967 3505 1137 3594 alicuius,
1158 3504 1256 3582 sicut
1276 3504 1394 3582 sunt⁸⁴
1413 3505 1523 3581 liberi
1541 3505 1723 3583 homines.
1746 3506 1813 3581 Li·

222 3623 303 3700 beri
319 3624 420 3700 enim
435 3623 605 3700 homines
621 3624 792 3722 exempti
809 3631 900 3699 sunt
915 3649 940 3699 a
955 3623 1124 3700 dominio
1139 3632 1180 3700 et
1196 3623 1433 3712 commercio,
1450 3633 1489 3701 et
1506 3624 1603 3700 illud
1619 3625 1721 3701 idem
1739 3624 1812 3701 dici

222 3741 367 3839 poterit
381 3740 449 3817 in⁸⁸
464 3767 574 3818 servo
588 3750 812 3839 aegrotante,
828 3766 943 3840 quem
956 3740 1135 3819 dominus
1151 3740 1297 3817 obiecit.
1316 3741 1404 3818 Lex
1419 3742 1521 3818 enim
1538 3743 1633 3820 facit
1650 3743 1684 3819 ei
1700 3749 1746 3819 ut
1762 3743 1813 3820 sit

223 3859 329 3937 liber.

223 4044 320 4122 ”veh
338 4045 405 4119 ΟΕ,
425 4046 502 4120 MG,
521 4047 596 4120 ΟΜ,
615 4046 687 4106 HA.
728 4043 837 4106 ²¹'²²et
856 4042 983 4123 capelle
1002 4051 1034 4104 et
1051 4043 1196 4117 ecclesie,
1216 4043 1255 4118 V,
1275 4044 1343 4118 ΟΟ,
1363 4045 1438 4119 ΟΜ,
1458 4045 1525 4118 LA,
1546 4046 1620 4121 HA,
1640 4047 1718 4123 MG,
1739 4048 1812 4108 ΜΟ.

222 4144 248 4179 ⁸⁸
259 4145 450 4221 derivantur,
465 4147 541 4222 MA,
557 4147 635 4222 MG,
651 4147 725 4220 CM,
741 4145 814 4207 MC.
851 4143 879 4180 ²⁴
889 4153 1057 4224 ponuntur,
1074 4147 1151 4221 MG,
1167 4146 1242 4207 ΟΜ.
1278 4144 1305 4178 ²⁸
1316 4149 1407 4222 enim,
1423 4146 1493 4220 OB,
1509 4148 1591 4220 MA;
1606 4155 1720 4226 autem,
1736 4149 1812 4210 ΜΒ.

222 4244 343 4325 ⁸⁸quia,
359 4247 398 4321 V,
415 4247 485 4322 ΟΒ,
502 4247 577 4308 ΜΒ.
615 4245 1124 4323 ''communem,MG‚CM‚OC.
1163 4245 1282 4323 ²⁸0m.,
1302 4248 1379 4324 MG,
1399 4248 1472 4309 ΟΜ.
1512 4246 1632 4324 2Ὀιιι,
1650 4250 1727 4324 MA,
1745 4249 1813 4326 ΟΕ,

222 4347 287 4408 LA.
327 4345 456 4425 ⁸⁰quod,
474 4348 551 4421 MA,
569 4349 645 4424 ΜΒ,
664 4347 738 4408 ΗΑ.
778 4346 996 4426 ⁸²aperautur,
1015 4349 1082 4409 OC.
1122 4346 1189 4382 ⁸⁸⁸⁸⁸
1200 4355 1346 4427 speratur
1365 4349 1472 4412 lutura
1491 4348 1658 4426 hereditas,
1678 4352 1717 4426 V,
1737 4352 1813 4429 CM,

222 4446 289 4509 MG
310 4446 463 4526 (her-ed),
480 4449 544 4509 HA
564 4448 732 4527 (heredia).
772 4446 892 4523 8Ὀιιι,
909 4449 978 4523 ΟΒ,
996 4449 1071 4510 ΜΒ.
1111 4447 1230 4527 ⁸⁴0m,
1248 4451 1317 4526 OB,
1336 4452 1411 4513 ΜΒ.
1451 4449 1538 4529 ”da
1557 4453 1632 4529 MA,
1650 4455 1689 4517 V.
