4432 6336
368 427 440 495 104
899 416 1120 478 BRACTON:
1144 416 1204 477 DE
1228 415 1420 478 LEGIBUS

365 578 574 657 warantus,
588 566 755 644 deterre
769 592 886 666 quam
899 567 983 666 ipse
996 567 1055 644 vir
1068 574 1219 644 etuxor
1234 567 1347 644 simul
1360 574 1496 644 tenent
1509 566 1663 643 nomine
1678 564 1778 642 dotis
1794 564 1841 641 de
1856 564 1958 642 dono

367 688 483 787 primi
501 688 574 763 viri
593 687 663 776 sui,
684 694 723 763 et
743 687 774 764 si
793 685 881 763 talis
900 695 1097 763 warantus
1117 686 1362 763 donatiouem
1384 686 1511 763 facere
1531 685 1708 774 voluerit,
1730 711 1809 763 non
1828 695 1958 785 potest

366 808 612 885 donatarium
631 807 811 883 inducere
830 806 871 882 in
889 805 1066 883 seisinam
1085 831 1259 894 vacuam,
1278 831 1366 882 cum
1387 807 1464 882 sint
1483 805 1584 882 idem
1603 829 1745 904 corpus
1765 815 1804 882 et
1824 805 1959 882 eodem

366 950 456 1002 caro
474 925 533 1002 vir
551 935 590 1002 et
607 950 718 1014 uxor,
737 923 834 1001 nec⁸⁸
853 924 997 1024 poterit
1015 926 1181 1001 donator
1200 933 1398 1001 attornarc
1417 923 1615 1002 servitium
1634 924 1765 1001 uxoris
1785 925 1868 1000 viro
1888 950 1958 1002 suo

367 1045 516 1122 ratione
541 1044 736 1144 praedicta.
763 1045 822 1121 Et
847 1044 951 1120 unde
976 1043 1007 1120 si
1033 1055 1123 1142 post
1149 1053 1313 1120 mortem
1339 1044 1471 1122 uxoris
1498 1043 1638 1121 eiectus
1666 1044 1786 1120 fuerit
1812 1068 1862 1120 ex
1887 1043 1959 1120 tali

367 1164 574 1240 donatione
591 1163 767 1240 seisinom
783 1188 862 1239 non
879 1163 1132 1261 recuperabit.

467 1284 654 1359 Mutatur
676 1283 907 1382 quandoque
929 1282 1270 1382 perdonationem
1293 1307 1372 1359 uno
1395 1305 1511 1359 caasa
1534 1281 1755 1381 possidendi
1778 1281 1819 1358 ia
1843 1280 1959 1357 aliane

467 1426 622 1479 cuasam
639 1401 870 1502 possidendi.
1899 1473 1910 1490 ,

368 1523 586 1599 Mursrun
617 1521 848 1620 quandoque
880 1546 950 1620 per
982 1519 1227 1597 donationem
1259 1545 1339 1595 una
1370 1545 1487 1596 causa
1517 1519 1738 1618 possidendi
1771 1520 1812 1596 in
1844 1520 1960 1597 aliam

367 1666 523 1717 causam
542 1640 772 1740 possidendi,
792 1649 837 1716 ut
857 1641 888 1716 si
908 1639 993 1739 quis
1014 1639 1062 1716 ab
1081 1640 1190 1716 initio
1209 1639 1386 1716 habuerit
1406 1639 1446 1714 in
1466 1639 1594 1738 aliqua
1614 1665 1655 1717 re
1676 1639 1825 1717 nudum
1846 1665 1959 1718 usum

367 1785 416 1836 ex
435 1760 675 1838 concessione
693 1759 940 1860 proprietarii
959 1760 1099 1836 babere
1118 1759 1263 1858 poterit
1283 1759 1580 1836 usumfructum.
1604 1761 1708 1836 Item
1728 1759 1759 1836 si
1780 1758 1830 1835 ab
1850 1759 1959 1836 initio

367 1881 543 1959 babuerit
567 1880 854 1957 usumfructum
877 1886 917 1954 et
941 1879 1160 1968 terminum,
1184 1879 1323 1955 habere
1348 1878 1492 1977 poterit
1517 1878 1705 1955 existente
1729 1879 1894 1955 termino
1920 1887 1959 1954 et

368 2002 461 2079 dum
475 2002 527 2079 sic
541 2001 661 2077 fuerit
675 2000 715 2076 in
728 1998 965 2098 possessione
978 1997 1142 2074 libenrm
1155 2006 1429 2086 tenementum,
1444 1998 1588 2096 absque
1602 2024 1647 2074 eo
1662 1998 1766 2096 quod
1782 2022 1822 2072 se
1837 2006 1959 2096 ponat

367 2129 479 2198 extre
499 2120 687 2222 seisinsm,
708 2117 802 2195 dum
822 2129 954 2194 tamen
974 2117 1204 2195 interveniat
1226 2116 1445 2193 solemnitas
1466 2117 1507 2192 in
1529 2117 1614 2216 ipsa
1635 2115 1861 2205 mutatione,
1882 2114 1959 2192 ne⁸‘

368 2239 398 2315 f.
412 2241 482 2332 32]
537 2238 738 2335 contingat
759 2237 1005 2314 donationem
1026 2236 1187 2312 deficere
1207 2260 1280 2334 pro
1302 2234 1458 2312 defectu
1479 2236 1727 2334 probationis.
1752 2237 1856 2314 Item
1875 2263 1958 2314 mu-

367 2358 444 2436 tari
460 2359 604 2458 poterit
619 2382 698 2434 una
714 2381 830 2432 cause
845 2358 886 2432 in
903 2357 1029 2444 aliam,
1047 2365 1092 2432 ut
1109 2356 1140 2432 si
1157 2356 1218 2431 oui
1236 2355 1392 2433 habenti
1409 2356 1572 2431 liberum
1589 2365 1852 2433 tenementum
1870 2381 1958 2431 con·

244 2515 246 2518 ·
367 2477 527 2552 cedatur
542 2475 637 2551 dum
653 2475 705 2551 sic
720 2475 841 2551 fuerit
856 2475 896 2550 in
913 2474 1049 2552 seisina
1066 2475 1169 2572 quod
1184 2473 1293 2549 illud²
1311 2483 1442 2551 teneat
1459 2474 1498 2549 in
1515 2474 1642 2562 feodo,
1660 2485 1698 2552 et
1714 2473 1803 2551 inde
1819 2475 1958 2550 habeat

368 2595 659 2695 proprietatem,
681 2594 778 2672 sicut
799 2593 918 2670 videri
940 2595 1085 2693 poterit
1105 2593 1153 2670 de
1173 2593 1247 2670 illis
1269 2593 1335 2692 qui
1355 2603 1489 2670 tenent
1509 2595 1664 2669 nomine
1684 2593 1785 2670 dotis
1806 2593 1867 2670 vel
1889 2619 1959 2692 per

367 2715 492 2813 legem
512 2715 679 2813 Angliae,
699 2713 759 2791 vel
778 2712 1007 2802 huiusmodi,
1028 2721 1213 2812 poterunt
1233 2711 1335 2790 enim
1354 2714 1403 2789 de
1422 2713 1541 2789 libero
1560 2722 1780 2790 tenemento
1800 2713 1958 2789 feodum

368 2835 496 2911 facere
516 2832 738 2933 possidenti.
763 2833 886 2924 <Vel
908 2833 1071 2931 quodid
1093 2832 1197 2930 quod
1219 2831 1302 2932 quis
1325 2833 1434 2931 prius
1456 2833 1505 2908 ad
1525 2832 1734 2908 terminum
1756 2829 1958 2918 habuerit‚¹

368 2954 460 3030 dare
473 2955 508 3030 ei
523 2953 645 3053 possit
659 2954 699 3028 in
713 2952 840 3040 feodo,
857 2963 895 3030 et
910 2976 994 3050 quae
1009 2951 1229 3028 solemnitas
1245 2950 1347 3027 inde⁸
1362 2950 1449 3028 erit*
1466 2951 1643 3027 facienda
1659 2951 1737 3028 sive
1751 2960 1958 3050 praesentcs

368 3073 515 3150 fuerint
535 3072 701 3148 donator
721 3081 760 3148 et
780 3071 1004 3148 donatarius
1026 3071 1103 3147 sive
1125 3071 1312 3159 absentes,
1334 3096 1413 3146 non
1434 3071 1564 3168 itaque
1585 3079 1761 3147 mutetur
1783 3095 1900 3148 causa
1919 3080 1958 3148 et

369 3191 556 3291 possessio
576 3191 660 3289 ipso
681 3191 775 3278 iure,
797 3191 886 3289 quia
907 3190 1012 3265 aliud
1032 3200 1090 3267 est
1110 3189 1251 3266 habere
1271 3191 1329 3266 ius
1349 3190 1484 3266 utendi
1504 3197 1544 3265 et
1564 3190 1852 3267 usumfructum
1872 3199 1958 3267 tan·

368 3321 465 3400 tum,
487 3319 528 3387 et
548 3309 654 3387 aliud
675 3310 791 3408 longe
812 3307 1024 3385 dominium
1046 3317 1085 3385 et
1107 3308 1397 3407 proprietatem.
1421 3309 1480 3385 Et
1502 3306 1605 3385 unde
1627 3309 1749 3385 tutius
1772 3319 1831 3386 est
1856 3308 1959 3408 quod

368 3431 595 3508 adhibeatur
611 3429 831 3506 solemnitas
848 3427 1181 3527 adprobationem
1196 3426 1432 3516 mutationis,
1449 3426 1547 3525 quae⁶
1563 3428 1636 3504 nisi
1653 3427 1771 3505 fuerit
1789 3428 1960 3504 adhibita

369 3550 531 3626 deficere
548 3548 691 3647 poterit
708 3547 887 3647 probatio
903 3547 991 3624 licet
1009 3546 1068 3623 ius
1085 3571 1164 3622 non
1182 3546 1346 3623 deficiat.
1365 3546 1424 3623 Et
1442 3545 1586 3646 poterit
1605 3547 1771 3624 donator
1789 3556 1828 3624 et
1846 3573 1959 3624 verus

369 3669 546 3745 dominus
562 3693 649 3743 cum
665 3668 865 3743 voluntate
881 3666 1047 3742 tenentis
1064 3674 1215 3741 mutare
1231 3690 1350 3741 unam
1366 3689 1522 3742 causam
1538 3666 1758 3764 possidendi
1775 3666 1815 3741 in
1832 3666 1958 3754 aliam,

369 3789 450 3865 sine
468 3787 680 3863 mutatione
700 3784 958 3884 possessionis,
977 3809 1047 3859 nec
1065 3792 1123 3860 est
1142 3809 1292 3860 necesse
1311 3808 1503 3860 resumere
1521 3809 1604 3860 rem
1623 3783 1738 3861 semel
1757 3786 1890 3860 datam
1909 3785 1959 3860 ad

368 3929 524 3981 causam
540 3904 767 3981 mutandam
783 3927 871 3979 cum
889 3903 1004 3978 semel
1021 3902 1141 3978 fuerit
1159 3903 1242 4001 quis
1258 3901 1299 3976 in
1316 3903 1565 4001 possessione,
1583 3927 1627 3978 ac
1644 3903 1675 3979 si
1692 3904 1740 3979 de
1756 3928 1857 3979 novo
1875 3902 1959 3978 fieri

368 4023 537 4101 deberes
551 4023 719 4111 donatio,
735 4022 824 4121 quia
839 4023 869 4098 si
883 4022 967 4121 quis
982 4047 1053 4121 per
1065 4021 1317 4098 intrusionem
1331 4021 1391 4096 vel
1406 4021 1649 4097 disseisinam·
1658 4023 1773 4098 semel
1788 4019 1958 4099 heberet'

367 4145 595 4242 ingressum,
614 4151 743 4241 posset
760 4141 794 4218 ei
811 4167 924 4218 verus
942 4140 1119 4217 dominus
1137 4141 1343 4216 concedere
1359 4165 1442 4216 rem
1459 4138 1667 4216 tenendam
1686 4141 1725 4216 in
1744 4140 1859 4216 feodo
1879 4141 1959 4217 sine

367 4263 581 4339 mutatione
594 4261 840 4359 possessionis
852 4260 941 4336 licet
955 4259 1097 4335 iniusta
1111 4259 1171 4346 sit,
1184 4258 1308 4335 multo
1323 4259 1463 4336 fortius
1478 4259 1509 4335 si
1523 4259 1635 4335 iusta.
1653 4259 1731 4335 Sed
1744 4259 1816 4335 hoc
1831 4260 1959 4336 fecere

369 4381 513 4480 poterit
531 4380 610 4456 sine
628 4377 847 4479 praeiudicio
864 4377 1033 4454 alterius.
1052 4378 1113 4454 Ut
1131 4378 1162 4454 si
1180 4377 1305 4477 primo
1324 4378 1431 4455 facta
1449 4377 1568 4454 fuerit
1587 4377 1743 4455 donatio
1762 4378 1900 4455 minori
1918 4379 1959 4455 in

369 4499 496 4586 feodo,
517 4498 624 4574 ouius
644 4523 760 4573 causa
778 4497 922 4573 mutari
942 4520 1020 4571 non
1040 4504 1169 4595 potest
1190 4496 1241 4573 ad
1262 4497 1447 4573 damnum
1468 4505 1507 4572 et
1529 4497 1802 4595 praeiudicium,
1826 4498 1892 4575 sed
1913 4508 1959 4574 ut

368 4617 449 4694 eius
476 4615 699 4693 melioretur
724 4615 908 4703 condicio,
934 4615 1077 4692 mutari
1104 4640 1183 4690 non
1211 4614 1355 4714 poterit
1383 4615 1488 4690 infre
1515 4624 1668 4693 aetatem
1695 4617 1745 4692 ad
1774 4616 1959 4693 damnum

369 4761 493 4826 suum,
511 4733 666 4812 scilicet⁸
682 4734 786 4833 quod
801 4733 941 4810 habeat
958 4733 1144 4810 advitam
1160 4732 1265 4832 quod
1281 4734 1315 4809 ei
1333 4732 1440 4832 prius
1458 4733 1594 4811 datum
1612 4735 1690 4812 fuit
1708 4734 1777 4812 sibi
1796 4746 1835 4813 et
1852 4735 1958 4813 here

369 4854 480 4932 dibus
503 4855 592 4943 suis,
613 4854 675 4932 vel
696 4853 799 4954 quod
820 4852 854 4931 ei
875 4854 1010 4929 datum
1032 4853 1109 4929 fuit
1131 4854 1171 4927 in
1193 4852 1309 4928 feodo
1330 4853 1391 4928 vel
1413 4853 1615 4943 advitam,
1639 4854 1753 4931 detur
1776 4855 1887 4932 alteri
1909 4855 1959 4932 ad

370 5039 396 5073 ⁸⁸
408 5060 480 5116 non,
495 5041 564 5115 ΟΒ,
578 5041 617 5101 Y.
654 5038 681 5073 ⁸‘
691 5059 763 5115 non,
777 5040 846 5114 OB,
862 5039 937 5112 MA,
953 5039 1027 5100 ΜΒ.

452 5140 520 5215 ²id,
537 5141 606 5216 OB,
624 5141 705 5214 ΜΒ;
724 5140 815 5214 idem,
833 5141 907 5201 Ma
948 5137 1091 5213 ²hcbuit,
1109 5141 1176 5215 OC,
1194 5139 1271 5200 MG.
1310 5138 1350 5173 ⁸¹⁴
1361 5139 1484 5216 viderit,
1504 5142 1581 5217 MG,
1599 5142 1672 5203 cM.
1714 5140 1814 5222 “quan
1833 5144 1872 5219 V,
1891 5144 1959 5219 OC,

371 5241 449 5315 MC;
468 5245 551 5320 quia,
569 5243 652 5316 MG;
671 5241 763 5321 quod,
781 5242 854 5302 CM.
895 5240 1043 5317 ⁰debent,
1062 5241 1128 5302 OC.
1169 5237 1297 5317 'babet
1316 5241 1388 5314 003
1407 5241 1561 5316 habuerit,
1580 5243 1618 5304 V.
1659 5239 1861 5321 ‘secundum
1882 5245 1959 5320 MG,

370 5344 443 5405 cM.
