4432 6336
373 497 445 566 112
905 487 1126 550 BRACTON:
1149 488 1212 548 DE
1233 488 1426 550 LEGIBUS

370 649 535 718 mortem
552 639 743 716 donatarii
759 665 830 740 per
846 641 1004 717 modum
1022 639 1250 730 donationis,
1268 649 1307 716 et
1326 664 1396 740 per
1414 635 1531 737 quod⁸
1550 637 1739 738 perpendi
1757 636 1912 737 poterit,
1932 637 1963 714 si

370 758 467 836 tales
480 758 637 835 heredes
649 758 874 847 defecerint,
889 758 992 858 quod
1006 783 1078 858 per
1088 759 1248 836 modum
1260 758 1423 834 tacitum
1437 757 1577 834 reverti
1592 755 1729 834 debeat
1744 782 1805 834 res
1818 755 1964 833 donata

373 881 423 957 ad
437 881 673 957 donatorem.
690 880 793 956 Item
807 904 878 979 per
890 879 961 954 hoc
975 879 1078 977 quod
1092 877 1196 966 dicit,
1210 877 1339 966 libere,
1353 902 1432 952 non
1444 876 1530 953 vult
1545 877 1648 975 quod
1662 877 1717 952 rei
1732 875 1833 952 datoe
1848 875 1962 952 servi·

370 997 450 1077 'tras'
469 1000 703 1098 imponatur,
722 1008 768 1075 ut
786 998 817 1074 si
835 997 920 1096 quis
938 997 1030 1074 velit
1048 997 1106 1073 uti
1125 995 1253 1095 aliquo
1270 996 1353 1073 iure
1371 995 1413 1072 in
1431 1021 1473 1072 re
1492 995 1597 1084 data,
1617 995 1668 1071 ad
1686 995 1827 1093 quem²⁰
1847 994 1963 1072 servi·

371 1117 463 1195 tus²²
483 1141 563 1192 non
581 1117 750 1217 pertinet
768 1142 893 1214 neque
913 1141 1016 1193 usus.
1039 1116 1143 1193 Item
1164 1140 1236 1214 per
1254 1115 1325 1191 hoc
1344 1115 1448 1213 quod
1469 1114 1572 1203 dicit,
1594 1114 1733 1213 quiete,
1753 1114 1839 1190 vult
1859 1115 1963 1212 quod

372 1237 566 1338 quietem²¹
583 1237 723 1314 habeat
739 1247 780 1314 et
795 1234 970 1335 pacem,¹'
988 1234 1093 1334 quod
1109 1235 1167 1312 uti
1185 1232 1307 1333 possit
1324 1232 1548 1310 donatarius
1566 1259 1608 1309 re
1626 1232 1719 1309 data
1737 1233 1906 1332 pacifice,
1924 1242 1963 1310 et

372 1358 476 1456 quod
496 1381 576 1433 non
594 1353 869 1454 inquietetur.²⁴
889 1355 967 1432 Est
988 1353 1090 1430 enim
1111 1353 1217 1453 quies
1239 1351 1340 1429 idem
1361 1353 1465 1451 quod
1487 1351 1635 1450 requies
1657 1352 1735 1429 sive
1757 1376 1848 1450 pax,
1871 1360 1910 1428 et
1932 1350 1963 1426 si

372 1486 628 1577 componatur
645 1501 733 1552 oum
749 1475 821 1551 hae
838 1473 1108 1574 praepositione
1126 1474 1179 1562 io,
1197 1472 1271 1548 erit
1287 1472 1339 1548 ibi
1357 1471 1517 1569 inquies,
1534 1470 1575 1547 id
1593 1480 1652 1548 est
1671 1497 1749 1546 non
1768 1471 1885 1569 quies.
1906 1471 1964 1546 Et

373 1623 452 1673 non
468 1597 590 1673 refert
607 1596 657 1672 ad
674 1596 757 1682 hoc,
775 1593 878 1692 quod
895 1593 954 1670 uti
971 1617 1050 1667 non
1067 1593 1189 1691 possit
1205 1590 1362 1667 omnino
1379 1590 1440 1667 vel
1459 1589 1585 1666 minus
1603 1590 1812 1677 commode,
1832 1614 1962 1666 secran-

373 1716 467 1794 dum
486 1714 590 1814 quod
607 1713 769 1790 inferius
788 1712 908 1789 videri
927 1711 1072 1811 poterit
1091 1710 1140 1787 de
1158 1710 1295 1788 assisis.

472 1835 538 1912 De
555 1833 718 1910 servitiu
736 1841 774 1908 et
794 1827 1133 1908 comaetudiaidas
1149 1827 1391 1930 praestandis.

374 1954 486 2029 Irnra
507 1952 658 2040 dieitur,
678 1951 875 2028 reddendo
893 1951 983 2027 inde
1001 1973 1239 2049 perannum
1261 1956 1414 2024 tontum
1435 1947 1487 2025 ad
1506 1956 1631 2023 certos
1652 1947 1847 2034 terasioos,
1868 1945 1964 2022 tales

372 2071 527 2161 scilieet,
550 2080 588 2147 et
609 2069 788 2166 faciendo
809 2071 899 2147 inde
922 2068 1016 2146 tolia
1037 2068 1194 2145 seruitia
1215 2076 1255 2143 et
1279 2066 1375 2143 tales
1399 2065 1705 2154 coruuetudioes,
1729 2091 1813 2164 quae
1837 2065 1965 2142 omnio

373 2201 478 2269 certa
494 2217 574 2270 esse
589 2189 731 2268 debent
746 2199 786 2266 et
802 2213 985 2287 expressa
999 2187 1041 2263 in
1056 2195 1175 2276 carta,
1192 2186 1330 2285 quibus
1346 2186 1536 2284 expressis
1554 2195 1592 2262 et
1610 2185 1650 2260 in
1668 2194 1775 2262 carta
1792 2185 1963 2261 nomina·

372 2311 434 2400 tis,
452 2335 541 2387 oum
556 2309 708 2386 infinita
725 2309 802 2384 sint
818 2333 962 2407 genera
979 2305 1221 2384 servitiorum
1239 2314 1279 2381 et
1296 2304 1628 2392 oonsuetudinum,
1647 2303 1723 2380 alia
1741 2303 1869 2380 omnia
1887 2329 1963 2380 ser·

373 2430 468 2507 vitia
482 2441 522 2508 et
537 2427 829 2506 consuetudines
845 2450 929 2525 quae
944 2449 1128 2523 expressa
1142 2448 1222 2500 non
1236 2433 1327 2502 sunt
1342 2423 1458 2501 tacite
1473 2423 1654 2499 videntur
1670 2449 1751 2500 esse
1767 2421 1963 2499 remissa.²⁵

373 2550 433 2626 Et
447 2547 679 2647 impossibile
694 2556 794 2623 esset
807 2546 935 2622 omnia
949 2545 991 2621 in
1004 2551 1113 2621 carta
1126 2542 1342 2643 exprimere
1359 2543 1409 2618 ad
1425 2567 1509 2641 quae
1525 2542 1749 2619 donatarius
1766 2566 1844 2618 non
1859 2551 1963 2619 tene-

373 2677 451 2757 tur,
473 2665 563 2744 licet
583 2673 690 2743 carta
713 2691 892 2764 expresse
914 2689 993 2739 non
1016 2662 1223 2762 adquietet,
1247 2660 1338 2738 satis
1361 2661 1462 2738 enim
1486 2661 1685 2758 adquietat
1707 2687 1756 2738 ex
1779 2686 1856 2759 quo
1879 2686 1963 2759 spe-

373 2787 521 2863 cialiter
535 2810 613 2862 non
628 2794 774 2862 onerat.
792 2785 895 2861 Item
911 2783 1062 2872 dieitur,
1079 2807 1151 2881 pro
1168 2782 1274 2858 omni
1289 2779 1483 2868 servitio,¹⁰
1500 2781 1787 2868 cousuetudine,
1804 2778 1966 2856 secutori

374 2908 571 2984 coactione
589 2916 628 2984 et
645 2905 848 2992 demands,
867 2928 937 3002 per
956 2927 1072 3001 quam
1089 2899 1383 2998 generalitatem
1400 2899 1553 2976 videtur
1572 2899 1766 2976 remittere
1785 2923 1965 2997 expresse

374 3027 503 3103 omnia
518 3025 593 3102 alia
609 3024 775 3112 servitia,
792 3020 1097 3110 consuetudines,
1113 3029 1153 3096 et
1169 3019 1379 3096 demandas
1395 3017 1582 3096 seculares
1600 3043 1684 3117 quae
1701 3019 1750 3093 sd
1767 3017 1965 3094 dominum

374 3145 572 3244 pertinent
590 3144 639 3220 de
656 3150 888 3229 tenemento,
905 3140 993 3217 lieet
1012 3139 1083 3215 hoc
1102 3139 1142 3214 in
1161 3146 1270 3214 carta
1288 3162 1469 3237 expresse
1488 3163 1566 3213 non
1586 3137 1839 3214 contineatur.
1863 3137 1966 3213 Sunt

374 3264 477 3340 enim
491 3261 784 3338 eonsuetudines
800 3270 840 3336 et
856 3258 1011 3336 servitia
1026 3280 1109 3356 quae
1125 3256 1322 3357 pertinent
1339 3257 1388 3333 ad
1404 3253 1630 3331 dominum*
1649 3253 1803 3344 fundi,¹⁸
1820 3265 1860 3332 et
1877 3280 1965 3330 oon·

375 3383 595 3460 suetudines
618 3377 658 3458 et
680 3379 834 3457 servitia
856 3403 940 3477 quae
962 3377 1159 3477 pertinent
1182 3374 1259 3451 ad²⁹
1283 3400 1425 3472 regem,
1450 3375 1548 3452 sicut
1572 3383 1681 3452 sectae
1706 3375 1755 3451 ad
1779 3374 1966 3451 iustitiam

375 3501 593 3579 faciendam
613 3526 684 3598 per
704 3499 819 3575 breve
838 3497 886 3573 de
907 3503 1023 3585 recto,
1044 3505 1083 3572 et
1104 3495 1154 3572 ad
1176 3520 1310 3594 paoem
1331 3494 1428 3572 sieut
1449 3495 1497 3570 de
1517 3494 1668 3570 latrone
1689 3494 1905 3581 iudicando,
1926 3501 1966 3570 et

375 3646 448 3720 pro
467 3618 743 3695 aforcismento
760 3617 873 3694 ouriae
890 3616 930 3692 in
947 3613 1150 3714 praedietis.
1168 3615 1237 3689 Ad
1256 3613 1453 3689 dominum
1470 3638 1561 3688 vero
1580 3612 1720 3688 fundi²⁰
1740 3614 1967 3688 donatorem

376 3739 572 3839 pertinent
588 3737 742 3815 servitia
758 3736 907 3812 ratione
922 3735 976 3810 rei
992 3734 1104 3823 datae,
1121 3733 1218 3809 sieut
1234 3731 1418 3820 redditus,
1436 3731 1513 3808 sive
1531 3730 1716 3807 debeatur
1733 3757 1871 3807 aurum
1889 3731 1966 3807 sive
2051 3725 2053 3730 ’

376 3869 583 3958 argentum
604 3859 645 3933 in
667 3855 830 3955 pecunia
850 3862 1065 3941 numerata,
1087 3861 1132 3928 ut
1155 3852 1188 3928 si
1208 3850 1371 3939 dicatur,
1395 3850 1591 3926 reddendo
1614 3850 1704 3927 iude
1726 3875 1798 3947 ρον
1821 3875 1966 3926 aonam

375 3981 505 4057 ἅοοορν
519 3979 674 4064 aureos}
680 3975 741 4052 vel
753 3975 884 4053 decem
897 3981 1113 4071 orpeateos,
1127 3972 1204 4047 sive
1218 3971 1348 4047 decem
1361 3969 1514 4047 solidos.
1529 3969 1605 4045 Vel
1619 3969 1650 4045 si
1666 3970 1863 4045 servitium
1877 3995 1966 4045 eon·

377 4099 515 4177 sistat²²
533 4098 735 4184 infructu,
753 4104 798 4171 ut
817 4094 846 4169 si
864 4092 1027 4180 dicatur,
1045 4090 1241 4166 reddendo
1259 4088 1348 4166 iude
1367 4113 1439 4186 per
1457 4113 1602 4164 aonam
1621 4089 1752 4165 decem
1771 4112 1879 4164 coros
1900 4089 1966 4164 tri-

376 4223 453 4311 tici,
473 4221 550 4299 sive
568 4219 699 4296 decem
718 4213 926 4315 quarteria,
944 4211 1005 4286 vel
1023 4207 1251 4296 huiusmodi,
1272 4207 1303 4283 si
1324 4207 1521 4282 servitium
1540 4205 1752 4282 consistat²²
1772 4207 1814 4283 in
1833 4207 1965 4284 solido.

378 4341 421 4416 Si
438 4348 568 4415 autem
585 4335 653 4412 in²⁸
669 4332 826 4432 liquido,
843 4340 888 4407 ut
906 4330 937 4406 si
955 4328 1116 4416 dicatur,
1134 4327 1329 4404 reddendo
1347 4327 1436 4403 iude
1454 4351 1526 4424 per
1543 4351 1688 4402 aonam
1706 4326 1837 4403 decem
1856 4325 1967 4402 doleo

377 4459 467 4546 viai,
483 4457 544 4533 vel
560 4455 691 4533 decem
708 4453 822 4528 cados
838 4448 922 4526 olei.
941 4448 1044 4524 Item
1062 4446 1092 4522 si
1110 4455 1292 4522 certares
1309 4444 1615 4543 repromittatur,
1634 4444 1695 4520 vel
1713 4443 1784 4520 sub
1802 4445 1966 4522 disiunc-

375 4577 493 4663 tione,
512 4583 557 4650 ut
577 4573 609 4650 si
627 4571 790 4658 dicatu,
810 4566 1005 4645 reddendo
1023 4563 1113 4643 inde
1131 4588 1204 4663 ρον
1224 4587 1369 4640 aonam
1388 4563 1565 4662 quedam
1586 4563 1748 4639 οαὶοαήα
1768 4563 1967 4653 deaurato,

378 4695 408 4772 f.
422 4692 518 4786 aab]
574 4690 635 4767 vel
657 4713 726 4766 seo
750 4686 939 4774 demnas,
963 4684 1024 4762 vel
1047 4708 1165 4760 ursam
1189 4682 1327 4760 librom
1350 4683 1496 4781 piperis
1521 4682 1582 4758 vel
1607 4682 1749 4760 eumioi
1773 4682 1835 4760 vel
1859 4707 1967 4770 eeroe,

379 4915 470 4992 ⁸h0c,
492 4914 568 4989 MA,
590 4911 662 4972 MC.
707 4907 899 4981 'servitium
920 4904 988 4980 OC,
1011 4902 1088 4976 MG,
1111 4901 1186 4976 CM,
1208 4899 1287 4973 HA3
1311 4903 1455 4973 servitiis,
1477 4899 1549 4972 LA3
1573 4903 1731 4960 servitium
1753 4900 1802 4960 vel
1825 4903 1968 4976 servitus,

380 5017 452 5080 ΗΒ.
489 5015 515 5049 ¹⁰
528 5033 628 5092 qnam,
643 5011 683 5085 V,
699 5007 775 5082 ΜΒ,
790 5007 863 5068 MC.
899 5004 1106 5078 ²²servitium,
1122 5003 1200 5078 MG,
1216 5002 1291 5076 CM,
1307 5001 1379 5063 HA.
1417 4999 1444 5035 ²¹
1456 5004 1600 5078 quietam,
1617 5001 1693 5076 MA,
1711 5001 1784 5062 ΗΑ,
1822 5000 1968 5080 ²⁸p200m

379 5125 421 5192 et,
442 5116 516 5191 MC,
537 5113 616 5189 MG,
638 5113 674 5173 P.
716 5108 954 5186 ²⁴inquietatur,
975 5104 1044 5179 OA,
1066 5104 1134 5178 ΟΕ,
1156 5103 1231 5178 MC,
1252 5104 1288 5164 P.
1333 5102 1513 5177 ¹⁵remissae,
1536 5103 1605 5180 ΟΛ,
1629 5103 1694 5164 LA.
1738 5103 1765 5137 ²³
1776 5108 1904 5166 servitio
1927 5112 1969 5178 et,

379 5218 454 5289 0B;
474 5219 598 5277 servitio
617 5211 749 5274 seculari
768 5216 810 5285 et,
830 5209 906 5269 ΜΒ.
946 5204 1012 5240 ²²²²²
1024 5205 1104 5281 Om,
1124 5204 1202 5278 MG,
1222 5203 1296 5265 CM.
1338 5201 1808 5281 ¹⁸f00(li‚v‚1„t‚lumem¹
1850 5205 1969 5280 ²⁰0m,

380 5318 450 5392 OB,
472 5317 548 5391 MA,
571 5314 653 5385 MB;
677 5311 772 5387 feodi,
794 5310 861 5384 LA,
884 5307 957 5369 MC.
1002 5305 1028 5340 ²²
1040 5313 1171 5381 constat,
1195 5306 1274 5382 MG,
1297 5306 1372 5381 CM,
1395 5306 1461 5368 OC.
1506 5305 1675 5382 ¹²eonstat,
1699 5309 1769 5385 OB,
1793 5309 1871 5385 MG,
1896 5310 1968 5371 CM,

380 5418 407 5455 ²⁸
419 5418 499 5492 Om,
514 5415 583 5488 ΟΛ,
600 5412 667 5486 LA,
682 5411 749 5472 ΟΕ.
2007 5413 2016 5432 .
