4374 6366
357 505 431 574 892
889 496 1113 560 BRACTON:
1136 497 1196 558 DE
1220 497 1413 562 LEGIBUS

357 649 482 724 victus
506 646 637 736 luerit,
661 645 730 722 illi·
754 648 802 724 de
826 647 948 722 forcia
973 657 1012 724 et
1036 656 1230 747 precepto
1253 673 1325 747 per
1347 648 1529 726 iudicium
1553 652 1732 729 recedent
1757 653 1876 751 quieti
1901 654 1949 730 de

358 765 554 865 appello,¹⁰
577 765 666 863 quia
687 764 779 840 ubi¹²
802 765 952 842 foetum
973 765 1124 842 nullum
1147 765 1268 842 loreia
1291 766 1409 856 nulla,
1433 793 1503 844 nec
1525 778 1763 868 preceptum
1785 770 1949 848 nocere²⁸

358 885 471 962 debet
487 910 575 964 cum
590 883 730 960 iniuria
744 882 895 960 nullum
911 882 1053 961 habet¹⁸
1070 883 1294 962 effectum.²⁴
1311 885 1370 962 Et
1388 884 1471 962 aliis
1488 887 1773 986 appellantibus
1791 914 1948 988 respon·

360 1003 450 1080 dere
467 1027 546 1079 non
564 1001 689 1090 debet,
708 1011 753 1079 ut
771 1002 999 1101 praedictum
1015 1010 1086 1092 est,
1106 1003 1154 1078 de
1172 1027 1251 1078 uno
1270 1013 1310 1080 et
1328 1004 1463 1081 eodem
1482 1006 1589 1082 facto
1608 1006 1656 1082 de
1677 1032 1753 1105 quo
1772 1007 1889 1084 semel
1909 1034 1949 1086 se

359 1120 576 1199 defenderit
591 1146 723 1197 versus
740 1145 873 1196 unum.

458 1246 504 1324 Si
526 1244 747 1345 appellatos
769 1245 891 1322 uictus
913 1243 1033 1339 soant
1056 1245 1104 1322 de
1124 1245 1244 1340 facto,
1267 1253 1360 1321 tuac
1382 1247 1538 1323 mosam
1560 1249 1796 1347 procedatur
1817 1271 1950 1327 vernn

459 1363 553 1441 alios
567 1364 616 1441 da
630 1363 754 1460 forcia
769 1371 809 1440 et
822 1372 1029 1462 praeopto.

361 1488 407 1565 Sr
424 1487 582 1564 autem¹⁸
599 1483 819 1586 appellatus
835 1487 958 1564 victus
976 1486 1136 1575 fuerit,²⁰
1151 1495 1246 1563 tune
1262 1488 1388 1587 primo
1404 1498 1587 1566 tenentur
1603 1490 1862 1590 responderen
1881 1518 1948 1591 ap·

358 1607 492 1704 pellati
514 1607 562 1682 de
582 1605 704 1681 forcia
725 1614 764 1682 et
786 1614 991 1705 praeeepto,
1013 1631 1082 1681 nec
1104 1605 1265 1682 ulterius
1286 1605 1428 1683 erunt¹⁸
1450 1607 1726 1707 replegiabiles,
1750 1609 1950 1708 quiscum

359 1726 508 1801 factum
528 1725 744 1801 convictum
765 1725 826 1812 sit,
846 1733 940 1801 tunc
960 1723 1086 1823 primo
1106 1725 1286 1823 praesumi
1307 1726 1451 1824 poterit
1471 1727 1575 1825 quod
1595 1726 1745 1803 subfuit
1767 1727 1889 1804 forcia
1910 1738 1949 1806 et

359 1851 607 1942 praeceptum.
624 1843 682 1919 Et
696 1843 782 1919 ideo
795 1843 1055 1941 respondeant
1070 1843 1203 1920 eodem
1218 1843 1290 1932 die,
1306 1853 1345 1920 et
1359 1844 1493 1920 eodem
1508 1844 1570 1921 die
1584 1845 1762 1922 radietur
1778 1846 1949 1922 duellum

357 1962 459 2038 inter
479 1963 649 2061 primum
668 1960 931 2060 appellantem
950 1970 989 2038 et
1009 1961 1250 2060 appellatum
1270 1962 1317 2038 de
1339 1962 1460 2038 loreia
1480 1961 1569 2039 vel²⁰
1590 1973 1795 2063 precepto,
1818 1989 1948 2040 secun·

359 2081 452 2157 dum
476 2080 579 2178 quod
602 2105 673 2179 per
695 2079 868 2156 ordinem
892 2078 1007 2178 positi
1031 2087 1122 2156 sunt
1144 2079 1185 2153 in
1209 2079 1376 2179 appello,
1401 2079 1457 2157 ita
1479 2080 1609 2179 quod²⁰
1635 2082 1698 2158 ille
1723 2081 1875 2180 primo²²
1901 2082 1950 2158 de

360 2198 481 2274 loreia
500 2208 538 2276 et
555 2207 693 2297 postea
708 2197 772 2273 ille
788 2197 837 2273 de
854 2206 1060 2297 praecepto,
1079 2198 1169 2296 quia
1187 2198 1309 2274 forcia
1326 2198 1609 2297 quodammodo
1629 2200 1699 2275 sub
1719 2225 1760 2275 se
1779 2201 1950 2277 continet

359 2317 520 2405 factum,
544 2317 648 2415 quod
672 2315 826 2415 quidem
849 2341 928 2391 non
951 2315 1047 2392 facit
1070 2325 1318 2416 preceptum.
1346 2317 1425 2393 Sed
1449 2342 1568 2416 quare
1594 2343 1671 2393 non
1696 2328 1859 2417 possunt
1885 2317 1949 2395 alii

359 2435 600 2535 appellantes
620 2460 642 2510 a
660 2434 786 2533 primo
804 2443 842 2511 et
861 2433 1065 2533 principali
1083 2434 1318 2533 appellante,
1337 2460 1382 2511 eo
1401 2435 1551 2524 omisso
1571 2436 1730 2533 iungere
1750 2434 1948 2512 duellum²²

358 2578 447 2628 eum
461 2551 666 2652 appellatis
682 2553 730 2629 de
746 2551 868 2630 forcia
883 2563 922 2629 et
936 2554 1155 2651 praeoepto?
1166 2553 1224 2629 Et
1239 2563 1296 2631 est
1312 2562 1358 2628 ut
1371 2553 1535 2641 videtur,
1553 2553 1642 2651 quia
1658 2553 1781 2630 forcia
1797 2562 1837 2630 et
1852 2579 1948 2653 prae·

358 2681 514 2770 ceptum
531 2680 622 2748 sunt
639 2672 747 2770 quasi
765 2671 918 2770 sequela
935 2671 1030 2747 facti
1046 2671 1281 2770 principalis,
1299 2678 1338 2748 et
1355 2671 1411 2747 ita
1427 2671 1546 2748 sunt²⁸
1564 2672 1768 2748 coniuncta
1785 2672 1891 2747 facto
1909 2680 1949 2749 et

357 2789 558 2865 connexa²‘
577 2790 723 2888 quoda
742 2790 847 2866 lacto
865 2815 946 2866 non
963 2799 1206 2888 separantur,
1227 2789 1317 2888 quia
1335 2789 1488 2878 vulnus,
1510 2789 1632 2865 forcia
1652 2799 1690 2867 et
1710 2799 1949 2888 praeceptum

357 2917 546 3006 generant
565 2909 721 2984 rmieum
742 2908 903 2997 factum,
924 2932 993 2984 nec
1013 2916 1112 2984 esset
1131 2907 1271 2984 vulnus
1292 2908 1397 2984 forte
1417 2906 1490 2985 nisi
1511 2907 1700 2984 adfuisset
1723 2908 1856 2997 loreia,
1878 2932 1948 2984 nec

356 3026 497 3103 vulnus
515 3051 585 3102 nee
604 3025 725 3102 forcia
742 3025 815 3102 nisi
834 3036 1070 3124 preceptum
1090 3025 1352 3124 praecessisset.

458 3150 505 3228 Si
519 3149 651 3250 plores
667 3174 788 3225 onom
805 3147 1088 3248 appellaverint
1104 3149 1152 3225 de
1168 3158 1293 3226 morte
1309 3147 1468 3226 ataias
1484 3149 1533 3226 de
1547 3147 1725 3248 pluribus
1740 3148 1880 3248 ploqis.

357 3274 591 3351 Conantem
603 3273 721 3350 etiam
734 3273 963 3371 quandoque
977 3273 1080 3371 quod
1093 3272 1224 3372 plures
1239 3271 1439 3371 appellant
1453 3298 1574 3349 unum
1589 3273 1636 3350 de
1650 3282 1773 3349 morte
1789 3273 1947 3349 alicuius

357 3392 406 3468 de
424 3391 599 3490 pluribus
619 3392 733 3468 factis
753 3399 792 3466 et
812 3390 970 3467 diversis
989 3390 1115 3490 plagis
1134 3390 1377 3467 mortalibus:
1398 3401 1438 3467 et
1458 3390 1561 3489 quo²⁸
1581 3389 1700 3467 casu²⁸
1721 3391 1836 3491 plura
1857 3400 1947 3468 sunt

357 3509 514 3608 appella
532 3518 571 3586 et
590 3509 740 3587 diversa
758 3517 921 3609 propter
939 3509 1203 3609 pluralitatem
1223 3509 1433 3585 factorumz
1455 3519 1493 3587 et
1513 3510 1616 3586 unde
1636 3509 1795 3609 quilibet
1815 3536 1947 3586 eorum

357 3627 501 3727 poterit
517 3628 565 3704 de
579 3651 659 3702 una
672 3627 792 3726 plaga
807 3628 960 3704 mortali
978 3627 1175 3726 appellare
1191 3653 1313 3703 unum
1329 3627 1594 3727 principaliter
1610 3628 1690 3705 sine
1707 3627 1789 3704 aliis
1807 3653 1878 3726 per
1895 3653 1947 3715 se,

357 3756 398 3825 et
419 3747 512 3825 alios
533 3747 664 3847 plures
685 3748 734 3825 de
756 3747 877 3825 fortia
896 3757 934 3825 et
957 3756 1161 3847 precepto
1185 3747 1337 3826 Poterit
1360 3749 1476 3824 etiam
1499 3748 1595 3824 alius
1618 3774 1641 3823 a
1664 3747 1791 3847 primo
1814 3748 1947 3847 appel·

357 3867 466 3946 lare'²
480 3868 598 3945 alium
611 3870 661 3945 de
674 3869 750 3945 alia
763 3868 881 3969 plaga
895 3869 1048 3946 mortali
1063 3878 1102 3946 et
1117 3868 1191 3945 alio
1207 3870 1324 3957 laeto,
1341 3878 1381 3945 et
1396 3868 1529 3944 eodem
1543 3869 1659 3945 modo
1674 3867 1771 3946 sieut
1787 3869 1947 3967 primus,

357 3993 473 4069 etita
494 3992 672 4090 deinceps
695 3992 742 4068 de
764 3991 921 4068 diversis
943 3991 1081 4090 plagis,
1104 3991 1241 4067 tertius
1264 3990 1423 4068 tertium
1445 4000 1484 4068 et
1507 3999 1668 4089 quartus
1690 4001 1885 4089 quartum,
1909 3999 1972 4100 et·

357 4113 410 4190 sie
428 4114 558 4213 plures
577 4113 757 4212 deinceps
774 4122 812 4190 et
831 4113 966 4190 eodem
983 4113 1109 4188 modo.
1130 4110 1216 4189 Ee‘
1235 4113 1283 4189 de
1302 4112 1426 4189 verbis
1447 4112 1591 4211 appelli
1611 4111 1704 4188 satis
1724 4111 1870 4189 dietum
1889 4121 1948 4189 est

358 4260 487 4334 supra.
515 4235 593 4312 Sed
615 4233 773 4312 tamen²⁹
796 4234 1016 4334 appellatus
1039 4233 1215 4310 omnibus
1239 4234 1525 4333 appellantibus
1549 4234 1662 4311 simul
1686 4243 1725 4310 et
1750 4234 1865 4310 semel
1889 4260 1947 4310 re·

356 4357 387 4432 f.
403 4355 522 4450 139b]
578 4357 767 4455 spondere
782 4383 861 4433 non
876 4355 1031 4456 poterit,
1050 4355 1223 4454 quamvis
1241 4355 1416 4432 omnibus
1434 4355 1699 4455 principaliter
1714 4356 1948 4455 respondere

357 4488 546 4557 teneatur.
562 4481 732 4578 Oportet
747 4479 869 4578 igitur
883 4480 986 4578 quod
1001 4479 1068 4555 uni
1083 4478 1343 4578 respondeat⁸⁰
1360 4477 1486 4577 primo
1501 4486 1540 4553 et
1556 4478 1608 4554 sie
1624 4477 1761 4555 deinde
1777 4477 1860 4555 aliis
1877 4503 1948 4577 per

357 4601 532 4678 ordinem
554 4602 771 4678 successive.
797 4602 1048 4701 Respondeat
1070 4601 1191 4699 igitur
1214 4599 1462 4700 appellatus'²
1486 4600 1539 4676 A.
1564 4601 1629 4698 qui
1653 4599 1802 4699 primus
1826 4600 1949 4678 estin

357 4817 447 4896 ⁹alii,
471 4820 549 4897 MG,
572 4821 645 4881 CM.
689 4818 754 4854 ¹¹¹¹¹
768 4819 894 4899 appello
915 4821 970 4881 illo
994 4823 1065 4898 quia
1087 4819 1141 4893 ibi,
1163 4820 1233 4894 OB,
1257 4819 1333 4892 ΜΒ,
1357 4819 1424 4879 ΜΛ
1451 4815 1550 4895 (ubi).
1595 4815 1662 4851 ¹¹¹¹¹
1674 4817 1753 4894 Om.,
1777 4818 1846 4894 OB,
1871 4818 1947 4891 MA,

358 4922 433 4982 ΜΒ.
474 4919 501 4955 ²⁸
512 4919 630 4997 habuit,
649 4921 722 4993 0A;
742 4919 895 4996 babuerit,
916 4920 994 4994 MG,
1013 4920 1079 4997 ΟΕ,
1099 4920 1174 4994 ΟΜ,
1193 4919 1259 4981 OC.
1301 4917 1419 4995 15Οιιι,
1440 4919 1507 4995 CE,
1528 4918 1601 4979 ΜΟ.
1642 4916 1761 4992 18Οιιι,
1780 4919 1850 4993 OB,
1871 4920 1946 4980 ΜΒ.

357 5019 384 5056 ²²
396 5022 585 5100 respondere
598 5021 657 5098 illi,
672 5021 741 5095 ΟΒ,
758 5020 833 5095 MA,
849 5021 926 5097 ΜΒ,
943 5019 1009 5096 CE,
1025 5020 1098 5080 MC.
1136 5019 1440 5094 ²⁸Om.,MG,CM.
1478 5017 1505 5053 ¹⁸
1517 5028 1559 5094 et,
1575 5021 1642 5096 LA,
1659 5020 1698 5095 Y,
1716 5020 1790 5081 MC.
1828 5018 1947 5094 ²⁰Om,

358 5121 427 5196 OB,
453 5123 530 5197 MA,
558 5122 633 5196 ΜΒ,
660 5121 726 5182 CE.
775 5120 941 5199 ²¹primus,
969 5121 1046 5196 MG,
1073 5121 1146 5182 CM.
1195 5118 1221 5153 ²²
1233 5119 1403 5198 appellum,
1430 5121 1508 5196 MG,
1535 5121 1609 5181 cM.
1658 5119 1777 5198 ²⁸0m.,
1805 5122 1872 5196 LA,
1900 5121 1946 5194 Y;

357 5225 442 5296 item,
464 5221 537 5282 ΜΟ.
580 5218 607 5254 ²⁴
618 5240 748 5296 annexa,
769 5221 809 5295 V,
830 5220 898 5295 OC,
918 5221 956 5282 Y.
1000 5218 1066 5253 ²²²²²
1078 5240 1138 5299 qua
1158 5240 1261 5294 causa,
1284 5222 1361 5296 MG,
1384 5222 1456 5282 CM.
1500 5218 1526 5254 π
1539 5219 1744 5299 appellatore,
1766 5222 1844 5298 MG,
1866 5223 1929 5284 CM
1937 5245 1945 5296 ;

358 5321 549 5400 appellante,
566 5321 640 5380 MA.
678 5318 890 5396 ²⁸0m.‚MG‚
907 5322 980 5382 CM.
1018 5319 1044 5353 ²⁹
1056 5322 1136 5396 Om.,
1151 5318 1220 5396 OB,
1237 5321 1314 5397 MA,
1332 5323 1413 5394 MB;
1429 5343 1508 5398 cum,
1525 5323 1603 5396 MG,
1619 5323 1693 5384 CM.
1732 5322 1759 5358 ¹⁰
1770 5324 1947 5403 respondet,

359 5421 436 5497 MG,
452 5421 525 5482 CM.
561 5419 587 5454 ⁸¹
600 5422 680 5495 Om.,
695 5421 764 5495 OA,
779 5421 847 5512 LA,
862 5418 929 5496 OC,
945 5423 974 5482 Y
994 5421 1088 5499 (†);
1109 5421 1207 5501 (resp.
1224 5421 1418 5501 appellantes
1435 5426 1543 5502 igitur,
1560 5424 1653 5502 ΜΟ).
