4432 6340
668 507 729 566 DE
752 505 1055 580 ADQUIRENDO
1079 508 1236 569 RERUM
1258 509 1462 571 DOMINIO
1791 518 1865 586 258

276 655 386 732 alteri
406 655 622 745 tradiderit,
645 657 710 754 qui
732 658 780 734 de
801 656 966 736 exitibus
988 659 1070 757 regi
1094 659 1231 736 debeat
1254 661 1497 758 respondere,
1522 671 1560 738 et
1583 662 1671 738 talis
1694 663 1864 740 destruc-

276 773 419 850 tionem
445 775 580 852 fecerit
606 775 668 851 vel
693 784 859 864 vastum,
886 775 950 851 ille
976 776 1155 854 dominus
1181 803 1251 853 rex
1280 804 1303 854 a
1330 777 1400 855 tali
1426 779 1556 877 capiat
1585 781 1798 857 custodiam
1825 789 1866 857 et

274 894 486 981 emendam,
509 901 548 969 et
570 903 674 970 terra
696 894 985 971 committetur¹¹
1009 896 1159 973 duobus
1181 895 1368 994 legalibus
1391 907 1430 974 et
1453 897 1626 974 discretis
1649 897 1865 976 hominibus

274 1011 322 1086 de
341 1011 457 1087 feodo
476 1011 542 1087 illo
562 1012 626 1109 qui
646 1013 694 1088 de
712 1011 877 1089 exitibus
898 1015 1158 1112 respondeant
1177 1015 1334 1091 domino
1354 1015 1448 1112 regi,
1468 1015 1530 1092 vel
1550 1016 1585 1092 ei
1605 1016 1666 1092 cui
1687 1017 1864 1094 dominus

274 1157 341 1208 rex
355 1131 440 1208 illos
455 1130 581 1208 exitus
595 1131 859 1229 assignaverit.
878 1131 920 1208 Si
935 1141 1065 1208 autem
1079 1133 1186 1208 illam
1201 1133 1350 1210 dederit
1363 1134 1424 1209 vel
1439 1134 1654 1211 vendiderit
1670 1135 1782 1212 alicui
1798 1137 1864 1234 qui

273 1250 570 1326 destructionem
586 1251 647 1325 vel
663 1258 816 1326 vastum
834 1250 922 1326 inde
940 1249 1086 1339 fecerit,
1106 1251 1257 1327 amittet
1275 1251 1488 1329 custodiam
1506 1252 1613 1329 illam
1629 1263 1669 1330 et
1686 1254 1864 1331 tradetur

273 1368 433 1457 duobus,
446 1378 493 1444 ut
505 1368 732 1468 praedictum
745 1377 814 1444 est.
832 1368 1009 1459 <Cum²⁸
1025 1369 1074 1445 sit
1087 1368 1195 1446 heres
1208 1367 1400 1447 ma'sculus
1414 1371 1474 1446 vel
1491 1371 1636 1448 femina
1649 1371 1716 1449 et¹⁴
1732 1372 1863 1471 plures

274 1487 416 1563 domini
441 1485 666 1584 capitales,¹⁸
692 1512 823 1564 omnes
849 1487 1098 1585 maritagium
1124 1487 1272 1564 heredis
1298 1488 1438 1565 habere
1464 1515 1544 1565 non
1571 1501 1746 1588 possunt,
1775 1491 1862 1568 licet

271 1630 403 1681 omnes
416 1604 475 1681 ius
488 1605 691 1681 habuerint
705 1605 746 1681 in
759 1605 976 1703 maritagio,
991 1605 1122 1704 qu0d²⁶
1136 1605 1225 1682 talis
1239 1606 1347 1682 heres
1362 1607 1530 1683 tenuerit
1544 1608 1592 1685 de
1607 1608 1777 1707 quolibet
1791 1635 1862 1708 per

272 1721 468 1799 servitium
485 1723 661 1800 militare.
679 1723 795 1800 Unus
812 1732 943 1800 tamen
960 1724 1169 1821 plurimum
1186 1725 1394 1823 praefertur
1411 1725 1587 1802 omnibus
1605 1737 1645 1803 et
1661 1727 1785 1802 maius
1803 1728 1861 1804 ius

270 1842 385 1920 habet
398 1843 439 1919 in
453 1841 670 1940 maritagio,
687 1841 828 1918 scilicet
844 1841 991 1942 primus
1008 1843 1194 1918 feoffator
1211 1843 1387 1919 dominus
1404 1844 1579 1943 capitalis
1597 1846 1738 1944 dequo
1754 1855 1859 1922 ante·

270 1986 395 2038 sessor
414 1961 563 2038 heredis
584 1986 697 2037 suum
718 1962 887 2059 primum
907 1960 1084 2037 habuerit
1106 1961 1414 2050 feoffamentum,
1437 1969 1477 2038 et
1498 1963 1560 2038 cui
1582 1987 1662 2061 prae
1685 1964 1860 2040 omnibus

271 2081 352 2157 aliis
373 2081 467 2156 fecit
486 2080 721 2178 ligeantiam.
746 2079 824 2156 Sed
845 2079 1019 2156 custodia
1040 2090 1232 2157 terrarum
1254 2079 1337 2156 aliis
1359 2079 1520 2157 dominis
1542 2082 1754 2158 remanebit
1776 2108 1860 2181 quae

270 2206 362 2276 sunt
381 2200 429 2274 de
452 2199 575 2275 feodis
595 2199 750 2274 illorum
771 2223 859 2273 cum
881 2198 1054 2276 servitiis.
1080 2197 1158 2275 Sed
1181 2199 1212 2273 si
1234 2198 1370 2297 aliquis
1392 2200 1500 2276 heres
1523 2209 1668 2276 terram
1692 2200 1860 2300 aliquam

269 2317 436 2394 tenuerit
460 2318 507 2393 de
530 2317 685 2395 domino
707 2342 798 2415 rege
822 2317 862 2392 in
886 2316 1023 2415 capite,
1048 2317 1126 2394 sive
1151 2317 1244 2393 ahos
1267 2316 1442 2394 dominos
1465 2318 1641 2395 habuerit
1666 2319 1743 2395 sive
1768 2344 1859 2408 non,

270 2435 443 2512 dominos
463 2461 540 2512 rex·
552 2435 635 2512 aliis
656 2436 864 2535 praefertur
884 2435 923 2512 in
943 2436 1117 2511 custodia
1135 2435 1295 2524 heredis,
1317 2443 1357 2511 et
1375 2436 1454 2513 sive
1475 2437 1558 2535 ipse
1577 2436 1686 2514 heres
1707 2437 1756 2512 ab
1777 2436 1859 2514 aliis

269 2556 376 2656 prius
392 2556 579 2633 leoffatus
595 2555 714 2631 fuerit
728 2554 789 2630 vel
804 2553 1007 2652 posterius,
1022 2579 1110 2630 cum
1125 2579 1194 2631 rex
1209 2579 1343 2654 parem
1359 2580 1438 2630 non
1453 2554 1593 2631 babeat
1606 2580 1731 2655 neque
1747 2581 1858 2655 supe·

267 2675 417 2751 riorem.
438 2674 540 2751 Cum
557 2673 677 2772 igitur
695 2672 872 2749 dominus
890 2698 959 2748 rex
978 2672 1061 2748 aliis
1078 2672 1312 2771 praeferatur
1329 2683 1410 2750 tam
1428 2673 1469 2749 in
1487 2673 1660 2750 custodia
1678 2683 1792 2750 terrae
1810 2674 1858 2751 de

268 2793 297 2869 l.
313 2792 407 2886 arb]
462 2794 734 2890 cuiuscumque
753 2791 868 2867 feodo
888 2789 1008 2867 fuerit
1026 2800 1072 2867 ut
1091 2816 1211 2890 supra
1230 2791 1375 2867 dictum
1394 2800 1464 2879 est,
1484 2791 1515 2868 si
1535 2792 1671 2891 aliquis
1690 2794 1858 2870 tenuerit

268 2913 315 2988 de
333 2937 378 2988 eo
396 2911 647 2989 hereditatem
667 2910 836 3009 aliquam
854 2935 926 3010 per
946 2910 1049 2986 feodi
1069 2910 1233 2998 firmam,
1254 2909 1450 3008 socagium
1469 2909 1531 2985 vel
1550 2910 1796 3009 burgagium,
1818 2920 1857 2988 et

267 3030 315 3107 de
338 3030 414 3106 alio
435 3039 565 3106 teneat
588 3040 733 3107 terram
756 3054 827 3126 per
849 3028 1046 3105 servitium
1069 3027 1246 3117 militare,
1271 3053 1349 3104 non
1372 3029 1526 3105 habebit
1550 3053 1620 3104 rex
1642 3029 1857 3106 custodiam

265 3147 414 3226 heredis
435 3149 497 3224 vel
518 3158 631 3225 terrae
653 3147 811 3224 alicuius
834 3173 950 3247 quam
972 3157 1078 3224 tenet
1102 3148 1149 3224 de
1174 3146 1248 3224 alio
1270 3172 1342 3245 per
1365 3146 1563 3225 servitium
1585 3147 1762 3237 militare,
1786 3173 1856 3224 nec

265 3268 382 3343 etiam
396 3266 591 3343 occasione
606 3266 764 3343 alicuius
779 3290 909 3366 parvae
924 3265 1111 3342 seriantiae
1127 3291 1244 3364 quam
1257 3264 1426 3343 tenuerit
1444 3268 1490 3343 de
1507 3266 1662 3342 domino
1677 3291 1769 3364 rege
1785 3292 1856 3364 per

265 3384 463 3462 servitium
484 3385 669 3461 reddendi
689 3385 723 3462 ei
744 3383 919 3461 cultellos
939 3384 1001 3460 vel
1022 3385 1185 3482 sagittas
1205 3384 1266 3461 vel
1287 3382 1592 3476 huiusmodi.¹⁷>
1620 3383 1800 3476 <Item²⁸
1825 3384 1855 3460 si

266 3505 442 3581 dominus
469 3530 538 3580 rex
565 3503 733 3581 tenuerit
760 3504 929 3602 aliquam
955 3503 1154 3579 baroniam
1180 3502 1241 3579 vel
1269 3503 1384 3579 aliam
1410 3512 1556 3579 terram
1582 3511 1629 3579 ut
1654 3503 1855 3580 eschaetam

265 3651 386 3714 suam,
400 3625 541 3701 scilieet
555 3622 620 3700 ubi
634 3624 791 3701 heredes
806 3649 884 3699 non
898 3623 1153 3721 apparuerint
1168 3631 1330 3722 propter
1345 3623 1540 3699 defectum
1556 3621 1645 3699 vel¹⁹
1659 3621 1853 3711 delictum,

264 3743 324 3819 vel
338 3742 370 3819 si
381 3742 537 3819 heredes
551 3742 750 3819 extiterint
763 3741 878 3818 cum²⁰
892 3767 971 3818 non
984 3751 1074 3819 sunt
1088 3743 1138 3818 ad
1151 3741 1267 3817 fidem
1282 3741 1424 3818 domini
1438 3741 1552 3839 regis,
1568 3741 1666 3818 sicut
1680 3742 1728 3819 de
1741 3742 1854 3818 terris

264 3863 581 3939 Normannorum
598 3872 636 3939 et
654 3860 964 3948 Flandrensium,
982 3869 1021 3936 et
1039 3859 1175 3958 aliquis
1191 3869 1325 3935 tenens
1343 3859 1477 3936 detali
1496 3859 1654 3936 baronia
1670 3860 1732 3936 vel
1748 3870 1855 3937 terra

263 3981 462 4070 moriatur,
478 3980 586 4057 heres
604 3980 685 4055 eius
701 4004 779 4055 non
796 3977 903 4056 dabit
920 3978 1024 4054 aliud
1041 3977 1225 4054 relevium
1242 3977 1396 4054 domino
1413 3977 1507 4075 regi,
1525 4002 1595 4053 nec
1613 3977 1718 4054 aliud
1737 3978 1854 4054 faciet

264 4099 461 4176 servitium
478 4125 594 4198 quam
610 4099 755 4174 faceret
771 4097 906 4174 baroni
921 4097 982 4173 vel
999 4096 1241 4184 Normanno,
1260 4096 1291 4172 si
1308 4096 1375 4172 illa
1390 4106 1489 4173 esset
1506 4097 1547 4172 in
1564 4121 1682 4171 manu
1700 4096 1853 4172 baronis

263 4217 324 4294 vel
347 4217 577 4294 Normanni.
601 4216 687 4292 Nec
710 4215 785 4292 alio
807 4215 922 4292 modo
945 4240 1030 4292 eam
1052 4215 1198 4291 tenebit
1221 4213 1364 4312 quam²¹
1388 4214 1482 4289 baro
1506 4239 1591 4291 eam
1614 4212 1767 4290 tenuit²²
1791 4213 1853 4288 vel

263 4337 527 4426 Normannus,
550 4363 619 4413 nec
641 4337 836 4413 occasione
858 4335 927 4412 tali
949 4335 1116 4410 baroniae
1138 4335 1199 4411 vel
1222 4332 1390 4410 eschatae
1412 4333 1567 4410 habebit
1590 4359 1659 4408 rex
1684 4332 1852 4432 aliquam

263 4456 462 4532 eschoetam
484 4455 544 4531 vel
566 4453 779 4532 custodiam
800 4454 998 4530 hominum
1020 4455 1068 4530 de
1089 4451 1249 4529 baronia
1271 4452 1337 4528 illa
1359 4451 1420 4528 vel
1442 4451 1603 4528 eschaeta
1624 4453 1851 4540 tenentium,

262 4573 333 4650 nisi
357 4573 445 4649 alibi
467 4573 662 4651 tenuerint
683 4572 759 4649 alia
779 4580 999 4649 tenemento
1020 4573 1067 4648 de
1088 4571 1233 4647 domini
1256 4596 1346 4669 rege
1368 4571 1409 4646 in
1431 4571 1557 4669 capite
1580 4570 1635 4645 illi
1658 4570 1724 4669 qui
1745 4580 1850 4647 tene·

261 4701 435 4768 mentum
445 4690 668 4769 tenuerint²⁸
681 4692 729 4769 de
741 4689 900 4767 baronia
912 4691 978 4767 illa
990 4690 1051 4765 vel
1063 4689 1234 4778 eschaeta,
1248 4689 1320 4764 nisi
1334 4689 1383 4765 sit
1395 4689 1450 4764 ita
1462 4690 1565 4788 quod
1578 4688 1850 4788 ipsedominus

261 4836 330 4886 rex
344 4811 442 4886 tales
457 4810 678 4887 feoffaverit
693 4812 741 4887 de
756 4810 888 4886 eadem
904 4807 1063 4884 baronia
1077 4808 1139 4885 vel
1154 4807 1315 4885 eschoeta
1330 4808 1377 4884 de
1394 4807 1522 4905 aliqua
1538 4816 1650 4905 parte
1666 4805 1850 4884 tenendi'⁴

259 5027 517 5105 ²²oommittatur,
535 5028 575 5102 V,
594 5028 671 5104 MA,
691 5030 763 5089 cM.
804 5026 869 5061 ¹¹¹¹¹
883 5027 963 5103 Om.,
983 5029 1052 5103 OB,
1073 5027 1149 5102 MA,
1170 5025 1246 5102 ΜΒ,
1267 5026 1345 5101 MG,
1367 5025 1433 5100 ΟΕ,
1455 5026 1530 5100 CM,
1549 5026 1595 5097 Y;
1616 5027 1672 5094 sio,
1693 5025 1761 5100 OA,
1781 5024 1849 5099 OC,

260 5130 327 5204 LA,
346 5130 419 5190 Me.
460 5127 618 5204 ²4²⁸Om,
638 5129 704 5204 LA,
724 5129 797 5189 MC.
838 5126 912 5190 ²‘eo
931 5127 1024 5208 qnod,
1044 5128 1118 5202 MC,
1139 5128 1206 5200 LA,
1226 5127 1270 5200 V;
1291 5129 1374 5206 quia,
1394 5127 1461 5188 00.
1503 5123 1569 5160 Μ
1581 5126 1661 5201 Om,
1682 5128 1752 5203 OB,
1773 5127 1849 5201 MA,

260 5231 337 5307 ΜΒ,
358 5231 436 5306 MG,
457 5231 524 5305 ΟΕ,
545 5232 619 5306 ΟΜ,
639 5231 685 5304 Υ;
706 5232 761 5302 εἰσ,
782 5231 851 5306 OA,
872 5230 940 5305 OC,
962 5229 1028 5304 LA,
1050 5229 1123 5290 MC.
1166 5228 1193 5263 ¹⁹
1204 5228 1253 5290 vel
1275 5235 1415 5307 propter,
1437 5229 1476 5304 V,
1496 5228 1563 5290 OC.
1606 5227 1758 5302 ²⁰tamen,
1780 5229 1848 5304 OA,

260 5331 326 5405 LA,
352 5332 421 5407 OC,
446 5331 519 5391 Mc.
567 5329 736 5409 ²¹¹²²quam
761 5330 921 5391 baroniam
946 5334 1057 5403 tenuit,
1084 5329 1149 5391 OC.
1198 5327 1412 5405 ”tenuerunt
1440 5330 1512 5401 LA3
1539 5333 1685 5406 nouerit,
1712 5329 1752 5405 V,
1779 5331 1848 5392 ΟΔ.

260 5428 286 5464 ²⁴
296 5430 472 5506 tenendum,
486 5430 525 5494 V.
