4432 6340
384 503 458 572 240
917 496 1138 558 BBACTON:
1161 496 1223 558 DE
1245 497 1438 560 LEGIBUS

483 646 530 725 Si
552 647 731 724 maiam
755 646 972 746 captionem
996 647 1164 745 horoopii
1189 647 1354 725 tenentia
1377 648 1438 726 aaa
1461 647 1620 744 differat
1646 647 1706 724 vel
1732 659 1880 726 νεοωεί
1904 672 1976 749 per

483 763 681 843 amcam.

385 885 496 960 Iram
511 893 593 960 esto
608 886 711 982 quod
725 909 814 961 cum
827 884 1003 961 dominus
1018 883 1211 982 obligatus
1227 885 1276 962 sit
1293 883 1342 960 ad
1359 884 1588 984 capiendum
1603 885 1827 984 homagium
1841 894 1973 962 tenen·

382 1003 433 1080 tis
449 1001 547 1090 sui,'¹
564 1002 783 1104 captionem
798 1002 905 1079 illam
920 1003 1078 1080 differat
1095 1004 1156 1080 vel
1172 1013 1321 1080 rccuset
1338 1003 1377 1078 in
1395 1003 1575 1080 fraudem
1593 1003 1708 1093 forte,
1726 1029 1775 1081 ne
1793 1005 1827 1081 ei
1844 1013 1973 1082 tenea·

380 1130 448 1198 tur
465 1122 515 1198 ad
533 1122 772 1210 warantiam,
791 1148 867 1220 quo
885 1145 976 1200 casu
993 1121 1259 1220 multipliciter
1277 1121 1421 1220 poterit
1439 1120 1614 1199 tenenti⁸¹
1633 1120 1839 1221 provideri.
1860 1122 1973 1200 Rele-

379 1249 495 1317 vatur
506 1241 692 1339 imprimis
705 1267 729 1317 a
741 1240 895 1318 servitio
907 1241 958 1317 ad
969 1241 1073 1340 quod
1084 1239 1192 1316 nullo
1203 1240 1318 1316 modo
1330 1248 1486 1317 tenetur
1498 1240 1569 1316 nisi
1582 1250 1699 1339 capto
1710 1240 1901 1339 homagio.
1915 1242 1973 1316 Et

382 1360 413 1435 si
429 1383 502 1457 per
517 1358 704 1456 placitum
721 1367 761 1435 et
778 1357 961 1438 iudicium
977 1359 1064 1458 capi
1082 1356 1231 1446 debeat,
1251 1357 1427 1434 dominus
1445 1358 1574 1435 omnia
1592 1359 1790 1457 arreragia
1808 1359 1971 1436 amittet.

382 1475 536 1553 Poterit
555 1477 672 1554 etiam
691 1484 825 1553 tenens
847 1474 879 1552 si
898 1475 1075 1565 voluerit,
1097 1475 1228 1552 oblato
1246 1476 1426 1574 homagio
1448 1500 1578 1552 coram
1599 1476 1775 1576 pluribus
1796 1478 1837 1552 in
1857 1479 1972 1555 comi·

381 1605 469 1673 tatu
482 1593 544 1672 vel
558 1593 665 1672 curia
677 1603 717 1672 ct
731 1593 886 1695 praecise
901 1601 1088 1682 recusato,
1105 1601 1303 1671 attornarc
1319 1620 1358 1670 se
1374 1595 1562 1694 superiori
1578 1595 1733 1672 domino
1748 1596 1917 1694 capitali,
1932 1606 1973 1674 ct

382 1715 414 1791 si
427 1714 509 1812 ipse
521 1713 745 1812 homagium
758 1712 1001 1802 recusaverit,
1016 1711 1127 1790 alteri
1142 1713 1347 1811 superioria
1361 1721 1402 1790 et
1416 1713 1471 1790 ita
1486 1713 1534 1790 de
1548 1713 1703 1790 domino
1718 1715 1760 1790 in
1775 1714 1974 1792 dominum

382 1858 580 1932 quousque
596 1833 814 1931 pervenerit
832 1831 1027 1932 adipsum
1044 1855 1186 1928 regem,
1205 1833 1271 1930 qui
1289 1840 1347 1908 est
1364 1831 1589 1930 principalis
1607 1832 1783 1909 dominus
1802 1832 1974 1911 omnium

381 1950 657 2040 descendendo,
678 1958 717 2028 et
737 1948 923 2026 rdtimus⁶⁸
945 1948 1196 2039 ascendendo,
1217 1959 1256 2026 et
1277 1949 1384 2026 heres
1405 1949 1564 2027 ultimus
1585 1951 1757 2028 omnium
1777 1951 1971 2029 heredum.

382 2069 485 2146 Cum
502 2077 632 2146 autem
647 2077 784 2146 tenens
802 2068 854 2144 sic
872 2094 913 2145 se
929 2067 1184 2145 attornaverit
1202 2067 1389 2166 superiori
1407 2067 1574 2158 domino,
1594 2078 1632 2146 et
1651 2069 1733 2170 ipsc
1751 2069 1973 2168 homagium

382 2213 494 2264 suum
518 2187 674 2286 ceperit,
699 2187 762 2262 ille
786 2188 852 2285 qui
876 2186 1098 2284 homagium
1123 2187 1312 2264 recusavit
1337 2185 1498 2263 ulterius
1524 2187 1721 2265 servitium
1747 2213 1817 2264 nec
1841 2187 1971 2264 homa·

381 2309 490 2406 gium
509 2318 641 2406 petere
662 2306 818 2407 poterit,
839 2315 879 2384 et
899 2306 1143 2383 nihilominus
1164 2306 1359 2383 tenebitur
1380 2306 1430 2382 ad
1452 2307 1691 2396 warantiam,
1713 2307 1784 2383 hoc
1807 2308 1972 2407 probato

380 2427 485 2524 quod
499 2425 722 2523 homagium
737 2425 875 2502 iuiuste
891 2424 1135 2513 recusaverit,
1152 2431 1191 2500 et
1206 2424 1316 2502 illum
1333 2433 1513 2523 sequetur
1530 2425 1728 2503 servitium
1743 2426 1805 2502 cui
1823 2426 1971 2504 factum

381 2556 439 2624 est
463 2544 697 2643 homagium.
725 2545 832 2636 <Et
857 2544 949 2644 quid
975 2545 1006 2622 si
1031 2544 1206 2644 superior
1231 2543 1408 2622 dominus
1433 2545 1609 2643 capitalis
1634 2545 1857 2644 homagium
1882 2546 1970 2624 talis

380 2665 613 2742 recusaverit
628 2688 717 2741 cum
734 2664 853 2741 fuerit
870 2664 904 2739 ei
922 2662 1106 2752 oblatum,
1125 2672 1331 2762 postquam
1348 2663 1511 2740 inferior
1527 2662 1704 2740 dominus
1722 2663 1971 2763 homagium⁸⁴

379 2784 520 2862 iniuste
535 2781 788 2860 recusaverit?
805 2783 889 2858 Nec
906 2783 940 2858 ei
957 2781 1024 2858 fiet
1041 2781 1239 2858 servitirun
1255 2807 1333 2858 non
1349 2781 1473 2879 magis
1490 2807 1608 2880 quam
1625 2781 1781 2859 domino
1796 2783 1971 2859 inferiori

380 2904 447 3001 qui
468 2902 617 2979 medius
640 2927 721 2978 esse
745 2899 912 2988 deberet,
936 2909 976 2977 et
1000 2900 1053 2976 sic
1077 2899 1150 2976 dici
1174 2909 1305 2999 posset
1329 2899 1377 2976 de
1401 2899 1577 2977 omnibus
1603 2900 1686 2977 aliis
1711 2902 1970 3002 superioribus

380 3019 543 3098 dominis
563 3018 851 3120 capitalibus>
876 3017 919 3094 Si
939 3024 1069 3094 autem
1089 3017 1169 3095 sine
1189 3041 1305 3094 causa
1324 3017 1405 3106 tali,
1426 3018 1487 3093 vel
1507 3018 1583 3093 alia
1603 3017 1815 3108 sufficienti,
1836 3029 1970 3097 tenens

379 3165 451 3240 per
469 3139 745 3216 districtionem
763 3145 899 3214 contra
917 3136 1157 3213 voluntatem
1177 3161 1286 3212 suam
1306 3135 1528 3234 homagium
1548 3137 1682 3214 iecerit
1703 3138 1890 3237 superiori
1910 3138 1970 3215 vel

380 3265 572 3334 extraneae
592 3279 776 3354 persona,
797 3255 828 3331 si
850 3280 963 3330 verus
984 3253 1161 3332 dominus
1183 3261 1293 3352 petat
1314 3253 1547 3352 homagium,
1570 3280 1648 3331 non
1669 3255 1814 3354 poterit
1836 3265 1970 3333 tenens

381 3377 411 3452 f.
426 3376 495 3468 88]
549 3374 725 3450 recedere
738 3372 787 3448 ab
799 3398 845 3451 eo
857 3372 919 3448 cui
931 3371 1154 3470 homagium
1167 3371 1260 3449 fecit
1273 3372 1353 3448 sine
1367 3373 1522 3448 iudicio:
1538 3381 1577 3448 et
1591 3399 1667 3472 quo
1681 3398 1772 3450 casu
1786 3399 1874 3450 cum
1888 3374 1970 3476 ipse

380 3519 493 3570 verus
514 3490 690 3569 dominus
711 3497 822 3591 petat
842 3516 866 3565 a
886 3497 1042 3568 tenente
1063 3515 1144 3579 suo,
1165 3491 1271 3588 quod
1292 3490 1410 3568 faciat
1433 3491 1468 3566 ei
1488 3492 1781 3568 consuetudines
1804 3502 1843 3569 ct
1866 3503 1970 3570 recta

381 3609 535 3689 servitia
553 3635 639 3709 quae
658 3610 693 3686 ei
712 3609 839 3686 facere
859 3608 974 3685 debet
993 3608 1041 3684 de
1061 3607 1181 3684 libero
1200 3618 1431 3698 tenemento,
1453 3610 1557 3708 quod
1578 3611 1625 3686 de
1646 3635 1691 3686 eo
1712 3620 1818 3688 tenet
1838 3611 1879 3686 in
1900 3611 1969 3687 tali

379 3729 482 3818 villa,
497 3739 543 3807 ut
558 3729 600 3805 in
615 3726 814 3826 homagiis,
831 3727 992 3817 releviis,
1009 3727 1221 3804 redditibus
1239 3735 1416 3816 etcetera,
1434 3736 1474 3804 et
1491 3728 1594 3804 unde
1611 3729 1710 3827 petit
1728 3731 1833 3828 quod
1851 3729 1970 3806 faciat

379 3847 415 3924 ei
436 3847 659 3945 homagium
681 3852 720 3925 et
742 3845 926 3924 relevium
948 3845 996 3922 de
1018 3845 1088 3922 tali
1112 3845 1227 3922 feodo
1250 3854 1434 3922 etcetera:
1459 3854 1498 3922 et
1521 3870 1608 3922 cum
1632 3846 1721 3924 talis
1745 3848 1893 3924 venerit
1916 3848 1969 3924 et²

379 3964 589 4065 cognoscit²
602 3967 705 4065 quod
718 3965 767 4041 dc
777 3990 823 4041 eo
836 3973 968 4042 tenere
980 3964 1093 4041 debet
1107 3964 1265 4040 feodum
1279 3962 1387 4052 illud,
1402 3973 1441 4040 et
1454 3963 1618 4041 libenter
1631 3965 1777 4042 faceret
1792 3966 1826 4040 ei
1839 3964 1969 4042 homa·

379 4085 488 4183 gium
508 4093 547 4162 et
568 4083 766 4162 servitium
787 4084 817 4160 si
839 4084 1015 4160 recedere
1034 4080 1178 4182 posset⁸
1200 4107 1223 4158 a
1244 4081 1314 4158 tali
1336 4082 1502 4171 domino,
1526 4083 1592 4181 qui
1612 4083 1835 4182 homagium
1858 4110 1970 4161 suum
2011 4161 2014 4166 .

379 4203 482 4303 cepit
499 4229 569 4304 per
586 4201 873 4290 districtionem,
889 4202 951 4278 vel
966 4201 1095 4301 ipsum
1112 4225 1246 4277 verum
1263 4199 1461 4277 dominum
1478 4201 1633 4299 penitus
1651 4202 1970 4291 deadvocaverit,⁴

379 4321 539 4399 dicendo
556 4322 659 4420 quod
674 4320 769 4395 nihil
783 4319 832 4398 de
847 4346 892 4396 eo
908 4327 1050 4396 teneat.
1070 4318 1113 4395 Si
1128 4326 1259 4395 autem
1275 4317 1404 4417 ipsum
1420 4318 1663 4396 advocaverit
1680 4330 1725 4397 ut
1743 4320 1969 4420 praedictum

379 4449 449 4529 est,
466 4448 560 4516 tunc
578 4446 866 4516 summoneatur
884 4435 980 4535 ipse⁶
999 4435 1174 4535 capitalis
1194 4437 1371 4513 dominus
1390 4436 1565 4534 superior
1583 4438 1644 4514 vel
1664 4447 1870 4515 extraneus
1891 4465 1970 4515 non

380 4557 568 4646 dominus,
588 4557 691 4656 quod
711 4557 759 4633 sit
779 4556 829 4632 ad
846 4563 996 4632 certum
1012 4553 1115 4630 diem
1133 4555 1184 4631 ad
1202 4554 1509 4653 cognoscendum
1528 4555 1622 4654 quid
1640 4555 1733 4633 iuris
1753 4556 1909 4633 clamat⁸
1927 4559 1970 4634 in

378 4673 558 4773 homagio
581 4683 621 4758 et
643 4673 797 4751 servitio
821 4672 993 4772 praedicti
1015 4671 1116 4762 talis,
1140 4669 1215 4749 vel⁷
1239 4672 1388 4750 ratione
1410 4672 1645 4762 hereditatis,
1671 4700 1754 4773 quae
1778 4675 1856 4750 fuit
1879 4676 1969 4754 talis

379 4793 627 4873 antecessoris
641 4792 762 4893 ipsius
777 4791 942 4870 tenentis
957 4791 999 4867 in
1012 4791 1082 4868 tali
1097 4790 1200 4880 villa,
1216 4801 1255 4869 et
1271 4792 1373 4868 uude
1388 4791 1477 4869 talis
1492 4815 1605 4868 verus
1621 4792 1810 4882 dominus,
1828 4794 1970 4871 scilicet

378 5015 404 5050 ⁸²
417 5016 497 5090 Om,
514 5014 583 5089 OB,
600 5013 677 5089 MA,
694 5012 768 5072 ΜΒ.
807 5008 833 5045 ⁸¹
846 5011 927 5085 om,
943 5009 1012 5086 OB,
1029 5009 1106 5084 MA,
1123 5009 1198 5070 MB.
1237 5006 1264 5042 ⁸⁸
1275 5007 1416 5083 uuum,
1433 5009 1504 5085 OB,
1522 5009 1598 5085 MA,
1617 5010 1693 5085 MB,
1711 5010 1779 5088 CB,
1797 5013 1876 5088 MG,
1895 5013 1968 5074 cM.

379 5117 497 5193 ⁸⁴0m,
515 5115 584 5191 OB,
602 5114 678 5189 MA,
696 5113 772 5187 MB,
789 5111 854 5173 CB.

460 5216 549 5292 ¹aut,
570 5214 640 5289 OA,
659 5213 727 5289 LA,
746 5212 813 5287 OC,
833 5211 907 5272 Mc.
949 5209 1149 5290 ’cognoscat
1169 5209 1238 5284 OB,
1259 5210 1335 5287 MA,
1357 5212 1439 5284 Mu;
1461 5217 1650 5290 cognoverit,
1671 5215 1744 5288 003
1767 5220 1968 5296 recognoscit,

360 5319 452 5381 'CM.
491 5316 625 5397 'possit
641 5316 708 5391 LA,
723 5315 789 5377 OC.
827 5311 1032 5387 ‘deadvocat
1047 5312 1116 5386 OA,
1133 5312 1200 5387 LA,
1217 5313 1296 5385 MC;
1313 5312 1524 5388 deadvocavit,
1541 5313 1580 5389 V,
1597 5317 1672 5392 CM,
1689 5317 1756 5393 OC,
1773 5318 1841 5379 OB.
1880 5317 1969 5394 ‘ille,

378 5421 447 5497 OB,
461 5420 537 5494 MA,
550 5419 626 5494 MB,
640 5417 707 5491 CB,
719 5415 794 5490 CM,
808 5415 884 5476 MG.
909 5413 921 5447 ⁰
933 5414 1055 5488 clamet,
1068 5414 1138 5490 OA,
1150 5415 1217 5491 LA,
1230 5414 1302 5488 CE;
1316 5414 1415 5489 clam,
1430 5415 1505 5477 MA.
1530 5414 1636 5491 ⁷0m.,
1650 5418 1718 5494 OA,
1733 5420 1799 5494 LA,
1813 5421 1880 5496 OC,
1893 5421 1968 5482 CM.
