4432 6340
404 431 477 500 202
937 427 1159 488 BRACTON:
1182 427 1243 488 DE
1266 427 1459 490 LEGIBUS

403 573 571 651 nostrae²²
592 575 633 651 in
654 573 769 674 pleno
789 578 974 654 comitatu
995 587 1076 666 tuo,
1098 577 1159 654 vel
1179 603 1309 656 coram
1329 579 1399 655 tali
1420 605 1534 678 quem
1557 579 1607 656 ad
1628 578 1727 656 hoc²¹
1748 579 1996 658 iustitiarium

403 703 580 771 nostrum
595 695 874 784 constituimus,
890 696 943 771 A.
960 720 1044 795 quae
1061 697 1138 774 fuit
1154 722 1253 773 uxor
1269 698 1317 773 Β.
1334 705 1374 774 et
1391 722 1475 798 quae
1491 723 1531 774 se
1549 697 1644 775 facit
1660 709 1938 797 praegnantem,
1955 709 1996 776 et

403 838 534 890 coram
553 814 744 912 praedictis
764 815 986 891 custodibus
1006 815 1126 892 facias
1146 841 1231 892 eam
1251 815 1372 892 videri
1392 842 1463 915 per
1484 815 1626 914 legales
1647 825 1686 893 et
1707 817 1890 894 discretas
1911 844 1994 895 mu·

403 931 526 1022 lieres,
547 957 618 1032 per
637 957 733 1031 quas
753 933 894 1010 veritas
915 933 1050 1010 melius
1072 933 1157 1010 sciri
1179 933 1362 1034 poterit‚²⁸
1384 945 1423 1012 et
1445 934 1650 1033 diligenter
1671 936 1831 1012 tractari
1853 962 1877 1012 a
1899 961 1994 1035 prae·

404 1048 514 1129 dictis
538 1051 761 1129 mulieribus
786 1079 858 1152 per
880 1051 1000 1129 ubera
1022 1061 1062 1131 et
1087 1078 1158 1152 per
1181 1063 1367 1141 ventrem,
1392 1054 1515 1130 modis
1540 1054 1717 1131 omnibus
1743 1054 1880 1154 quibus
1905 1057 1996 1132 inde

403 1169 538 1247 melius
560 1169 737 1270 possint¹⁴
757 1170 954 1248 certiorari
976 1179 1109 1248 utrum
1130 1197 1335 1270 praegnans
1358 1173 1408 1249 sit
1429 1197 1558 1248 necne.
1582 1173 1642 1248 Et
1663 1173 1694 1249 si
1716 1172 1889 1271 praedicti
1910 1198 1994 1250 cus·

403 1291 512 1367 todes
533 1299 572 1366 et
592 1288 770 1368 mulieres
791 1290 957 1368 viderint
978 1291 1082 1389 quod
1102 1315 1307 1390 praegnans
1330 1291 1391 1379 sit,
1413 1291 1474 1366 vel
1496 1291 1584 1367 inde
1607 1291 1879 1381 dubitaverint,
1901 1301 1994 1369 tunc

403 1411 510 1486 illam
532 1410 625 1508 poni
648 1410 794 1486 faciant
817 1409 857 1485 in
879 1418 1006 1485 castro
1028 1417 1160 1485 nostro
1183 1408 1266 1497 tali,
1288 1417 1328 1487 et
1350 1409 1406 1486 ita
1429 1409 1533 1507 quod
1556 1409 1664 1485 nulla
1686 1409 1887 1486 domicella
1911 1436 1995 1510 quse

403 1555 609 1628 pregnans
625 1529 675 1608 sit
689 1530 751 1605 vel
766 1529 842 1606 alia
857 1531 904 1608 de
920 1556 996 1629 qua
1012 1530 1177 1629 suspicio
1192 1530 1323 1606 haberi
1339 1529 1461 1629 possit
1477 1530 1636 1606 alicuius
1653 1529 1835 1608 falsitatis
1852 1532 1993 1607 facien-

404 1647 475 1724 diae
489 1648 538 1726 sit
551 1673 709 1737 cumea,
722 1657 762 1724 et
775 1648 816 1725 in
829 1658 956 1725 castro
969 1648 1035 1724 illo
1048 1674 1197 1735 moram
1212 1647 1358 1725 faciat²⁸
1374 1674 1572 1748 quousque
1587 1650 1635 1726 de
1649 1658 1767 1747 partu
1782 1648 1890 1726 eius²⁸
1905 1674 1993 1726 con·

403 1777 506 1846 stare
528 1769 660 1868 possit.
684 1768 895 1845 Providens
917 1767 1034 1844 etiam
1056 1769 1160 1866 quod
1182 1767 1222 1843 in
1244 1776 1370 1843 castro
1392 1767 1458 1843 illo
1481 1766 1536 1844 ita
1559 1767 1721 1845 discrete
1742 1768 1993 1857 custodiatur,

402 1911 453 1964 ne
467 1887 508 1963 in
522 1886 696 1963 custodia
711 1887 778 1962 illa
792 1887 840 1963 de
856 1895 974 1985 partu
989 1885 1097 1963 eius²'
1114 1887 1236 1985 possit
1252 1885 1403 1962 falsitas
1418 1885 1580 1962 evenire.
1599 1886 1875 1964 Mandavimus
1892 1887 1994 1964 enim

402 2005 685 2083 constabulario
707 2005 777 2081 tali
799 2005 903 2104 quod
924 2003 1038 2082 eam²⁸
1059 2003 1100 2081 in
1122 2004 1305 2102 praedicto
1328 2013 1454 2080 castro
1476 2004 1648 2103 recipiat.
1674 2006 1791 2081 Teste
1815 2014 1992 2082 etcetera.

403 2127 461 2203 Et
482 2125 513 2203 si
534 2124 631 2202 alius
651 2125 701 2201 ad
720 2124 791 2200 hoc
811 2149 927 2223 quam
948 2124 1154 2199 vicecomes
1173 2123 1433 2200 constituatur
1453 2121 1679 2201 iustitiarius
1701 2133 1747 2200 ut
1768 2124 1993 2223 praedictum

403 2253 473 2334 est,
491 2253 585 2321 tunc
603 2244 771 2319 addatur
788 2242 829 2318 in
846 2242 922 2318 fine
941 2240 1113 2317 clausula
1130 2241 1216 2330 ista,
1235 2240 1341 2330 Quia
1358 2240 1546 2318 mittimus
1565 2241 1793 2339 pradictum
1810 2243 1930 2320 talem
1949 2252 1994 2319 ut

403 2389 491 2441 cum
508 2365 593 2463 ipso
610 2372 649 2439 et
666 2388 737 2461 per
753 2361 881 2460 ipsum
898 2358 1097 2457 negotium
1115 2360 1210 2436 illud
1228 2360 1416 2458 perducas
1435 2359 1485 2435 ad
1504 2360 1698 2437 effectum.
1718 2361 1845 2438 Breve
1864 2369 1993 2438 autem

403 2483 507 2582 quod
522 2480 703 2579 dirigitur
717 2478 1000 2557 constabulario
1015 2479 1120 2577 quod
1135 2503 1219 2554 eam
1235 2478 1407 2577 recipiat,
1423 2478 1502 2554 tale
1518 2478 1602 2555 erit.

502 2604 630 2682 Breve
647 2601 929 2680 constabulario
947 2601 1052 2701 quod
1067 2600 1228 2700 recipiat
1246 2625 1331 2679 com
1347 2600 1389 2678 iu
1405 2611 1531 2679 castro
1549 2626 1630 2679 uto.

401 2729 498 2805 unx
512 2726 581 2804 tali
597 2725 880 2803 constabulario
896 2723 1070 2802 salutem.
1088 2725 1339 2824 Praecipimus
1354 2724 1425 2800 tibi
1441 2727 1544 2824 quod
1561 2725 1679 2802 talem
1695 2726 1895 2803 mulierem
1910 2751 1993 2826 quae

402 2874 442 2926 se
459 2847 554 2924 facit
568 2856 834 2947 praegnantem
850 2846 891 2922 in
904 2846 973 2922 tali
989 2855 1115 2922 castro
1130 2871 1218 2922 oum
1235 2845 1312 2921 ad²⁹
1326 2853 1367 2922 te
1382 2845 1557 2923 venerit⁸⁰
1574 2845 1746 2944 recipias,
1764 2856 1802 2923 et
1818 2847 1873 2924 ita
1890 2849 1994 2946 quod

403 2967 444 3043 in
469 2968 603 3044 eodem
629 2975 755 3042 castro
780 2991 929 3043 moram
956 2964 1075 3040 faciat
1102 2965 1152 3040 ad
1177 2973 1330 3040 custum
1356 2989 1470 3042 suum
1495 2964 1710 3063 proprium,
1738 2973 1777 3042 et
1805 2963 1881 3042 sint
1906 2965 1993 3041 duae

401 3087 580 3166 mulieres
597 3086 657 3164 vel
673 3096 753 3163 tres
771 3089 818 3164 de
836 3086 1021 3186 progenie
1039 3085 1108 3163 tali
1126 3085 1184 3162 si⁸¹
1203 3085 1395 3163 voluerint
1412 3087 1537 3163 visum
1555 3087 1603 3163 de
1621 3112 1668 3163 ea
1686 3087 1814 3163 facere
1833 3086 1993 3186 singulis

402 3209 535 3285 diebus
557 3208 673 3285 semel
694 3209 734 3283 in
757 3209 817 3284 die
838 3208 880 3283 in
900 3207 1084 3307 praedicto
1105 3217 1243 3295 castro,
1266 3206 1337 3282 hoc
1359 3206 1411 3283 eis
1434 3205 1648 3305 permittas.
1673 3208 1792 3284 Teste
1814 3216 1991 3284 etcetera.

402 3327 489 3404 Et⁸'
505 3327 577 3403 hoc
591 3329 648 3405 ita
663 3329 733 3404 liat
750 3329 781 3404 si
797 3353 898 3404 uxor
913 3337 1180 3427 praegnantem
1197 3354 1236 3404 se
1254 3328 1389 3405 fecerit
1406 3328 1447 3403 in
1463 3328 1544 3404 vita
1560 3326 1672 3405 viri.⁸⁸
1694 3328 1737 3404 Si
1755 3337 1885 3404 autem
1903 3337 1993 3428 post

400 3458 565 3526 mortem
578 3449 651 3524 viri
664 3458 931 3549 pregnantem
945 3474 985 3526 se
998 3449 1133 3526 fecerit
1146 3474 1235 3526 cum
1248 3450 1401 3538 nonsit,
1417 3447 1484 3525 et⁸⁴
1499 3449 1549 3525 ad
1564 3449 1898 3527 exheredationem
1912 3450 1993 3525 veri

401 3573 549 3650 heredis
567 3581 677 3671 petat
695 3598 734 3648 se
749 3571 852 3648 mitti
868 3570 909 3646 in
926 3569 1202 3669 possessionem
1219 3569 1372 3646 nomine
1389 3570 1546 3660 ventris,
1565 3570 1615 3646 ad
1633 3570 1820 3647 malitiam
1838 3571 1992 3646 convin-

401 3694 562 3770 cendam
577 3693 647 3768 fiat
661 3692 739 3769 tale
755 3692 868 3768 breve
885 3691 934 3767 ad
950 3691 1145 3790 querelam
1159 3690 1319 3767 heredis.

500 3817 527 3892 1
528 3823 606 3892 tem
621 3816 670 3892 de
684 3815 817 3891 eodem
832 3815 883 3891 od
898 3813 1093 3914 querelam
1108 3813 1256 3892 heredia
1271 3815 1375 3913 quod
1391 3813 1578 3891 videatur.

400 3940 498 4016 Rnx
521 3938 731 4014 vicecomiti
756 3937 930 4013 salutem.
957 3937 1197 4014 Monstravit
1221 3937 1330 4013 nobis
1354 3938 1408 4013 A.
1435 3938 1559 4013 frater
1585 3938 1633 4013 Β.
1661 3938 1764 4036 quod
1790 3963 1879 4014 cum
1903 3937 1992 4015 talis

402 4059 547 4136 femina
563 4084 647 4158 quae
663 4059 740 4135 fuit
756 4083 855 4134 uxor
872 4057 1044 4157 praedicti
1060 4058 1109 4133 Β.
1127 4082 1333 4157 praegnans
1349 4058 1506 4146 nonsit,
1523 4058 1609 4157 ipsa
1626 4059 1726 4134 falso
1745 4085 1784 4135 se
1802 4059 1893 4136 dicit
1910 4085 1992 4136 esse

400 4177 694 4278 praegnantem⁸⁵
710 4181 757 4256 de
772 4178 956 4279 praedicto
969 4179 1031 4266 B.,
1047 4176 1125 4255 ad⁸⁸
1140 4177 1474 4255 exheredationem
1488 4178 1609 4277 ipsius
1624 4179 1677 4254 A.
1695 4177 1770 4255 de⁸²
1786 4188 1892 4256 terra
1909 4203 1992 4277 quae

401 4301 479 4378 fuit
500 4299 673 4401 praedicti
693 4300 756 4388 B.,
777 4298 888 4399 quae⁸⁸
909 4300 959 4374 ad
981 4299 1109 4398 ipsum
1128 4298 1182 4374 A.
1204 4299 1287 4376 iure
1308 4297 1539 4374 hereditario
1561 4299 1790 4376 descendere
1812 4300 1925 4378 debet
1946 4309 1993 4376 ut

401 4422 504 4511 dicit,
518 4431 718 4520 tamquam
733 4421 782 4496 ad
799 4421 962 4496 fratrem
977 4427 1017 4496 et
1030 4418 1208 4495 heredem
1223 4417 1342 4517 ipsius
1358 4418 1407 4493 B.
1425 4419 1455 4495 si
1471 4418 1656 4517 praedieu
1671 4420 1759 4497 talis
1777 4422 1824 4497 de
1840 4447 1886 4498 eo
1902 4447 1990 4520 pro·

402 4638 520 4714 ¹²Om.,
541 4637 617 4712 MA,
638 4637 715 4712 ΜΒ,
736 4637 792 4698 ΟΒ
819 4636 897 4714 (el).
942 4635 967 4669 ²²
979 4636 1060 4712 Om.,
1081 4634 1149 4708 OB,
1171 4635 1247 4708 MA,
1270 4635 1346 4710 ΜΒ,
1368 4635 1433 4694 LA.
1477 4632 1624 4712 ²⁸possil,
1646 4637 1715 4714 OA,
1738 4638 1804 4715 LA,
1827 4639 1894 4714 OC,
1918 4641 1990 4701 MC.

401 4737 428 4772 ²⁴
439 4744 581 4818 possunt,
594 4737 662 4812 LA,
676 4737 743 4812 (ΖΕ,
758 4737 837 4810 MC;
852 4741 962 4816 possit,
976 4735 1054 4810 MG,
1069 4737 1114 4808 V;
1129 4740 1256 4814 poterit,
1271 4736 1346 4797 MA.
1382 4733 1409 4769 ²⁸
1422 4735 1527 4813 faciet,
1543 4738 1612 4813 OB,
1628 4739 1704 4813 MA,
1721 4741 1802 4813 MB;
1820 4740 1909 4816 iacit,
1923 4741 1991 4803 OC.

401 4837 505 4915 ²⁶soo,
524 4837 593 4915 OB,
614 4838 689 4914 MA,
709 4838 786 4913 ΜΒ,
805 4837 883 4912 MG,
903 4837 977 4911 CM,
996 4837 1036 4913 Y,
1055 4837 1093 4897 V.
1134 4835 1238 4913 ²7auo,
1258 4837 1326 4911 OB,
1347 4838 1423 4914 MA,
1442 4839 1518 4912 ΜΒ,
1539 4839 1579 4913 Υ,
1599 4841 1677 4916 MG,
1697 4843 1772 4918 cM,
1792 4843 1830 4904 V.
1873 4843 1992 4920 ”Om.,

401 4940 470 5015 OB,
488 4940 564 5015 MA,
583 4938 658 5002 ΜΒ.
698 4937 765 4974 ²⁹⁴⁰
776 4942 954 5017 pervenerit
971 4939 1011 5000 ad
1030 4945 1071 5012 le,
1084 4938 1130 5012 v,
1148 4938 1218 5013 OB,
1237 4939 1313 5013 MA,
1332 4941 1408 5015 ΜΒ,
1427 4941 1467 5015 Y,
1487 4940 1564 5015 MG,
1584 4943 1657 5003 cM.
1699 4941 1818 5019 ⁸²0m.‚
1836 4947 1906 5022 OA,
1925 4949 1989 5008 LA

401 5039 467 5074 ³³³³³
478 5040 559 5114 Om.,
579 5040 648 5115 OB,
669 5038 745 5115 MA,
765 5039 840 5100 ΜΒ.
882 5037 1000 5113 “Om.,
1019 5039 1089 5113 OB,
1110 5040 1186 5115 MA,
1207 5041 1283 5116 ΜΒ,
1305 5041 1382 5116 MG,
1403 5041 1476 5102 CM.
1518 5041 1820 5124 ⁸⁶impraegnantem,
1842 5049 1914 5123 003
1936 5054 1991 5110 im·

400 5147 580 5217 praeustam,
604 5140 679 5213 OA3
703 5147 915 5220 praegnantem
939 5141 989 5200 vel
1012 5143 1255 5219 impregnatam,
1280 5141 1347 5216 OE,
1372 5143 1417 5216 Y;
1442 5152 1654 5224 praegnantem
1678 5149 1727 5210 vel
1751 5159 1991 5229 prognatorum,

401 5239 484 5313 MG;
503 5247 716 5319 praegnantum
735 5241 785 5301 vel
805 5246 1049 5319 impregnatam,
1068 5241 1141 5302 MC.
1183 5239 1210 5275 ⁸⁸
1222 5249 1253 5303 et
1272 5241 1323 5318 ad,
1343 5243 1413 5320 OB,
1433 5246 1510 5321 MA,
1530 5247 1606 5323 ΜΒ,
1627 5249 1693 5311 OE.
1735 5250 1902 5330 ⁸⁷desicut,
1922 5256 1991 5329 OA,

401 5341 468 5416 LA,
482 5340 550 5415 OC,
565 5339 637 5401 MC.
674 5338 701 5374 ⁸⁸
713 5341 793 5416 Om.,
808 5340 877 5417 OA,
891 5341 958 5415 LA,
974 5341 1040 5416 OC,
1055 5342 1123 5419 CB,
1139 5342 1212 5404 Mc,
