4392 6352
396 503 471 572 812
929 497 1153 559 BRACTON:
1175 496 1237 558 DE
1261 497 1454 560 LEGIBUS

398 645 546 724 desinet
567 646 754 746 placitum
776 672 907 725 coram
928 646 1140 726 iustitiariis
1163 649 1211 726 de
1235 648 1367 725 bauco.
1395 648 1472 725 Sed
1496 647 1589 747 quid
1612 649 1760 725 dicetur
1783 649 1831 725 de
1855 675 1900 725 eo
1923 649 1990 749 qui

398 789 528 841 eoram
540 763 753 842 iustitiariis
767 764 815 842 de
829 766 950 842 banco
964 767 1176 843 essoniatus
1190 766 1310 843 fuerit
1325 767 1372 844 de
1386 767 1488 843 malo
1503 767 1613 844 lecti?
1626 767 1720 844 Fiat
1734 767 1782 844 de
1797 794 1842 844 eo
1857 792 1988 844 secun·

399 882 493 958 dum
507 882 610 982 quod
625 883 728 960 visus
741 884 861 961 fuerit
875 885 936 960 vel
950 910 1028 961 non
1043 885 1158 974 visus,
1173 894 1212 962 et
1227 886 1258 962 si
1273 885 1376 962 visus
1391 885 1522 974 fuerit,
1536 885 1645 961 tunc⁸
1660 887 1870 963 secundum
1885 887 1989 984 quod

397 1002 564 1100 languor
582 1003 616 1079 ei
637 1003 757 1079 fuerit
776 1003 1028 1092 adiudicatus,
1048 1003 1109 1079 vel
1127 1004 1338 1081 secundum
1358 1004 1461 1103 quod
1483 1003 1602 1080 fuerit
1621 1004 1767 1081 malum
1786 1006 1987 1082 transiens.

398 1121 457 1196 Et
476 1120 507 1196 si
525 1120 628 1198 visus
647 1145 726 1196 non
745 1121 876 1210 luerit,
896 1122 928 1198 si
947 1122 1069 1221 possit
1089 1122 1168 1199 sine
1187 1123 1341 1199 licentia
1360 1148 1518 1221 surgere
1537 1123 1757 1211 videndum,
1777 1123 1839 1199 vel
1859 1124 1889 1198 si
1910 1149 1988 1200 non

397 1238 531 1337 possit,
547 1265 661 1337 aquo
676 1241 844 1338 petenda
859 1241 909 1317 sit
925 1241 1078 1317 licentia
1094 1241 1288 1339 surgendi,
1305 1251 1437 1318 utrum
1453 1268 1477 1318 a
1492 1241 1704 1318 iustitiariis
1719 1241 1988 1319 itinerantibus

396 1359 458 1434 vel
477 1358 526 1435 de
544 1359 683 1435 banco:
702 1358 762 1436 vel
783 1358 814 1436 si
833 1359 936 1436 visus
957 1359 1077 1436 fuerit
1097 1369 1135 1436 et
1155 1359 1294 1436 habeat
1313 1360 1458 1435 malum
1478 1360 1679 1449 transiens,
1699 1384 1831 1437 coram
1851 1361 1989 1459 quibus

397 1475 536 1552 debeat
554 1501 795 1576 comparere:
817 1476 878 1552 vel
899 1478 930 1554 si
951 1476 1118 1575 languor
1139 1477 1173 1553 ei
1196 1477 1316 1553 fuerit
1337 1477 1589 1567 adiudicatus,
1612 1503 1742 1554 coram
1764 1478 1901 1577 quibus
1923 1479 1987 1555 de·

396 1595 500 1673 beat*
525 1596 722 1674 testificari
746 1595 867 1672 visus:
893 1597 954 1671 vel
980 1597 1012 1672 si
1037 1596 1230 1672 iustitiarii
1255 1595 1492 1685 itinerantes,
1519 1597 1550 1673 si
1576 1597 1618 1673 in
1642 1597 1777 1674 eodem
1802 1597 1986 1674 comitatu

396 1714 554 1793 iacuerit
576 1715 799 1803 essoniatus‚
821 1715 975 1791 mittere
997 1713 1167 1813 possent⁶
1191 1715 1241 1791 ad
1262 1715 1392 1814 ipsum
1413 1723 1459 1791 ut
1481 1714 1601 1792 faciat
1623 1723 1876 1804 attornatum,
1900 1740 1988 1792 curn

397 1833 588 1909 essonium
602 1833 651 1908 de
663 1831 766 1909 malo
779 1833 868 1908 lecti
883 1858 1012 1909 coram
1027 1834 1080 1910 eis
1095 1858 1174 1910 non
1188 1834 1328 1909 habeat
1342 1833 1481 1909 locum.
1499 1834 1600 1910 Cum
1615 1858 1707 1909 vero
1723 1844 1812 1933 post
1827 1858 1987 1931 genera·

395 1952 472 2028 lem
486 1951 821 2029 summonitionem
834 1951 980 2029 itineris
995 1976 1073 2027 non
1087 1951 1236 2028 venerit
1251 1952 1335 2050 quis
1350 1951 1446 2028 liber
1460 1951 1585 2040 homo,
1601 1976 1670 2028 nec
1686 1978 1725 2029 se
1741 1952 1988 2029 essoniaverit

395 2071 444 2147 de
459 2071 651 2147 communi
669 2069 975 2158 summonitione,
993 2070 1081 2147 licet
1098 2069 1285 2168 placitum
1302 2094 1381 2145 non
1397 2070 1575 2146 habuerit
1591 2093 1661 2146 nec
1679 2070 1799 2148 fuerit
1815 2070 1986 2170 implaci-

394 2197 501 2265 tatus
522 2188 648 2287 primo
668 2189 740 2277 die,
761 2214 834 2287 pro
855 2189 1004 2265 defalta
1023 2189 1096 2265 erit
1117 2189 1157 2264 in
1176 2189 1436 2266 misericordia
1455 2189 1544 2265 licet
1565 2189 1813 2287 postmodum
1832 2213 1986 2288 eompa-

395 2315 491 2396 reat,
514 2307 587 2382 nisi
609 2306 826 2384 rationabili
848 2306 897 2382 de
918 2331 1034 2382 causa
1056 2306 1228 2382 docuerit
1251 2331 1291 2384 se
1314 2333 1394 2384 esse
1417 2307 1657 2406 impeditum.
1682 2308 1741 2384 Et
1764 2308 1795 2384 si
1819 2308 1922 2384 forte
1946 2333 1985 2384 se

395 2424 653 2513 essoniaverit,
672 2425 744 2502 nisi
763 2432 900 2524 postea
919 2425 1178 2524 comparuerit
1198 2451 1277 2501 non
1297 2424 1438 2503 valebit
1457 2426 1659 2514 essonium,
1680 2435 1720 2502 et
1739 2427 1841 2502 idem
1861 2426 1934 2502 erit
1954 2425 1986 2502 si

394 2542 542 2620 venerit
561 2552 600 2621 et
620 2544 700 2620 sine
719 2543 874 2619 licentia
892 2543 1099 2620 recesserit.
1123 2544 1165 2619 Si
1186 2552 1316 2620 autem
1335 2543 1621 2620 constituantur
1640 2543 1835 2621 iustitiarii
1856 2546 1906 2621 ad
1927 2571 1986 2622 as·

394 2663 499 2752 sisas,
516 2670 556 2740 et
571 2688 650 2739 non
668 2663 718 2738 ad
734 2663 862 2738 omnia
878 2662 953 2738 alia
970 2663 1124 2760 placita,
1142 2663 1209 2738 sed
1227 2662 1277 2738 ad
1294 2663 1438 2760 placita
1454 2663 1645 2761 specialia,
1663 2663 1761 2739 sicut
1779 2664 1830 2738 ad
1847 2663 1983 2740 assisas

392 2780 643 2869 omnimodas,
664 2779 728 2856 ad⁰
748 2780 881 2879 gaolas
903 2780 1179 2868 deliberandas,
1202 2790 1242 2857 et
1263 2781 1313 2856 ad
1334 2780 1479 2879 placita
1499 2781 1547 2856 de
1568 2782 1658 2858 dote
1679 2791 1835 2858 tantum
1855 2806 1985 2858 coram

393 2908 561 2999 quatuor
574 2899 798 2988 iustitiariis,
814 2907 908 2975 tunc
922 2899 992 2975 fiat
1008 2898 1121 2974 breve
1136 2899 1177 2973 in
1191 2899 1262 2974 hac
1278 2900 1406 2974 forma
1422 2907 1588 2999 quatuor
1603 2899 1816 2976 iustitiariis
1832 2898 1984 2999 patens'

392 3016 568 3094 omnibus
583 3016 708 3094 simul.

491 3136 596 3211 Item
613 3134 789 3212 omnibus
805 3143 972 3234 quatuor
987 3135 1200 3212 institionis
1216 3135 1330 3211 amal
1347 3135 1415 3214 abi
1431 3135 1719 3213 comtitoaotar
1736 3137 1787 3214 ad
1803 3135 1983 3235 specialia

493 3263 531 3330 et
546 3277 626 3328 ooo
640 3253 690 3329 ad
705 3253 834 3330 omnia
847 3253 1003 3352 placita.

391 3371 488 3448 REX
507 3370 653 3447 dilectis
671 3380 710 3447 et
729 3371 905 3448 fidelibus
923 3372 1001 3448 suis
1020 3373 1073 3448 A.
1094 3373 1143 3447 B.
1165 3373 1209 3448 C.
1229 3370 1284 3448 D.
1306 3372 1480 3449 salutem.
1503 3371 1641 3450 Sciatis
1661 3373 1766 3472 quod
1784 3374 1980 3450 constitui·

390 3514 476 3565 mus
492 3513 560 3564 vos
577 3489 799 3566 iustitiarios
817 3499 969 3566 nostros
988 3491 1037 3566 ad
1055 3489 1192 3567 assises
1209 3514 1317 3566 novae
1335 3489 1550 3580 disseisinae,
1569 3490 1703 3567 mortis
1722 3493 1980 3580 antecessoris,

390 3607 535 3684 ultimae
564 3607 870 3706 praesentationis
899 3607 1117 3706 capiendas,
1148 3618 1188 3686 et
1218 3610 1268 3685 ad
1297 3610 1441 3708 placita
1471 3611 1518 3686 de
1550 3611 1639 3687 dote
1670 3612 1773 3687 unde
1803 3610 1981 3687 mulieres

390 3734 565 3825 petentes
586 3725 679 3802 nihil
700 3727 843 3803 habent
863 3727 1095 3826 generaliter
1116 3728 1294 3816 tenenda,
1317 3728 1545 3827 quicumque
1567 3736 1703 3804 contra
1725 3729 1861 3806 assises
1885 3754 1981 3829 proe·

390 3844 511 3920 dictas
523 3843 661 3920 terras⁸
674 3845 734 3921 vel
747 3844 1015 3922 advocationes
1028 3846 1272 3922 ecclesiarum
1287 3846 1590 3924 delortiaverint.
1606 3847 1681 3923 Vel
1696 3848 1765 3924 sic:
1780 3848 1831 3924 ad
1845 3849 1981 3924 assisas

389 3962 523 4038 mortis
539 3963 786 4040 antecessoris
800 3973 839 4040 et
854 3989 1016 4063 magnas
1031 3965 1179 4052 assisas,
1195 3972 1235 4041 et
1249 3990 1380 4041 omnes
1396 3965 1541 4042 iuratas
1556 3991 1628 4064 per
1642 3976 1879 4065 praeceptum
1894 3992 1979 4043 nos·

389 4090 495 4157 trum
514 4083 765 4158 summonitas
783 4106 914 4158 coram
933 4081 1144 4159 iustitiariis
1163 4082 1304 4158 nostris
1326 4084 1375 4159 ad
1395 4083 1561 4182 primam
1581 4084 1749 4174 assisam,
1770 4084 1831 4160 vel
1851 4110 1980 4162 coram

387 4201 599 4278 iustitiariis
611 4200 751 4278 nostris
764 4199 870 4298 apud
881 4200 1274 4278 Westmonasterium
1286 4203 1565 4290 atterminatas,
1579 4211 1836 4302 praeterquam
1850 4202 1980 4301 super⁹

388 4317 474 4394 illos
492 4319 557 4417 qui
574 4319 740 4417 profecti
758 4327 849 4395 sunt
866 4318 906 4392 in
923 4318 1078 4395 servitio
1094 4327 1227 4394 nostro
1244 4318 1331 4395 tali:
1350 4328 1389 4396 et
1407 4319 1580 4396 similiter
1598 4322 1649 4396 ad
1666 4322 1821 4418 gaolam
1840 4321 1978 4397 delibe-

388 4436 565 4524 randum,
587 4443 670 4512 tam
689 4435 737 4512 de
757 4435 831 4511 illis
851 4437 916 4534 qui
936 4437 977 4512 in
996 4436 1155 4535 prisona
1174 4446 1307 4513 nostra
1327 4438 1586 4527 inveniuntur,
1609 4464 1726 4536 quam
1748 4439 1796 4515 de
1817 4439 1891 4516 illis
1913 4440 1978 4538 qui

389 4579 460 4651 per
478 4562 715 4652 preceptum
734 4563 909 4630 nostrum
929 4555 970 4629 in
988 4553 1162 4630 custodia
1181 4555 1486 4632 committuntur.
1508 4557 1566 4633 Et
1586 4556 1671 4632 ideo
1693 4557 1800 4634 vobis
1820 4558 1979 4634 manda·

387 4695 485 4760 mus,
509 4679 691 4770 rogantes
715 4672 819 4769 quod
841 4672 892 4747 ad
914 4672 1015 4748 diem
1038 4673 1155 4748 talem
1180 4673 1247 4748 in²⁰
1271 4673 1340 4750 tali
1364 4675 1447 4750 loco
1472 4675 1705 4752 conveniatis
1730 4685 1908 4765 etcetera,
1933 4685 1978 4753 ut

389 4813 509 4888 supra
524 4790 572 4865 de
587 4788 887 4865 constitutione¹¹
903 4789 1222 4867 iustitiariorum²²
1239 4793 1289 4868 ad
1305 4792 1433 4868 omnia
1448 4792 1603 4891 placita.
1621 4793 1679 4870 Et
1696 4794 1745 4869 de
1760 4795 1831 4870 hoc
1848 4795 1980 4872 statim

388 4907 460 4984 fiat
473 4907 684 4985 vicecomiti
699 4907 813 4985 breve
827 4908 1000 4984 clausum
1014 4909 1055 4984 in
1069 4909 1140 4985 hac
1156 4911 1294 4986 forma.

388 5109 494 5186 ⁸Om.,
510 5113 579 5189 OB,
596 5114 672 5187 MA,
689 5114 765 5188 ΜΒ,
782 5114 860 5191 MG,
876 5113 941 5175 OC.
980 5113 1107 5190 ‘debet
1124 5115 1193 5192 OB,
1211 5116 1287 5191 MA,
1303 5117 1380 5190 ΜΒ,
1398 5116 1471 5177 CM.
1510 5115 1666 5194 ‘possint
1684 5116 1713 5177 V
1720 5139 1729 5190 ;
1747 5123 1888 5196 possunt,
1904 5116 1977 5188 Οὓς

388 5218 504 5290 posset,
525 5213 594 5286 OB,
617 5213 697 5286 MB3
718 5218 829 5293 possit,
850 5215 925 5275 MA.
967 5213 1023 5277 “et
1043 5215 1094 5290 ad,
1116 5217 1185 5292 OB,
1208 5217 1284 5293 MA,
1306 5217 1382 5290 ΜΒ,
1404 5217 1472 5293 CE,
1494 5217 1568 5279 CM.
1611 5215 1789 5296 'patentea
1812 5218 1878 5292 OC,
1900 5217 1977 5278 MG.

388 5307 493 5386 ⁸Om.,
516 5312 584 5387 OC,
608 5313 685 5375 MG.
730 5312 837 5390 ⁹0m,
859 5315 929 5391 OB,
952 5316 1029 5391 MA,
1055 5317 1131 5392 ΜΒ,
1156 5315 1223 5390 CE,
1248 5317 1321 5376 CM.
1367 5315 1487 5392 ²⁰Om.,
1512 5319 1581 5394 OB,
1608 5319 1683 5393 MA,
1708 5320 1785 5394 ΜΒ,
1812 5320 1878 5395 CB,
1903 5319 1977 5380 CM.

388 5408 562 5473 ²²¹¹’iuatit
581 5417 768 5489 constitutis,
785 5414 858 5488 GE,
875 5417 1033 5477 constitut.
1051 5419 1160 5491 instit,
1177 5417 1246 5494 OA,
1265 5418 1342 5495 MG,
1362 5419 1435 5481 cM.
