4432 6340
392 409 464 476 188
923 401 1145 464 BaacTON:
1168 403 1229 462 DE
1252 403 1445 466 LEGIBUS

389 560 534 628 rectam
552 553 845 629 descendentem
862 554 902 628 in
920 553 1127 643 infinitum,
1145 565 1184 632 et
1202 563 1337 653 postea
1356 580 1428 653 per
1443 555 1584 633 lineam
1602 556 1898 633 transversalem
1916 559 1981 634 de·

390 672 606 748 scendendo
624 672 664 747 in
680 673 886 762 infinitum,
905 674 979 750 illis
997 675 1259 752 deficientibus
1278 675 1344 774 qui
1363 685 1454 752 sunt
1473 675 1514 752 in
1530 676 1633 752 linea
1650 686 1767 766 recta,
1787 687 1826 754 et
1844 677 1981 755 ultimo

390 816 478 868 cum
494 791 549 868 illi
567 793 778 870 defecerint
796 795 862 893 qui
879 803 970 872 sunt
987 794 1027 870 in
1043 794 1144 871 linea
1161 795 1408 872 transversali
1425 796 1702 886 descendendo,
1720 808 1907 876 vocantur
1927 797 1981 874 illi

390 913 456 1011 qui
474 922 565 990 sunt
583 913 623 990 in
641 913 742 989 linea
759 915 1006 992 transversali
1026 916 1265 992 ascendendo
1283 924 1455 992 tantum:
1477 916 1569 1016 quia
1587 942 1657 1016 per
1676 918 1817 995 lineam
1836 928 1982 996 rectam

391 1032 642 1124 ascendendo,
668 1058 739 1132 per
766 1060 882 1133 quam
908 1035 967 1112 ius
995 1035 1189 1113 descendit
1218 1046 1381 1135 propter
1407 1047 1571 1113 mortem
1599 1048 1893 1126 antecessorum,
1922 1041 1981 1116 ius

389 1155 486 1230 illud
504 1181 716 1254 numquam
735 1181 805 1254 per
823 1155 985 1233 eandem
1003 1156 1144 1233 lineam
1164 1156 1388 1233 reascendit.
1411 1157 1470 1234 Et
1489 1159 1664 1256 quamvis
1683 1184 1814 1236 omnes
1835 1161 1877 1236 in
1895 1161 1981 1237 infi-

389 1279 528 1357 nitium
549 1278 601 1356 sic
622 1277 862 1354 ascendendo
881 1275 955 1353 vel⁶
977 1277 1241 1354 descendendo
1262 1279 1355 1354 recti
1378 1287 1469 1356 sunt
1488 1278 1645 1355 heredes
1666 1289 1706 1356 et
1726 1281 1828 1369 iusti,
1850 1291 1982 1358 tamen

390 1424 470 1476 non
497 1424 628 1476 omnes
657 1397 770 1475 simul
797 1407 986 1475 vocantur
1013 1399 1063 1474 ad
1091 1397 1377 1486 successionem,
1407 1398 1499 1497 quia
1526 1401 1781 1499 propinquior
1810 1401 1980 1479 excludit

389 1517 679 1619 propinquum:
705 1519 948 1618 propinquus
973 1528 1177 1607 remotum,
1204 1528 1372 1596 remotus
1400 1522 1655 1597 remotiorem.
1685 1520 1835 1610 Quibus
1864 1524 1981 1600 etiam

389 1640 564 1718 omnibus
584 1640 858 1728 deficientibus,
877 1640 937 1716 vel
956 1649 1119 1739 propter
1137 1640 1332 1718 defectum
1350 1639 1411 1716 vel
1429 1649 1593 1739 propter
1611 1641 1804 1731 delictum,
1824 1645 1980 1721 reverti·

388 1769 456 1838 tur
469 1760 530 1838 ius
547 1762 595 1838 de
611 1761 836 1839 necessitate
853 1762 903 1837 ad
921 1786 1008 1837 eum
1025 1761 1091 1860 qui
1109 1761 1300 1849 feoffavit,
1320 1761 1461 1837 scilicet
1479 1763 1529 1838 ad
1546 1763 1745 1841 dominum
1763 1765 1979 1862 capitalem,

389 1906 478 1958 cum
504 1881 620 1958 aliam
645 1881 747 1958 viam
774 1907 852 1958 non
879 1881 1061 1970 inveniat,
1089 1891 1129 1959 et
1156 1882 1347 1960 evanescit
1374 1882 1609 1981 homagium,
1638 1885 1848 1961 secundum
1876 1886 1980 1985 quod

389 2001 551 2079 inferius
566 2003 717 2101 plenius
733 2003 883 2079 dicetur
898 2004 945 2081 de
960 2003 1140 2080 eschaetis.
1160 2005 1263 2081 Item
1279 2004 1463 2080 heredum
1480 2003 1637 2103 quidam
1654 2013 1745 2082 sunt
1764 2006 1834 2080 sub
1853 2016 1980 2105 potes·

387 2134 471 2203 tate
491 2133 698 2225 parentum
718 2134 757 2202 et
778 2125 883 2200 infra
903 2133 1068 2212 aetatem,
1089 2124 1246 2224 quidam
1266 2132 1358 2201 sunt
1379 2125 1437 2201 sui
1459 2124 1551 2201 iuris
1573 2135 1612 2202 et
1633 2125 1757 2224 plenae
1777 2127 1912 2216 atatis,
1934 2137 1980 2205 ut

388 2245 420 2323 si
438 2245 586 2323 fuerint
602 2246 832 2344 emancipati
850 2243 941 2322 sive'
960 2243 1237 2322 forisfamiliati
1254 2245 1294 2320 in
1311 2245 1391 2322 vita
1407 2255 1632 2343 parentum:
1652 2257 1690 2324 et
1709 2256 1799 2345 post
1815 2257 1980 2325 mortem

342 2367 350 2379 '
389 2365 546 2466 quidam
559 2391 694 2442 comm
708 2375 799 2442 sunt
814 2365 938 2465 plenae
952 2365 1075 2442 oetatis
1091 2375 1129 2442 et
1144 2366 1202 2442 sui
1217 2365 1322 2454 iuris,
1337 2376 1376 2443 et
1393 2367 1550 2465 quidam
1566 2366 1670 2443 infra
1685 2376 1838 2445 atatem
1854 2379 1893 2446 et
1909 2369 1981 2446 sub

388 2487 512 2565 tutela
530 2487 608 2564 sive
625 2487 799 2565 custodia
816 2485 1041 2586 capitalium
1060 2486 1314 2575 dominorum,
1334 2497 1374 2564 et
1392 2487 1549 2587 quidam
1569 2488 1641 2564 sub
1660 2513 1752 2566 cura
1772 2499 1980 2588 parentum

387 2607 707 2707 propinquorum,
728 2607 938 2684 secundum
957 2609 1061 2707 quod
1081 2607 1243 2684 inferius
1263 2607 1424 2685 dicetur.

487 2727 553 2809 Dc
571 2731 757 2831 qualitate
775 2731 971 2819 taedas,
988 2733 1056 2831 qai
1072 2731 1294 2830 propinqui,
1311 2732 1378 2831 qai
1395 2732 1703 2832 propinquiores,
1721 2743 1761 2811 et
1779 2733 1827 2810 de
1846 2759 1979 2812 conam

487 2873 636 2928 sesana

387 2973 456 3050 Du
473 2999 518 3050 eo
537 2983 667 3051 autem
684 2973 788 3072 quod
807 2973 982 3072 superius
1002 2972 1142 3049 dicitur
1160 2972 1264 3071 quod
1282 2973 1466 3050 heredum
1484 2974 1641 3072 quidam
1660 2985 1751 3053 sunt
1771 2976 1979 3076 propinqui

388 3106 427 3174 et
451 3095 608 3195 quidam
632 3095 938 3194 propinquiores,
965 3093 1174 3171 sciendum⁸
1200 3097 1303 3193 quod
1328 3095 1469 3194 siquis
1494 3095 1684 3172 habuerit⁰
1711 3097 1842 3195 plures
1868 3097 1979 3186 filios,

388 3242 520 3295 omnes
547 3227 638 3294 sunt
665 3216 822 3294 heredes
851 3216 1072 3316 propinqui,
1101 3225 1307 3316 postnatus
1335 3217 1433 3295 sicut
1461 3227 1679 3306 antenatus,
1709 3228 1899 3317 quantum
1928 3220 1980 3295 ad

387 3343 565 3421 seisinam
580 3349 799 3440 parentum,
816 3349 854 3417 et
869 3365 982 3438 pares
998 3340 1038 3414 in
1053 3340 1135 3416 iure
1149 3339 1414 3438 possessionis:
1432 3340 1525 3416 dum
1540 3350 1671 3417 tamen
1687 3349 1892 3439 postnatus
1909 3366 1981 3440 per

388 3464 664 3564 negligentiam
677 3464 738 3540 vel
752 3463 981 3563 patientiam
994 3463 1167 3540 antenati
1180 3463 1222 3538 in
1236 3463 1374 3539 seisina
1386 3489 1458 3562 per
1470 3473 1625 3540 tantum
1639 3472 1793 3562 tempus
1807 3463 1979 3542 extiterit

388 3587 419 3662 f.
434 3584 528 3678 64b]
585 3583 688 3683 quod
706 3583 786 3660 sine
803 3583 942 3659 iudicio
960 3608 984 3658 a
1001 3582 1138 3660 seisina
1155 3583 1225 3659 eici
1242 3608 1321 3660 non
1338 3583 1494 3683 poterit,
1512 3594 1551 3662 et
1570 3584 1651 3661 sine
1669 3584 1786 3674 brevi,
1805 3585 1897 3684 quia
1914 3611 1978 3661 ex·

388 3715 483 3782 tunc
503 3729 617 3804 pares
639 3713 730 3782 sunt
752 3706 792 3780 in
813 3705 907 3794 iure,
928 3714 968 3780 et
989 3729 1064 3802 par
1084 3729 1219 3802 parem
1240 3728 1319 3780 non
1341 3703 1427 3781 eicit
1449 3705 1491 3780 in
1511 3704 1594 3781 iure
1616 3706 1874 3804 possessionis.
1901 3707 1979 3782 Sed

388 3835 531 3903 extunc
543 3826 818 3903 recurrendum
832 3825 905 3902 erit
919 3825 1041 3902 adius
1056 3825 1306 3924 proprietatis
1321 3826 1531 3902 secundum
1544 3827 1648 3925 quod
1662 3826 1824 3903 inferius
1840 3828 1979 3904 dicitur

388 3951 429 4026 in
445 3949 565 4026 assisa
579 3948 714 4025 mortis
732 3947 991 4024 antecessoris.
1011 3947 1054 4023 Si
1073 3954 1202 4022 autem
1219 3955 1425 4046 postnatus
1443 3957 1532 4045 post
1549 3956 1714 4025 mortem
1732 3949 1978 4025 antecessoris

388 4097 429 4147 se
446 4068 745 4170 priusposuerit
762 4067 802 4143 in
819 4066 995 4144 seisinam
1014 4093 1130 4166 quam
1148 4075 1366 4156 antenatus,
1386 4067 1416 4144 si
1436 4066 1567 4145 statim
1586 4068 1756 4157 eiciatur,
1776 4093 1856 4145 non
1873 4093 1978 4144 recu-

388 4189 540 4289 perabit
556 4215 628 4288 per
645 4188 803 4266 assisam
819 4213 927 4265 novae
943 4189 1158 4276 disseisinae,
1176 4187 1267 4286 quia
1282 4187 1446 4263 liberum
1461 4196 1726 4264 tenementum
1743 4188 1883 4266 habere
1901 4214 1980 4266 non

389 4313 545 4412 potuit¹⁰
563 4311 635 4388 nisi
652 4337 701 4388 ex
718 4312 836 4408 longo
853 4319 1029 4406 tempore
1046 4317 1085 4385 et
1104 4308 1264 4406 pacifica
1282 4307 1546 4407 possessione²²
1567 4307 1673 4384 sive²²
1693 4309 1841 4397 seisina,
1860 4334 1978 4408 prop·

388 4443 449 4510 ter
463 4435 523 4510 ius
540 4431 789 4532 proprietatis
806 4431 910 4528 quod
926 4438 984 4506 est
1000 4454 1088 4504 cum
1104 4437 1299 4506 antenato.
1320 4429 1363 4505 Si
1379 4429 1658 4506 autemstatim
1675 4429 1743 4507 eici
1762 4454 1840 4505 non
1857 4430 1980 4529 possit

389 4554 439 4630 ad
460 4550 816 4650 internrmpendam
835 4550 1112 4648 possessionem
1132 4575 1252 4636 suam,
1274 4550 1306 4624 si
1326 4558 1532 4626 antenatus
1553 4551 1684 4626 statim
1706 4551 1775 4626 sibi
1797 4551 1979 4650 impetra·

387 4673 487 4751 verit
500 4698 571 4771 per
584 4671 741 4748 assisam
753 4669 889 4747 mortis
902 4668 1176 4746 antecessoris²⁸
1191 4679 1230 4747 et
1244 4669 1448 4768 diligenter
1462 4680 1688 4768 prosecutus
1703 4671 1834 4760 fuerit,
1847 4680 1980 4749 tamen

389 4819 468 4870 non
484 4790 696 4892 procedat²⁴
714 4789 833 4867 assisa
850 4789 951 4866 inter
969 4816 1032 4866 eos
1050 4789 1148 4867 sicut
1165 4789 1267 4867 inter
1284 4790 1377 4867 alias
1396 4815 1655 4890 quascumque
1673 4817 1869 4891 personas,
1889 4793 1980 4892 quia

390 5015 456 5093 ‘ea
467 5017 507 5091 V,
518 5017 586 5078 OB.
621 5014 853 5095 ‘propinquum
864 5014 897 5075 id
909 5020 967 5088 est,
979 5012 1019 5088 V,
1032 5014 1109 5089 ΜΒ,
1121 5013 1189 5076 ΟΒ.
1224 5010 1308 5087 ivel,
1321 5014 1360 5090 V,
1373 5014 1442 5090 ΟΒ,
1456 5015 1532 5090 MA,
1545 5014 1622 5089 ΜΒ,
1635 5016 1676 5090 Υ,
1689 5017 1762 5077 CM.
1799 5014 1980 5078 ’sciendum

390 5124 448 5193 eat,
460 5118 501 5192 V,
515 5117 582 5191 GE,
595 5117 636 5191 Y,
649 5116 726 5178 ΜΘ.
763 5113 924 5191 ”haberet
939 5114 1017 5188 ΜΘ,
1030 5115 1071 5191 Υ,
1086 5115 1159 5176 cM.
1196 5112 1223 5148 ²⁰
1234 5119 1361 5192 poterit,
1376 5114 1445 5191 OA,
1462 5116 1528 5191 LA,
1542 5117 1610 5191 ΟΕ,
1627 5117 1700 5178 MC.
1737 5117 1803 5152 ²²²²²
1815 5118 1980 5195 0m.,0A,

390 5217 457 5291 LA,
472 5217 539 5278 OC.
577 5215 674 5290 ²²vel,
691 5216 760 5291 ΟΒ,
776 5216 853 5290 MA,
870 5216 945 5276 ΜΒ.
984 5213 1104 5290 1“Om,
1121 5215 1189 5290 0A,
1206 5217 1273 5291 OC,
1295 5215 1350 5294 Η-
1364 5218 1404 5293 Y,
1422 5218 1510 5297 OB).
1550 5217 1577 5252 ¹⁴
1588 5219 1740 5298 procedit,
1758 5220 1798 5295 V,
1816 5220 1885 5296 OB,
1903 5223 1979 5300 MA,

356 5313 357 5318 ’
390 5317 471 5389 ΜΒ;
486 5316 644 5395 procedet,
659 5317 735 5378 MG.
