4432 6340
654 513 715 573 uu
739 512 1041 586 Anourasrvuo
1065 498 1222 575 annun
1245 514 1448 575 uounuo
1777 521 1848 595 175

257 664 403 740 tionem
422 663 670 740 antecessoris
689 673 852 763 propter
870 665 1035 764 aliquem
1054 666 1261 754 defectum,
1280 674 1325 741 ut
1345 665 1377 742 si
1396 666 1437 740 in
1455 664 1537 740 vita
1556 665 1751 743 donatoris
1771 692 1849 742 non

259 785 380 862 fuerit
402 784 559 862 traditio
581 783 795 873 subsecuta,
818 787 921 861 unde
944 786 984 860 in
1005 787 1086 862 vita
1109 786 1305 863 donatoris
1330 811 1408 863 non
1431 786 1572 863 valebit
1597 787 1848 864 confirmatio.

260 907 364 983 Item
383 907 414 982 si
433 931 521 982 cum
539 907 598 982 ius
618 906 652 982 ei
671 906 909 983 descenderit
926 915 1055 983 totum
1074 907 1133 983 ius
1153 934 1265 984 suum
1286 907 1337 982 ad
1358 908 1475 984 alium
1495 907 1749 997 transtulerit,
1771 906 1850 984 sive

258 1053 318 1104 res
335 1026 545 1125 corporalis
561 1027 681 1103 fuerit
699 1027 777 1103 sive
794 1027 1055 1126 incorporalis,
1075 1028 1171 1104 sicut
1188 1029 1259 1104 ius.
1279 1030 1382 1104 Item
1400 1053 1470 1104 nec
1487 1028 1590 1105 valet
1608 1029 1850 1106 confirmatio

259 1149 367 1224 facta
387 1149 422 1224 ei
445 1149 511 1247 qui
534 1148 654 1225 fuerit
676 1157 789 1224 extra
811 1148 987 1225 seisinam
1010 1148 1066 1225 rei
1089 1150 1137 1226 de
1161 1175 1239 1248 qua
1260 1151 1306 1226 fit
1329 1150 1581 1239 confirmatio,
1607 1150 1705 1227 sicut
1729 1150 1850 1226 videri

257 1269 402 1368 poterit
419 1294 489 1368 per
505 1270 737 1367 exemplum.
756 1268 928 1358 Quidam
946 1269 1051 1346 dedit
1070 1271 1265 1368 quandam
1283 1271 1572 1347 advocationem
1590 1271 1753 1348 ecclesiae
1771 1272 1848 1347 cui-

259 1389 349 1464 dam
372 1388 512 1477 abbati,
534 1415 622 1466 cum
643 1399 863 1466 tenemento
884 1391 945 1466 vel
967 1390 1047 1467 sine
1069 1416 1148 1466 non
1170 1391 1303 1480 refert,
1327 1401 1366 1468 et
1388 1392 1481 1468 fecit
1503 1393 1538 1467 ei
1560 1402 1709 1469 cartam
1732 1419 1849 1492 super

258 1510 465 1587 donatione
490 1509 572 1584 illa:
598 1509 692 1586 obiit
719 1511 883 1587 donator
909 1520 1116 1610 antequam
1142 1512 1298 1589 ecclesia
1324 1522 1490 1601 vacaret,
1516 1513 1624 1591 heres
1652 1515 1848 1592 donatoris

257 1632 504 1730 presentavit
523 1631 573 1706 ad
590 1632 785 1708 ecclesiam
802 1632 908 1708 illam
926 1632 1254 1732 qualitercumque
1273 1635 1320 1709 de
1339 1635 1457 1722 facto,
1476 1643 1514 1710 et
1532 1635 1691 1712 clericus
1710 1635 1848 1712 admis-

258 1775 322 1827 sus
340 1749 417 1826 fuit
435 1750 486 1825 ad
503 1775 613 1826 suam
630 1749 976 1849 presentationem,
995 1761 1033 1828 et
1051 1752 1107 1828 ita
1125 1753 1228 1850 quod
1246 1761 1355 1828 carta
1372 1752 1521 1830 abbatis
1538 1778 1661 1830 vacua
1680 1753 1758 1830 fuit
1777 1779 1848 1853 per

256 1894 335 1945 non
351 1894 481 1944 usum:
498 1869 663 1945 moritur
677 1868 786 1945 heres
803 1869 912 1945 sicin
928 1869 1165 1969 possessione
1182 1879 1221 1947 et
1237 1871 1427 1947 transfert
1444 1871 1721 1970 possessionem
1738 1897 1848 1948 suam

258 1989 308 2063 ad
333 1986 512 2063 heredem
538 2013 663 2077 suum,
690 1988 761 2064 iste
787 1988 895 2064 heres
922 2013 971 2063 ex
997 2013 1237 2087 quacumque
1263 2013 1379 2065 causa
1405 1990 1595 2066 transfert
1624 1991 1674 2066 ad
1701 1990 1846 2067 alium⁸⁸

256 2104 497 2181 manerium⁸⁴
514 2107 565 2182 ad
580 2107 683 2204 quod
700 2105 868 2205 pertinet
885 2106 1084 2183 advocatio
1102 2132 1190 2183 cum
1206 2107 1381 2184 omnibus
1399 2109 1640 2207 pertinentiis
1659 2109 1747 2198 suis,
1767 2111 1848 2187 sine

257 2224 387 2322 aliqua
401 2225 626 2313 retentione,
641 2226 851 2302 tenendum
865 2225 906 2301 in
921 2225 1047 2302 feodo.
1064 2225 1200 2301 Abbas
1216 2251 1303 2302 cum
1318 2235 1427 2302 carta
1441 2253 1512 2303 sua
1527 2251 1649 2303 vacua
1663 2227 1848 2327 impetrat

257 2342 306 2417 ab
323 2342 461 2420 herede
479 2343 545 2440 qui
563 2343 774 2432 transtulit,
794 2353 833 2419 et
852 2343 917 2441 qui
934 2341 1021 2419 est⁸⁶
1040 2353 1152 2421 extra
1171 2344 1448 2442 possessionem
1467 2346 1738 2435 advocationis,
1758 2372 1846 2423 con·

256 2462 514 2539 firmationem
534 2461 750 2538 donationis
772 2461 885 2538 factae
906 2461 954 2538 ab
974 2472 1212 2539 antecessore
1232 2488 1301 2540 suo
1323 2463 1449 2562 primo
1468 2462 1666 2553 donatore,
1687 2470 1733 2541 ut
1754 2466 1846 2542 vali·

256 2581 346 2656 dam
363 2579 482 2657 faciat
500 2581 665 2680 primam
682 2581 928 2657 donationem
946 2606 1018 2680 per
1034 2580 1365 2658 confirmationem
1382 2608 1466 2681 quae
1486 2583 1626 2660 effecta
1644 2583 1721 2660 fuit
1740 2583 1845 2661 inva-

256 2698 285 2774 f.
301 2700 370 2792 59]
424 2698 504 2775 lida
517 2705 557 2776 et
570 2723 692 2774 vacua
705 2724 775 2798 per
789 2724 868 2774 non
881 2724 1011 2775 usum:
1028 2699 1231 2775 confirmat
1245 2700 1291 2788 ei,
1306 2709 1345 2776 et
1361 2726 1479 2800 super
1493 2701 1563 2777 hoc
1579 2701 1730 2779 faciunt
1744 2702 1846 2779 inter

256 2843 296 2893 se
311 2818 429 2894 finem
444 2828 483 2895 et
499 2817 763 2915 cirograffum.
781 2818 926 2895 Postea
941 2827 1052 2895 vacat
1070 2818 1235 2895 ecclesia.
1254 2820 1471 2896 Praesentat
1490 2819 1618 2908 abbas,
1637 2828 1846 2920 praesentat

255 2936 479 3012 donatarius
499 2936 698 3013 secundus.
718 2935 827 3013 Dicit
847 2935 964 3012 abbas
983 2937 1087 3035 quod
1106 2937 1157 3012 ad
1175 2937 1304 3035 ipsum
1324 2938 1492 3036 pertinet
1513 2937 1784 3037 praesentatio,¹
1806 2949 1845 3016 et

255 3056 390 3132 adhoc
405 3054 649 3154 probandum
664 3054 817 3153 profert
832 3061 980 3131 cartam
994 3055 1083 3132 talis
1100 3056 1348 3132 antecessoris
1364 3057 1412 3132 de
1427 3057 1634 3133 donatione
1650 3066 1690 3134 et
1706 3059 1843 3134 confir-

254 3175 422 3251 matione
433 3173 595 3262 heredis,
609 3181 649 3249 et
662 3173 778 3249 finem
792 3173 952 3249 factum.
966 3172 1207 3250 Donatarius
1221 3199 1312 3249 vero
1326 3175 1418 3251 dicit
1432 3176 1537 3274 quod
1551 3176 1602 3251 ad
1615 3176 1742 3274 ipsum
1758 3203 1844 3275 per·

253 3293 352 3369 tinet
374 3290 632 3391 presentatio,
656 3289 747 3389 quia
769 3290 883 3368 habet
906 3300 1034 3368 totum
1057 3292 1270 3368 manerium
1294 3292 1390 3370 illud
1413 3319 1501 3370 cum
1525 3295 1700 3372 omnibus
1726 3297 1844 3394 perti·

254 3411 393 3488 nentiis
417 3411 494 3488 suis
517 3410 598 3486 sine
620 3409 747 3508 aliquo
770 3417 1031 3486 retenemento
1055 3412 1102 3487 de
1126 3412 1333 3487 donatione
1357 3411 1529 3510 predicti
1553 3412 1712 3502 heredis,
1736 3413 1844 3490 cuius

254 3538 470 3606 antecessor
487 3528 733 3629 praesentavit
752 3538 841 3628 post
858 3528 1137 3605 confectionem
1156 3529 1256 3606 illius
1274 3539 1389 3606 cartae
1407 3556 1524 3628 quam
1543 3531 1660 3608 abbas
1679 3532 1843 3632 profert,

254 3657 294 3726 et
308 3649 364 3725 ita
378 3649 481 3748 quod
495 3657 604 3724 carta
617 3647 684 3723 illa
697 3672 819 3724 vacua
835 3655 903 3723 est.
919 3648 988 3723 Ad
1005 3648 1108 3746 quod
1123 3648 1321 3747 respondit
1339 3648 1455 3726 abbas
1473 3650 1576 3748 quod
1592 3659 1700 3727 carta
1716 3650 1845 3728 valida

253 3776 314 3844 est
333 3776 372 3844 et
392 3767 504 3856 bona,
524 3776 563 3843 et
583 3767 615 3843 si
635 3767 684 3842 ab
703 3766 812 3842 initio
832 3791 953 3843 vacua
974 3775 1072 3842 esset
1095 3791 1165 3864 per
1185 3793 1264 3842 non
1284 3792 1408 3856 usum,
1429 3767 1574 3844 tamen²
1594 3769 1703 3845 heres
1726 3771 1844 3845 dona·

253 3885 350 3961 toris
364 3885 473 3961 facit⁸
488 3911 572 3962 eam
588 3885 755 3961 validam
771 3910 841 3983 per
856 3883 1185 3960 confirmationem
1201 3894 1433 3982 sequentem,
1452 3885 1556 3985 quia⁴
1571 3912 1702 3964 omnes
1719 3888 1845 3964 defec-

254 4014 318 4082 tus
337 4005 518 4104 supplere
537 4012 665 4103 potest
686 4003 765 4079 sine
785 4002 943 4079 alicuius
962 4001 1192 4102 praeiudicio,
1213 4011 1252 4080 et
1272 4029 1356 4102 quae
1376 4005 1617 4082 confirmatio
1638 4031 1708 4104 per
1727 4006 1844 4083 finem

255 4135 294 4200 et
315 4123 569 4221 cirografi'um
590 4122 695 4221 quod
717 4120 884 4198 ostendit
908 4121 1123 4198 roboratur.
1147 4121 1216 4199 Ad
1238 4121 1356 4220 quod⁵
1380 4123 1604 4199 donatarius
1628 4125 1733 4222 quod
1755 4150 1843 4201 con-

254 4241 422 4318 firmatio
439 4265 508 4318 nec
524 4241 611 4317 finis
629 4241 694 4340 qui
710 4241 883 4339 sequitur
899 4265 947 4316 ex
963 4266 1011 4316 ea
1026 4240 1153 4317 valere
1171 4239 1333 4328 debeat:
1352 4240 1442 4339 quia
1459 4242 1614 4340 quando
1630 4243 1737 4320 heres
1755 4268 1843 4319 con·

254 4359 435 4449 firmavit,
458 4369 497 4436 et
520 4368 610 4437 ante
633 4361 792 4436 dederat
812 4359 895 4458 ipse
917 4359 1131 4435 manerium
1154 4359 1205 4434 ad
1228 4360 1332 4458 quod
1355 4360 1523 4458 pertinet
1547 4361 1746 4438 advocatio
1769 4363 1843 4461 ipsi

255 4477 456 4555 donatario
474 4504 561 4555 cum
579 4476 754 4554 omnibus
773 4475 1013 4577 pertinentiis
1032 4477 1112 4553 sine
1131 4477 1259 4576 aliquo
1278 4487 1551 4568 retenemento,
1570 4489 1610 4557 et
1628 4480 1719 4578 quia
1737 4482 1844 4558 facta

254 4597 332 4674 fuit
354 4597 594 4674 confirmatio
617 4606 706 4695 post
730 4595 975 4672 donationem
999 4605 1037 4672 et
1060 4597 1352 4672 translationem
1376 4597 1468 4674 iuris
1494 4599 1552 4674 sui
1576 4599 1627 4674 ad
1650 4599 1779 4688 alium,
1805 4609 1844 4677 et

254 4717 307 4792 sic
324 4717 417 4792 dum
433 4716 511 4792 fuit
526 4725 639 4792 extra
654 4715 842 4802 seisinam,
859 4714 987 4790 valere
1004 4739 1082 4790 non
1100 4714 1237 4790 debeat
1253 4739 1322 4790 nec
1340 4714 1427 4791 finis
1446 4715 1512 4814 qui
1529 4717 1702 4816 sequitur
1719 4743 1767 4795 ex
1786 4744 1843 4807 ea,

254 4843 293 4911 et
313 4832 451 4911 exinde
472 4835 575 4932 quod
596 4858 665 4910 nec
685 4842 793 4910 carta
813 4858 900 4909 cum
921 4832 970 4909 sit
992 4856 1125 4922 vacua,
1146 4857 1217 4908 nec
1237 4833 1478 4910 confirmatio
1499 4835 1579 4912 sine
1602 4835 1750 4926 seisina,
1773 4861 1843 4913 nec

252 5033 320 5069 ⁸⁸⁴⁴
332 5033 418 5096 aliud
430 5038 608 5111 manerium,
623 5035 702 5108 Μῦς
717 5034 811 5094 alium
824 5035 993 5093 manerium
1006 5029 1096 5108 illud,
1109 5031 1178 5106 OB,
1194 5033 1269 5107 MA,
1285 5032 1361 5107 ΜΒ,
1377 5034 1451 5109 CM,
1467 5034 1512 5107 Y;
1529 5035 1624 5096 alium
1638 5034 1725 5097 illum
1741 5057 1843 5098 mane-

254 5139 344 5211 rium,
357 5135 422 5198 ou.
458 5133 657 5210 rosus,
670 5135 746 5196 uo.
1936 5121 1938 5128 ’

336 5234 524 5297 ¹advoeetio
539 5243 571 5296 et
586 5239 794 5315 presentatio,
810 5235 850 5309 V,
866 5234 940 5309 CM,
956 5234 995 5296 Y.
1034 5233 1136 5308 ²eum,
1152 5234 1222 5310 OB,
1239 5235 1306 5310 ΟΕ,
1323 5237 1398 5298 MB.
1438 5235 1570 5315 'faciat
1588 5239 1657 5316 OB,
1676 5242 1751 5318 ΜΒ,
1769 5242 1841 5315 ΟΕς

207 5375 208 5380 1
255 5336 327 5413 fao,
345 5337 439 5400 MSS.
457 5357 523 5399 var.
563 5335 650 5416 ‘qui,
668 5337 735 5410 LA,
753 5337 820 5412 OC,
840 5334 917 5409 MG,
936 5336 1010 5396 MC.
1050 5334 1156 5414 ‘quod
1174 5335 1260 5413 dicit,
1279 5337 1318 5411 V,
1338 5339 1394 5399 OC
1418 5338 1473 5417 (4-
1485 5338 1598 5418 dicit);
1618 5342 1659 5403 ad
1678 5343 1745 5420 hoc,
1766 5345 1843 5420 MA,

254 5437 330 5513 ΜΒ,
347 5438 420 5500 CM.
458 5435 625 5514 ‘debeant
641 5438 680 5512 V,
697 5437 765 5511 OA,
781 5437 849 5512 OC,
864 5435 931 5510 LA,
948 5437 1025 5513 MG,
1042 5437 1115 5498 MC.
