4432 6336
391 518 463 586 166
921 510 1143 572 BRACTON:
1166 511 1227 572 DE
1250 511 1443 574 LEGIBUS

389 661 572 738 visionem
593 670 632 738 et
653 671 861 760 antequam
883 662 924 738 in
946 662 1083 739 saisina
1105 662 1225 740 fuerit
1247 663 1516 762 praesentandi,
1540 663 1763 741 donatarius
1787 689 1869 739 rem
1891 689 1980 740 cum

392 779 652 867 advocatione,
681 778 742 854 vel
771 780 1060 858 advocationem
1088 806 1160 880 per
1188 807 1239 870 se,
1269 779 1413 858 etiam¹⁸
1444 791 1533 881 post
1563 781 1899 880 praesentationem
1929 783 1978 859 ad

388 897 506 973 alium
524 897 779 987 transtulerit,
800 899 865 998 qui
885 899 1057 976 similiter
1076 901 1365 999 praesentaverit
1385 908 1475 976 ante
1496 900 1764 1000 provisionem,
1785 910 1824 977 et
1844 911 1979 1000 postea

389 1017 590 1093 donatario
608 1018 805 1116 provisum
823 1019 953 1106 fuerit,
971 1027 1010 1095 et
1029 1019 1169 1096 iterum
1186 1019 1382 1097 ecclesiam
1399 1043 1536 1096 vacare
1555 1019 1771 1117 contigerit,
1790 1030 1829 1096 et
1847 1045 1979 1097 omnes

387 1135 716 1233 praesentaverint,
735 1137 876 1214 scilicet
894 1138 1059 1213 donator
1078 1137 1226 1237 primus
1245 1146 1284 1215 et
1303 1137 1528 1214 donatarius
1546 1137 1694 1236 primus
1715 1147 1753 1214 et
1773 1138 1978 1215 secundus:

388 1255 580 1333 donator¹'
597 1256 744 1355 primus
760 1255 833 1333 erit
849 1255 1025 1332 omnibus
1041 1255 1124 1332 aliis
1141 1256 1416 1356 praeferendus,
1433 1256 1524 1355 quia
1541 1257 1573 1333 si
1590 1257 1737 1355 primus
1756 1257 1979 1333 donatarius

388 1384 428 1454 et
443 1374 631 1452 secundus
648 1374 774 1474 prima
791 1375 890 1451 facie
906 1373 1094 1451 actionem
1111 1374 1277 1453 habeant
1293 1374 1342 1450 de
1360 1375 1665 1474 praesentatione,
1684 1376 1850 1451 donator
1866 1375 1978 1452 habe·

389 1493 418 1568 f.
436 1493 530 1586 55b]
586 1492 642 1571 bit
663 1493 927 1592 exceptionem
947 1493 994 1570 de
1015 1491 1243 1593 provisione,
1263 1502 1303 1570 et
1322 1518 1401 1569 non
1421 1493 1565 1592 poterit
1586 1494 1734 1593 primus
1755 1494 1979 1571 donatarius

388 1616 482 1693 dare
502 1615 552 1691 ad
571 1614 850 1691 remanentiam
869 1615 930 1690 vel
950 1639 1037 1690 cum
1058 1614 1212 1702 effectu,
1235 1615 1300 1713 qui
1321 1615 1622 1713 perpetuitatem
1643 1639 1721 1690 non
1742 1614 1897 1702 habet,¹⁸
1919 1613 1980 1691 vel

390 1736 481 1835 quia
506 1735 587 1812 eius
613 1743 737 1811 status
764 1734 957 1833 dependet
983 1760 1032 1810 ex
1059 1734 1204 1812 insidiis
1232 1735 1411 1812 fortuna.
1438 1735 1504 1811 De
1530 1733 1602 1811 hac
1628 1737 1791 1812 materia
1818 1736 1979 1814 inveniri

387 1856 533 1956 poterit
554 1855 601 1932 de
620 1855 785 1932 termino
807 1854 966 1932 Pascha
987 1878 1088 1932 anno
1110 1855 1211 1953 regis
1233 1855 1399 1932 Henrioi
1421 1855 1625 1955 septimo,²⁰
1648 1857 1833 1934 comitatu
1854 1857 1979 1935 Bede-

390 1975 536 2063 fordiae,
564 1974 612 2053 de
639 1975 820 2051 Falkesio
847 1974 894 2050 de
919 1974 1091 2051 Breaute
1117 1984 1157 2051 et
1183 1975 1311 2072 priore
1338 1975 1386 2053 de
1413 1974 1662 2062 Newenham,
1691 1975 1809 2052 assisa
1835 1976 1980 2053 ultimae

387 2093 694 2193 presentationis
712 2093 933 2169 deecclesia
951 2094 998 2170 de
1016 2093 1205 2192 Haspele.

488 2348 554 2423 De
569 2345 809 2424 libertatibus
825 2355 864 2423 et
878 2347 964 2445 qais
979 2346 1183 2423 concedere
1198 2345 1321 2445 possit
1337 2345 1533 2424 libertates
1549 2355 1589 2425 et
1603 2369 1690 2446 qaae
1705 2347 1782 2424 siat
1799 2348 1911 2446 repis.

388 2465 570 2542 Drcrurr
594 2474 653 2542 est
678 2491 798 2565 supra
821 2464 987 2564 qualiter
1011 2465 1097 2541 iura
1121 2474 1160 2542 et
1184 2490 1245 2541 res
1272 2464 1529 2563 incorporales
1554 2465 1886 2554 transferuntur,²⁰
1912 2465 1978 2543 et²²

389 2584 497 2683 quasi
513 2583 763 2673 traduntur,²’
778 2593 817 2661 et
834 2583 999 2684 qualiter
1015 2583 1262 2683 possidentur
1277 2583 1338 2659 vel
1355 2584 1474 2682 quasi,
1492 2594 1531 2662 et
1549 2583 1713 2683 qualiter
1730 2582 1828 2682 per*⁸
1845 2610 1979 2661 verum

388 2728 502 2779 usum
519 2703 746 2781 retinentur.
768 2703 886 2779 Nunc
905 2711 1035 2779 sutem
1056 2703 1260 2779 dicendum
1279 2700 1381 2779 erit²⁴
1400 2701 1449 2779 de
1469 2702 1721 2791 libertatibus,
1743 2702 1827 2801 quis
1848 2728 1978 2780 conce·

388 2821 479 2897 dere
497 2821 618 2921 possit
636 2821 844 2911 libertates,
861 2831 901 2899 et
920 2820 1069 2920 quibus,
1087 2831 1126 2899 et
1144 2820 1310 2920 qualiter
1327 2821 1630 2910 transferuntur,
1650 2831 1688 2898 et
1708 2822 1874 2920 qualiter
1890 2848 1978 2921 pos·

388 2942 563 3020 sidentur
585 2941 646 3019 vel
670 2941 791 3040 quasi,
815 2951 854 3019 et
879 2941 1044 3039 qualiter
1068 2965 1138 3038 per
1163 2966 1275 3016 usum
1301 2938 1527 3018 retinentur.
1555 2939 1675 3029 Quis?
1699 2940 1758 3017 Et
1783 2941 1979 3017 sciendum

388 3061 492 3161 quod
510 3061 592 3160 ipse
609 3059 786 3136 dominus
805 3084 886 3149 rex,
904 3060 970 3158 qui
988 3057 1222 3135 ordinariam
1240 3057 1355 3135 habet
1373 3056 1672 3135 iurisdictionem
1690 3065 1731 3134 et
1749 3058 1979 3156 dignitatem

387 3187 427 3254 et
445 3186 678 3278 potestatem
696 3203 813 3276 super
831 3176 953 3254 omnis
973 3176 1097 3276 quiin
1116 3200 1237 3274 regno
1256 3201 1325 3252 suo
1346 3185 1447 3253 sunt.
1467 3176 1605 3253 Habet
1625 3176 1727 3253 enim
1747 3175 1875 3252 omnia
1893 3177 1978 3253 iura

387 3297 428 3373 in
443 3322 562 3373 mauu
579 3323 649 3373 sua
666 3322 750 3396 quae
767 3297 818 3372 ad
834 3321 1014 3372 coronam
1032 3304 1071 3373 et
1087 3295 1260 3371 laicalem
1278 3295 1475 3395 pertinent
1492 3304 1725 3393 potestatem
1742 3303 1782 3371 et
1801 3295 1977 3373 materia·

386 3416 464 3492 lem
483 3415 657 3513 gladium
678 3414 743 3513 qui
764 3415 933 3514 pertinet
955 3414 1004 3490 ad
1025 3414 1136 3512 regni
1157 3414 1472 3512 gubernaculum.
1495 3412 1633 3491 Habet
1655 3413 1772 3491 etiam
1792 3413 1978 3490 iustitiam

388 3542 428 3609 et
445 3532 627 3609 iudicium
645 3558 729 3631 quae
747 3542 837 3610 sunt
854 3531 1135 3621 iurisdictionis,
1155 3542 1199 3610 ut
1218 3557 1267 3608 ex
1285 3531 1545 3609 iurisdictione
1564 3558 1633 3608 sua
1652 3531 1750 3610 sicut
1769 3533 1830 3608 dei
1849 3531 1977 3608 minis·

387 3661 449 3729 ter
470 3659 509 3728 et
529 3651 693 3728 vicarius
715 3650 862 3729 tribuat
883 3650 1088 3749 unicuique
1109 3651 1213 3750 quod
1236 3677 1348 3728 suum
1371 3650 1501 3727 fuerit.
1527 3649 1664 3726 Habet
1686 3651 1803 3728 etiam
1825 3675 1872 3726 ea
1895 3674 1978 3750 quoe

388 3779 479 3846 sunt
499 3769 617 3870 pacis,
637 3779 682 3846 ut
703 3770 871 3869 populus
893 3769 963 3845 sibi
981 3768 1176 3847 creditus²⁵
1196 3769 1237 3844 in
1257 3779 1352 3869 pace
1373 3769 1482 3846 sileat
1502 3777 1542 3846 et
1563 3769 1743 3868 quiescat,
1765 3778 1803 3845 et
1824 3792 1873 3843 ne
1894 3768 1978 3868 quis

386 3889 505 3965 alium
519 3889 706 3977 verberet,
720 3887 896 3965 vulneret
911 3889 971 3964 vel
987 3888 1087 3965 male
1102 3886 1353 3974 contrectet,²⁶
1370 3913 1418 3964 ne
1435 3888 1519 3986 quis
1535 3913 1616 3963 rem
1632 3887 1795 3964 alienam
1812 3887 1977 3986 pervim

387 4014 427 4083 et
444 4007 633 4084 roberiam
652 4008 806 4084 auferat
824 4006 911 4083 vel²⁷
931 4015 1116 4107 asportet,
1135 4033 1184 4083 ue
1202 4007 1286 4105 quis
1304 4005 1496 4082 hominem
1514 4005 1719 4084 mahemiet
1738 4006 1799 4082 vel
1817 4005 1976 4082 occidat.

387 4126 527 4202 Habet
545 4127 661 4203 etiam
680 4126 911 4203 coertionem
930 4135 975 4203 ut
996 4125 1259 4223 delinquentes
1279 4126 1418 4224 puniat
1437 4134 1476 4202 et
1496 4133 1654 4201 coercet.
1679 4126 1782 4200 Item
1801 4124 1916 4201 habet
1937 4124 1979 4200 in

386 4254 581 4344 potestate
599 4271 669 4322 sua
687 4255 731 4322 ut
749 4244 853 4342 leges
872 4254 911 4321 et
931 4243 1221 4320 constitutiones
1241 4252 1280 4320 et
1299 4243 1436 4320 assises
1455 4241 1496 4318 in
1515 4268 1636 4341 regno
1656 4269 1725 4319 suo
1744 4244 1918 4343 provisas
1937 4253 1977 4321 et

386 4362 623 4463 approbatas
643 4372 682 4439 et
700 4364 858 4452 iuratos,
877 4363 959 4462 ipse
978 4362 1019 4438 in
1037 4361 1197 4461 propria
1216 4387 1382 4461 persona
1401 4358 1497 4438 sua²⁸
1518 4361 1693 4439 observet
1713 4371 1752 4438 et
1771 4386 1795 4437 a
1816 4361 1977 4439 subditis

388 4482 465 4558 suis
489 4481 633 4558 faciet²⁰
656 4481 861 4558 observari.
886 4480 995 4556 Nihil
1019 4481 1120 4557 enim
1143 4480 1302 4580 prodest
1325 4480 1410 4556 iura
1434 4481 1608 4568 condere,
1632 4480 1705 4556 nisi
1729 4480 1779 4556 sit
1803 4481 1868 4578 qui
1893 4479 1978 4557 iura

387 4608 554 4677 tueatur.
575 4599 713 4677 Habet
732 4599 852 4697 igitur
871 4625 940 4676 rex
959 4599 1176 4675 huiusmodi
1195 4599 1281 4674 iura
1301 4599 1378 4675 sive
1397 4597 1675 4675 iurisdictiones
1696 4598 1736 4674 in
1755 4624 1875 4674 manu
1895 4624 1976 4675 sua.

387 4717 525 4795 Habet
544 4717 661 4795 etiam
679 4743 759 4817 pra
777 4717 911 4796 ceteris
930 4716 1106 4794 omuibus
1125 4717 1165 4792 in
1184 4741 1393 4815 regnasua
1412 4717 1614 4816 privilegia
1633 4717 1682 4793 de
1702 4717 1783 4794 iure
1802 4717 1978 4815 gentium

386 4935 413 4971 ²⁰
424 4941 516 4998 etism
531 4941 568 5012 si,
582 4937 648 5011 LA,
660 4937 701 5011 Y,
714 4937 786 4997 MC.
822 4934 848 4969 ¹¹
860 4936 1051 5010 donatarius,
1062 4937 1158 4997 MSS.
1173 4956 1237 4996 rar.
1273 4934 1300 4968 ¹⁸
1311 4934 1429 5009 habuit,
1442 4933 1512 5008 OB,
1528 4935 1604 5010 MA,
1619 4935 1694 5008 MB,
1710 4934 1783 4994 CM.
1820 4931 1976 5008 ²⁸octavo,

386 5036 460 5109 OB3
477 5046 573 5112 sexto,
590 5039 662 5098 CM.
701 5035 767 5070 ²²²²²
778 5037 1013 5098 transferuutur
1028 5045 1059 5098 et
1075 5037 1208 5115 qualiter
1224 5035 1423 5116 possidentur
1439 5045 1471 5098 et
1487 5041 1574 5114 quasi
1591 5035 1758 5097 traduntur
1774 5037 1824 5097 vel
1839 5041 1928 5112 quasi
1945 5043 1977 5096 et

387 5137 520 5215 qualiter
539 5158 606 5216 per,
625 5138 702 5213 MG,
722 5139 762 5211 Y,
781 5140 837 5200 OC
861 5136 1076 5216 (possidentur
1095 5147 1126 5199 et
1146 5137 1279 5216 qualiter
1298 5137 1465 5198 traduntur
1485 5146 1517 5199 et
1536 5138 1669 5216 qualiter
1688 5137 1775 5217 per).
1818 5136 1884 5171 ²²²²²
1896 5139 1977 5212 Om.,

388 5237 461 5296 CM.
499 5236 525 5270 ²⁴
537 5238 617 5314 Om.‚
632 5240 702 5314 OB,
718 5240 798 5312 CM;
814 5247 872 5314 est,
889 5241 965 5314 MA,
983 5240 1057 5300 ΜΒ.
1095 5237 1122 5272 ¹⁸
1132 5239 1278 5315 traditus,
1294 5240 1334 5311 V,
1351 5240 1427 5314 MB,
1444 5240 1521 5301 MG.
1560 5238 1587 5272 ²⁸
1598 5246 1780 5316 contractet,
1800 5240 1893 5303 MSS.
1910 5260 1976 5300 var.

388 5334 414 5369 ²¹
426 5342 468 5412 et,
485 5337 554 5411 OB,
574 5339 649 5414 MA,
669 5339 745 5412 MB,
763 5341 838 5414 CM,
857 5339 923 5399 CE.
964 5339 990 5374 ²⁸
1002 5341 1082 5416 Om,
1100 5341 1169 5416 OB,
1189 5342 1265 5416 MA,
1285 5343 1361 5417 MB,
1381 5342 1446 5402 CB.
1488 5339 1515 5376 ²⁹
1528 5342 1636 5416 iaciat,
1655 5342 1695 5418 V,
1714 5343 1784 5416 OB,
1804 5343 1880 5418 MA,
1900 5343 1977 5416 MB,

388 5437 455 5511 CB,
474 5438 546 5498 CM.
