4432 6336
387 457 460 525 110
918 446 1141 509 BRACTON:
1164 447 1224 507 DE
1248 447 1441 510 LEGIBUS

385 596 521 686 num,²⁸
543 597 709 675 melius²⁰
734 607 774 675 et
798 598 920 676 tutius
947 608 1005 675 est
1030 598 1134 698 quod
1159 623 1289 677 coram
1314 599 1399 698 ipso
1425 624 1516 696 rege
1543 597 1756 698 procedat⁸⁰
1783 597 1976 675 iudicium.

388 715 568 809 <Item⁸²
593 717 742 794 iactum
766 717 867 816 regis
890 742 961 794 nec
982 726 1130 794 cartam
1154 727 1283 817 potest
1309 716 1393 817 quis
1415 717 1596 806 iudicare,
1620 717 1675 794 ita
1699 715 1803 816 quod
1828 718 1978 795 factum

385 835 487 934 regis
506 835 690 913 irritetur.
713 837 792 913 Sed
809 836 935 914 dicere
954 836 1098 936 poterit
1118 836 1202 936 quis
1223 835 1326 936 quod
1345 861 1415 913 rex
1434 835 1620 914 iustitiam
1640 835 1788 926 iecerit,
1809 845 1848 914 et
1869 836 1976 924 bene,

386 963 425 1030 et
441 956 472 1032 si
487 955 559 1031 hoc
574 957 707 1033 eadem
724 957 872 1033 ratione
890 957 993 1056 quod
1008 957 1120 1045 male,
1139 966 1178 1033 et
1195 957 1251 1032 ita
1267 956 1464 1055 imponere
1481 956 1516 1032 ei
1533 955 1637 1054 quod
1654 955 1833 1032 iniuriam
1850 981 1976 1033 emen-

385 1078 463 1165 det,
483 1101 532 1153 ne
551 1075 695 1153 incidat
713 1101 783 1153 rex
802 1085 842 1152 et
861 1075 1054 1152 iustitiarii
1075 1074 1116 1150 in
1135 1075 1317 1152 iudicium
1338 1075 1500 1152 viventis
1521 1075 1582 1151 dei
1603 1084 1766 1174 propter
1785 1075 1975 1151 iniuriam.

385 1197 475 1272 Rex
496 1194 612 1272 habet
635 1194 883 1294 superiorem,
907 1195 1022 1271 deum
1046 1193 1198 1272 scilicet.
1225 1191 1356 1271 Item³⁸
1379 1193 1505 1292 legem
1529 1219 1600 1293 per
1624 1220 1740 1293 quam
1764 1195 1893 1271 factus
1918 1203 1977 1271 est

385 1341 465 1392 rex.
489 1316 593 1392 Item
613 1314 760 1390 curiam
780 1339 901 1404 suam,
922 1313 1099 1391 videlicet
1120 1313 1276 1390 comites
1297 1323 1337 1390 et
1358 1314 1532 1402 barones,
1555 1314 1644 1413 quia
1667 1313 1823 1391 comites
1845 1313 1975 1390 dicam-

385 1441 452 1510 tru
469 1434 577 1533 quasi
595 1433 685 1510 socii
703 1433 816 1531 regis,
834 1443 873 1510 et
891 1433 957 1531 qui
976 1433 1119 1509 socium
1135 1432 1263 1521 habet,
1281 1432 1397 1509 habet
1414 1431 1655 1530 magistrum.
1675 1434 1734 1509 Et
1753 1432 1839 1509 ideo
1858 1434 1889 1510 si
1908 1458 1977 1510 rex

385 1551 506 1629 fuerit
524 1553 604 1629 sine
622 1552 757 1642 fraeno,
775 1550 843 1628 id⁸⁸
861 1551 947 1629 est⁸⁴
965 1552 1047 1628 siue
1064 1551 1161 1650 lege,
1181 1551 1322 1629 debent
1340 1551 1374 1627 ei
1394 1551 1559 1628 fraenum
1579 1576 1775 1651 apponere
1794 1552 1866 1628 nisi
1885 1553 1976 1651 ipsi·

385 1683 465 1750 met
490 1673 637 1749 fuerint
660 1697 749 1749 cum
772 1697 864 1770 rege
889 1671 970 1748 sine
994 1672 1127 1748 fraeno.
1154 1672 1214 1747 Et
1236 1680 1331 1747 tunc
1356 1669 1577 1748 clamabunt
1604 1670 1746 1748 subditi
1771 1680 1811 1748 et
1836 1670 1975 1759 dicent,

385 1791 556 1869 Domine
576 1788 723 1868 lheus⁸³
746 1788 944 1869 inchoato
967 1800 1006 1868 et
1027 1790 1153 1885 fraereo
1176 1789 1353 1867 mucidus
1375 1813 1510 1868 eorem
1533 1791 1763 1888 corutriape.
1788 1790 1857 1866 Ad
1880 1816 1976 1889 quos

385 1910 574 2000 dominus,
599 1908 754 1987 Vocabo
774 1933 892 2008 super
913 1933 978 1986 eor
997 1918 1154 2008 pentem
1176 1907 1373 1986 robertum
1395 1919 1435 1987 et
1456 1908 1707 2008 longinquom
1730 1919 1769 1986 et
1789 1909 1977 2007 ignotam,

386 2029 493 2107 caiae
516 2029 689 2128 linquam
711 2028 960 2128 ignorabunt,
984 2053 1070 2128 quc
1092 2030 1267 2106 destruet
1290 2052 1355 2106 eor
1378 2038 1417 2106 et
1440 2028 1577 2106 evellet
1601 2029 1748 2107 radtcee
1772 2052 1904 2105 eoram
1929 2027 1977 2105 de

387 2158 502 2237 terra,
523 2159 561 2226 et
581 2175 605 2224 a
623 2148 765 2225 talibus
783 2147 1068 2236 iudicabuntur,
1089 2148 1180 2248 quia
1199 2146 1372 2226 subditos
1393 2146 1628 2224 noluerant·
1648 2145 1775 2226 tuate*
1797 2145 1976 2224 iudicare.

385 2270 416 2345 f.
430 2269 526 2363 aab]
581 2269 640 2345 Et
660 2268 701 2344 in
720 2269 797 2344 fine
816 2266 945 2365 ligatis
966 2266 1127 2366 pedibus
1148 2292 1281 2343 eorum
1300 2275 1341 2343 et
1359 2266 1548 2355 manibus,
1568 2266 1697 2344 mittet
1717 2292 1781 2344 eos
1800 2267 1842 2344 in
1863 2267 1976 2344 cami·

386 2413 480 2465 num
498 2387 598 2485 ignis
616 2395 656 2464 et
672 2385 851 2463 tenebras
869 2385 1089 2475 exteriores,
1107 2385 1173 2462 ubi
1192 2384 1293 2462 erit⁸⁸
1312 2385 1426 2463 fletus
1445 2395 1485 2463 et
1504 2384 1646 2462 stridor
1666 2386 1899 2475 dentium.)

487 2508 589 2584 Cana
605 2530 667 2583 res
682 2514 788 2583 certa
801 2505 888 2583 duri
902 2504 1053 2595 debeat,
1068 2514 1223 2605 oportet
1240 2506 1345 2604 qaod
1359 2514 1465 2582 certa
1480 2505 1558 2583 etat
1574 2505 1731 2582 servitia
1746 2529 1833 2605 quc
1848 2503 1977 2582 vestire

486 2624 683 2703 debentia
698 2625 1048 2725 eompemationem
1062 2648 1137 2725 pro
1152 2649 1194 2702 re
1209 2625 1314 2702 doto.

389 2746 435 2822 Sr
452 2743 605 2845 privata
620 2769 786 2844 persone
800 2743 936 2822 iecerit
952 2743 1198 2821 donationem
1216 2743 1263 2819 de
1279 2769 1321 2819 re
1337 2751 1443 2820 certa
1457 2768 1508 2818 ex
1524 2767 1640 2819 causa
1657 2743 1804 2832 iutrrra,
1823 2752 1978 2842 oportet

265 2924 269 2936 .
387 2864 490 2962 quod
511 2873 617 2940 certa
637 2863 714 2941 sint
735 2889 780 2940 ea
801 2889 885 2962 quae
906 2864 1084 2940 donatori
1106 2862 1280 2962 praestari
1303 2861 1444 2938 debent
1466 2861 1507 2938 in
1526 2861 1819 2939 retributionem
1840 2886 1913 2961 pro
1936 2887 1977 2938 re

387 2983 490 3071 data,
506 2992 551 3059 ut
566 2984 596 3059 si
612 2983 682 3060 fiat
697 2982 854 3058 donatio
870 3008 942 3082 pro
957 2981 1136 3079 homagio
1152 2991 1190 3058 et
1207 2981 1372 3068 servitio,
1389 2981 1450 3057 vel
1466 3006 1540 3080 pro
1556 2981 1710 3058 servitio
1725 2990 1880 3058 tantum
1897 2981 1979 3057 sine

386 3101 583 3200 homagio:
607 3102 690 3177 fieri
715 3101 832 3177 etiam
856 3100 999 3199 poterit
1022 3099 1182 3177 donatio
1206 3125 1278 3199 pro
1301 3099 1480 3199 homagio
1505 3109 1545 3177 et
1569 3100 1723 3177 servitio
1748 3099 1905 3199 proprie
1930 3099 1977 3176 de

387 3223 504 3300 feodo
527 3221 696 3298 militari.
724 3220 945 3319 Improprie
970 3246 1061 3295 vero
1085 3219 1132 3296 fit
1156 3219 1378 3317 homagium
1404 3218 1452 3296 de
1477 3221 1641 3317 socagio,
1667 3244 1755 3295 cum
1779 3219 1869 3296 inde
1894 3218 1977 3294 fleri

388 3341 544 3416 deberet
562 3348 717 3416 tantum
736 3337 901 3414 fidelitas
921 3348 960 3415 et
978 3363 1058 3414 non
1074 3337 1308 3434 homagium.
1329 3338 1388 3414 Et
1408 3339 1439 3414 si
1460 3338 1508 3413 de
1527 3338 1634 3414 facto
1653 3339 1724 3414 fiat
1744 3338 1977 3436 homagium,

387 3468 622 3535 nontamen
646 3457 818 3556 sequitur
843 3465 1006 3557 propter
1030 3457 1101 3533 hoc
1126 3457 1230 3555 quod
1255 3456 1305 3532 ad
1331 3457 1529 3534 dominum
1555 3457 1760 3556 capitalem
1784 3457 1978 3556 pertineat

387 3578 563 3656 custodia
585 3587 624 3654 et
645 3576 905 3674 maritagium,
930 3575 1020 3674 quia
1043 3575 1217 3652 custodia
1240 3586 1280 3653 et
1303 3575 1552 3674 maritagium
1576 3599 1656 3651 non
1680 3601 1831 3674 semper
1855 3575 1977 3674 sequi·

387 3696 481 3775 tur⁸⁰
503 3696 737 3794 homagium,
761 3694 850 3794 quia
872 3694 922 3770 ad
944 3720 1058 3794 quem
1079 3693 1296 3771 huiusmodi
1319 3693 1540 3793 pertineant
1563 3719 1634 3793 per
1655 3694 1877 3792 homagium
1900 3719 1979 3771 non

388 3812 679 3903 determinatur,
698 3815 764 3890 sed
784 3837 854 3912 per
873 3812 1082 3902 servitium,
1100 3813 1311 3890 secundum
1331 3813 1434 3912 quod
1453 3820 1716 3890 tenementum
1732 3822 1889 3890 tenetur
1908 3838 1979 3913 per

388 3934 587 4011 servitium
612 3932 778 4009 militare
804 3932 864 4008 vel
892 3956 964 4031 per
991 3931 1197 4029 soeagium.
1225 3931 1284 4009 Et
1312 3932 1377 4031 qui
1404 3940 1584 4008 teneatur
1611 3931 1662 4009 ad
1689 3932 1912 4031 homagium
1939 3941 1980 4009 et

389 4052 627 4141 fidelitatem,
657 4060 696 4128 et
725 4051 790 4150 qui
819 4075 909 4139 non,
939 4059 979 4127 et
1007 4075 1090 4148 quae
1120 4049 1359 4148 sequantur⁴⁰
1388 4048 1608 4148 homagio,‘¹
1639 4050 1787 4127 dicetur
1816 4051 1979 4128 inferius

388 4172 539 4272 plenius
557 4173 605 4248 de
620 4169 819 4269 homagiis.
841 4169 949 4261 <Ut
967 4170 998 4247 si
1016 4169 1100 4268 quis
1118 4169 1365 4246 donationem
1383 4169 1518 4246 fecerit
1536 4169 1615 4247 filio
1634 4195 1703 4247 suo
1721 4170 1979 4269 primogenito

389 4301 428 4368 et
441 4291 583 4378 heredi,
596 4290 658 4366 vel
673 4290 798 4366 frater
813 4296 1018 4364 antenatus
1034 4287 1150 4365 fratri
1166 4313 1236 4364 suo
1250 4297 1445 4386 postnato,
1461 4313 1509 4365 ne
1525 4315 1597 4388 per
1612 4289 1834 4387 homagium
1851 4289 1978 4366 exclu-

389 4411 506 4487 datur
530 4410 638 4485 heres
664 4408 725 4483 vel
752 4407 876 4483 frater
903 4415 1108 4483 antenatus
1134 4432 1158 4482 a
1184 4406 1429 4495 successione,
1458 4407 1489 4482 si
1516 4408 1620 4483 forte
1647 4408 1871 4485 donatarius
1899 4408 1980 4485 sine

389 4527 528 4604 herede
552 4528 600 4603 de
624 4552 663 4602 se
687 4527 900 4602 decesserit.
927 4525 1030 4601 Item
1053 4525 1198 4624 poterit
1222 4525 1306 4625 quis
1332 4526 1424 4602 dare
1448 4524 1529 4602 filio
1553 4551 1623 4603 suo
1648 4536 1830 4626 postnato
1857 4529 1909 4604 sic
1934 4537 1979 4604 ut

389 4645 670 4747 primogenitus
688 4669 767 4721 non
787 4642 1015 4719 excludatur
1035 4643 1084 4719 ab
1102 4644 1325 4722 hereditate.
1347 4644 1407 4721 Ut
1429 4645 1460 4720 si
1479 4644 1563 4743 quis
1583 4645 1639 4721 ita
1659 4639 1818 4734 dederit,
1840 4646 1890 4724 do
1911 4645 1980 4722 tuls’

388 4764 470 4866 filio
491 4789 574 4842 meo
594 4773 779 4864 portanto
798 4787 872 4863 pro
892 4762 1047 4840 servitio
1068 4788 1138 4841 ereo
1161 4771 1311 4841 tontum
1333 4772 1489 4853 terram,
1512 4765 1717 4842 tenendam
1740 4766 1789 4842 de
1813 4789 1873 4842 me
1896 4774 1980 4843 tota

389 4965 624 5041 ”adulterium
642 4965 719 5039 ΜΒ,
737 4965 810 5026 HB.
851 4962 878 4997 ²⁰
890 4970 922 5025 et
939 4964 1058 5039 melius,
1077 4965 1154 5041 ΜΒ,
1174 4963 1240 5025 LA.
1280 4962 1505 5042 ”procedatur
1524 4965 1574 5041 ad,
1596 4965 1640 5039 V;
1661 4965 1811 5044 procedat
1829 4965 1881 5042 ad,
1902 4966 1980 5040 MG,

390 5067 463 5127 CM.
506 5065 625 5143 ⁸¹0m.,
645 5065 713 5141 OC,
733 5066 806 5141 OD,
826 5067 863 5128 P.
906 5064 1057 5143 ”rerum
1078 5066 1156 5140 MG,
1177 5066 1250 5127 cM.
1294 5064 1414 5141 ⁸⁸‘⁸⁴et,
1436 5067 1514 5142 MG,
1536 5066 1611 5144 CM,
1633 5068 1707 5144 HA,
1729 5069 1801 5129 ΗΒ.
1846 5066 1980 5129 ⁸⁶lhesu

389 5166 525 5243 Christe,
539 5166 578 5243 V,
593 5168 666 5243 OD,
681 5166 756 5242 HA,
771 5167 807 5228 P.
844 5165 872 5200 ⁸⁶
883 5166 1050 5242 noluerint,
1066 5167 1133 5243 OC,
1148 5168 1228 5241 HB;
1244 5168 1409 5244 voluerint,
1426 5170 1504 5245 MG,
1521 5169 1593 5231 HA
1633 5168 1658 5203 ³⁷
1670 5173 1793 5244 iniuste,
1811 5169 1889 5244 MG,
1905 5170 1978 5231 ΗΑ.

388 5265 417 5301 ⁸⁸
428 5274 486 5342 est,
502 5266 596 5329 MSS.
613 5289 678 5329 var.
716 5266 744 5302 ⁸⁹
754 5275 935 5347 sequuntur,
951 5268 1018 5346 ΟΕ,
1035 5269 1112 5343 ΜΒ,
1128 5269 1203 5344 HA,
1221 5271 1257 5332 P.
1296 5268 1322 5303 ⁴⁰
1334 5277 1514 5348 sequuntur,
1532 5272 1602 5348 ΟΒ,
1620 5273 1697 5347 ΜΒ,
1715 5273 1793 5347 MG,
1812 5273 1886 5348 HA,
1904 5273 1977 5334 CM.

389 5365 415 5400 ⁴¹
427 5366 612 5447 homagium,
629 5366 697 5443 ΟΕ,
713 5367 790 5444 ΜΒ,
808 5369 883 5444 cM,
900 5370 937 5431 P.
