4374 6366
394 448 468 517 440
924 441 1148 504 BRACTON:
1171 441 1232 503 DE
1256 441 1449 504 LEGIBUS

394 591 612 690 captionem
629 591 747 680 illam,
765 614 834 669 nec
851 590 905 667 in⁸
923 591 992 668 tali
1010 591 1188 690 captione
1207 590 1421 690 delinquit.⁴
1442 591 1520 669 Sed
1540 591 1571 670 si
1591 593 1720 670 averia
1737 593 1868 670 taliter
1886 595 1989 671 iuste

394 724 511 815 capta
535 723 671 792 contra
695 715 852 792 vadium
878 725 917 792 et
943 715 1091 814 plegios
1118 715 1265 794 fuerint
1292 717 1449 794 detenta
1473 741 1562 793 cum
1588 717 1713 816 petita
1740 718 1888 794 fuerint
1913 743 1988 818 per

393 839 552 916 vadium
569 848 608 916 et
626 839 787 939 plegios,
806 839 981 939 prestita
999 840 1203 918 securitate
1222 841 1270 918 de
1289 841 1445 918 servitio
1464 841 1641 918 faciendo
1660 867 1748 918 cum
1768 843 1986 940 arreragiis,

394 964 456 1041 vel
472 964 503 1040 si
519 964 595 1040 alia
610 963 805 1042 occasione
821 972 937 1063 capta
955 965 1113 1054 fuerint,
1132 964 1292 1056 <Sicut
1309 991 1382 1064 pro
1399 964 1541 1042 damno
1559 966 1665 1043 facto
1680 965 1742 1042 vel
1759 966 1906 1042 iniuriis
1922 965 1987 1042 vel

395 1085 543 1176 debitis,
559 1085 612 1162 et⁸
628 1085 711 1164 aliis
727 1112 811 1186 quae
824 1087 1023 1164 terminari
1040 1085 1216 1187 possunt⁸
1232 1088 1312 1166 sine
1329 1086 1460 1176 brevi,²
1476 1089 1620 1164 iniusta
1636 1087 1781 1187 poterit
1797 1113 1878 1165 esse
1893 1113 1986 1188 cap-

394 1209 449 1285 tio
471 1209 524 1286 et⁸
547 1209 689 1286 iniusta
712 1211 893 1286 detentio.
919 1211 1054 1286 Primo
1077 1220 1220 1308 agatur
1243 1211 1291 1287 de
1315 1210 1504 1309 captione,
1531 1209 1622 1309 quia
1644 1235 1857 1309 numquam
1880 1211 1987 1288 forte

394 1341 522 1432 capta,
536 1333 597 1408 vel
612 1332 643 1408 si
657 1341 773 1432 capta
788 1333 886 1410 iuste
900 1333 961 1409 vel
976 1333 1127 1422 iniuste,
1142 1359 1354 1432 numquam
1370 1333 1532 1410 fuerunt
1546 1333 1671 1431 petita
1685 1357 1757 1432 per
1771 1331 1928 1409 vadium
1945 1341 1986 1408 et

393 1455 555 1554 plegios,
572 1454 633 1531 vel
650 1455 682 1531 si
699 1456 834 1554 petita,
852 1480 930 1531 non
948 1455 1053 1532 venit
1069 1457 1119 1532 ad
1137 1455 1283 1532 curiam
1301 1455 1445 1532 domini
1463 1455 1521 1532 sui
1539 1456 1589 1531 ad
1608 1455 1789 1533 standum
1808 1463 1924 1542 recto,
1945 1463 1986 1530 et

393 1579 450 1653 ita
469 1578 571 1677 quod
590 1578 731 1654 iterum
748 1586 876 1676 capta.
897 1579 1000 1654 Item
1020 1576 1065 1654 si⁰
1083 1603 1157 1676 pro
1177 1578 1318 1654 damno
1338 1578 1456 1666 facto,
1476 1576 1668 1676 disputari
1687 1576 1832 1676 poterit
1851 1586 1987 1652 utrum

393 1707 511 1799 capta
523 1699 670 1778 fuerint
685 1701 725 1776 in
739 1701 880 1776 damno
895 1701 954 1776 vel
970 1705 1140 1791 extra>
1157 1710 1250 1777 ωηο
1265 1701 1313 1778 de
1327 1699 1515 1776 veniendo
1531 1701 1580 1776 ad
1595 1700 1741 1778 curiam
1757 1711 1795 1778 et
1811 1701 1986 1800 parendo

393 1822 479 1912 iuri,
496 1823 564 1900 et¹⁰
579 1823 650 1899 hoc
664 1822 881 1900 convictum
898 1823 947 1900 sit
963 1823 1003 1898 in
1019 1823 1216 1912 comitatu,
1233 1832 1327 1900 tunc
1342 1824 1406 1900 ille
1423 1824 1489 1922 qui
1505 1823 1607 1922 cepit
1624 1823 1766 1900 incidet
1781 1824 1823 1899 in
1839 1823 1984 1900 miseri-

393 1947 524 2023 cordia
537 1945 777 2034 vicecomitis,
794 1956 832 2022 et
848 1946 975 2023 averia
991 1947 1044 2022 sic
1059 1954 1175 2045 capta
1190 1945 1415 2022 deliberabit
1430 1945 1635 2022 vicecomes
1651 1945 1721 2021 tali
1737 1946 1863 2033 modo,
1880 1945 1987 2043 quod

393 2069 457 2144 ille
478 2069 585 2145 cuius
607 2068 735 2144 averia
756 2077 858 2156 sunt,
880 2069 1011 2145 veniat
1032 2069 1082 2147 ad
1103 2067 1249 2144 curiam
1272 2067 1416 2144 domini
1438 2069 1496 2144 sui
1520 2069 1570 2144 ad
1592 2066 1858 2144 rationabilem
1881 2093 1984 2144 sum-
2105 2129 2110 2138 .

391 2191 641 2268 monitionem
657 2199 697 2268 et
715 2191 764 2267 ad
781 2199 930 2268 certum
948 2191 1048 2268 diem
1066 2216 1320 2289 responsurus
1338 2191 1388 2266 de
1405 2191 1559 2267 servitio
1577 2216 1647 2266 suo
1665 2189 1769 2289 quod
1787 2189 1985 2287 cognoscit

393 2323 433 2391 et
449 2314 497 2390 de
515 2313 719 2411 arreragiis
736 2312 880 2390 servitii
897 2313 1009 2390 illius.
1028 2313 1088 2390 Et
1105 2312 1145 2389 in
1162 2314 1233 2388 hoc
1250 2337 1342 2388 casu
1359 2321 1515 2412 oportet
1532 2312 1635 2411 quod
1654 2313 1830 2390 dominus
1850 2313 1984 2391 defen·

392 2434 462 2513 dat
483 2434 742 2512 detentionem
762 2435 850 2512 vel²²
871 2434 1066 2511 concedat.
1090 2435 1132 2512 Si
1153 2443 1283 2513 autem
1304 2435 1489 2512 concedat
1508 2434 1768 2512 detentionem
1790 2435 1984 2524 iniustam,

392 2557 555 2657 planum
574 2565 632 2634 est
651 2558 755 2656 quod
773 2583 822 2633 ex
840 2557 911 2633 hoc
931 2557 1114 2656 sequitur.
1137 2557 1180 2634 Si
1201 2564 1330 2634 autem
1351 2557 1568 2634 defenderit
1588 2555 1847 2634 detentionem
1867 2557 1983 2633 inius-

392 2689 485 2768 tam,
503 2688 542 2757 et
560 2705 722 2778 querens
740 2689 883 2756 sectam
899 2679 1038 2757 habeat
1057 2679 1188 2756 statim
1206 2681 1256 2756 ad
1273 2704 1443 2769 manum,
1463 2704 1547 2778 quae
1565 2679 1786 2755 examinata
1803 2679 1844 2754 in
1861 2678 1983 2754 omni-

392 2802 463 2879 bus
476 2827 632 2880 concors
647 2801 778 2891 fuerit,
792 2812 831 2880 et
844 2802 948 2901 quod
962 2802 1091 2879 omnia
1103 2803 1209 2878 facta
1224 2800 1412 2878 fuerunt²²
1427 2800 1498 2878 sub
1512 2826 1645 2879 eorum
1659 2799 1874 2900 presentia,
1888 2810 1983 2877 tunc

392 2925 563 3002 radiabit
578 2925 789 3002 defendens
803 2925 929 3023 legem
943 2951 982 3002 se
997 2925 1223 3001 duodecima
1236 2949 1366 3013 manu,
1382 2925 1422 3000 in
1438 2949 1514 3023 qna
1530 2925 1561 3001 si
1576 2923 1771 3012 defecerit,
1786 2923 1928 2999 incidet
1943 2923 1985 2998 in

391 3047 689 3124 misericordiam
706 3047 936 3123 vicecomitis
953 3046 1051 3123 sicut
1069 3047 1109 3123 in
1127 3047 1253 3145 primo
1271 3072 1374 3134 casu,
1394 3054 1432 3124 et
1451 3045 1628 3122 restituet
1647 3046 1822 3144 querenti
1841 3046 1984 3122 damna

391 3194 462 3246 sua
480 3193 564 3268 quae
582 3167 744 3245 habuit¹⁸
764 3193 835 3268 per
854 3167 961 3245 illam
980 3167 1250 3252 detentionem.
1274 3168 1317 3244 Si
1339 3176 1468 3244 autem
1488 3167 1614 3266 legem
1635 3167 1782 3256 fecerit,
1804 3169 1982 3244 dominus

389 3299 485 3368 tunc
499 3291 650 3390 quietus
664 3291 827 3379 recedet,
844 3301 883 3367 et
899 3315 1061 3389 querens
1076 3290 1117 3366 in
1130 3288 1400 3378 misericordia,
1417 3288 1483 3366 sed
1498 3290 1606 3365 nulla
1621 3290 1764 3367 damna
1780 3314 1981 3389 recupera·

390 3413 459 3501 bit,
476 3422 516 3490 et
532 3412 746 3490 retomabit
762 3412 917 3488 domino
935 3412 1062 3488 averia
1079 3420 1205 3511 capta.
1224 3411 1283 3488 Et
1301 3436 1462 3510 querens
1480 3420 1550 3488 aut
1567 3411 1808 3488 satisfaciatu
1827 3411 1981 3488 domino

389 3535 521 3611 statim
533 3535 580 3610 de
592 3533 746 3610 servitio
759 3557 840 3622 suo,
853 3541 921 3610 aut
933 3533 1147 3631 replegiare
1159 3533 1280 3610 faciat
1291 3533 1419 3610 averia
1431 3557 1502 3610 sua
1512 3559 1634 3632 usque
1647 3534 1697 3610 ad
1708 3542 1856 3610 certum
1869 3532 1981 3622 diem,

392 3656 442 3731 ad
457 3680 571 3754 quem
586 3655 703 3732 faciet
719 3655 753 3731 ei
768 3653 835 3731 id¹⁸
851 3656 955 3754 quod
970 3654 1020 3731 de
1036 3656 1118 3732 iure
1135 3655 1263 3731 facere
1278 3654 1440 3732 debebit.
1460 3654 1538 3731 Sed
1555 3655 1647 3754 quid
1664 3653 1724 3732 si¹⁸
1741 3663 1877 3754 postea
1892 3679 1982 3730 cum

391 3778 538 3855 fuerint
550 3786 749 3854 retornata
761 3784 947 3876 petantur
961 3802 1031 3878 per
1043 3776 1199 3853 vadium
1212 3785 1251 3854 et
1266 3776 1415 3878 plegios
1428 3784 1468 3854 et
1480 3774 1601 3853 tunc²²
1616 3777 1694 3853 sint
1708 3777 1849 3852 vetita?
1862 3774 1980 3852 Vide·

390 3899 484 3977 tur¹⁸
500 3901 604 3999 quod
617 3899 819 3976 deliberari
834 3899 975 3977 debent
990 3908 1036 3976 ut
1049 3899 1169 3999 prius.

490 4026 538 4104 Si
554 4024 683 4124 captio
701 4024 823 4120 fuerit
841 4024 995 4103 idota.

393 4150 439 4227 S1
455 4175 546 4228 vero
561 4150 691 4248 captio
708 4149 829 4226 fuerit
845 4148 998 4237 iniusta,
1016 4149 1126 4226 sicuti
1143 4173 1216 4247 pro
1233 4149 1387 4225 servitio
1404 4149 1508 4246 quod
1523 4156 1659 4225 tenens
1676 4172 1755 4224 non
1772 4148 1980 4246 cognoscit,

389 4281 429 4350 et
441 4273 488 4349 de
501 4299 577 4371 quo
590 4272 671 4349 sine
683 4281 877 4371 praeeepto
888 4271 1034 4347 domini
1047 4272 1148 4369 regis
1161 4271 1393 4370 respondere
1405 4269 1585 4359 noluerit,
1599 4280 1693 4348 tunc
1707 4279 1862 4369 oportet
1877 4271 1980 4369 quod

389 4395 453 4472 ille
471 4395 538 4494 qui
557 4395 685 4472 averia
703 4394 876 4493 ceperit²⁹
896 4395 1127 4494 respondeat
1147 4395 1195 4470 de
1214 4393 1357 4470 iniusta
1377 4392 1566 4492 captione,
1588 4392 1666 4469 sive
1685 4393 1752 4468 illa
1772 4392 1980 4469 detinuerit

388 4518 529 4595 iniuste
542 4527 676 4595 contra
690 4518 847 4594 vadium
859 4526 899 4594 et
911 4517 1060 4616 plegios
1074 4527 1118 4593 ut
1133 4541 1253 4614 supra
1266 4517 1344 4592 sive
1357 4539 1447 4592 non.
1463 4515 1522 4590 Et
1535 4514 1606 4589 hoc
1620 4514 1651 4591 si
1666 4537 1830 4613 querens
1844 4515 1981 4590 doceat

388 4664 460 4738 per
479 4649 586 4716 certa
605 4638 770 4716 indicia¹⁰
792 4648 833 4716 et
855 4647 998 4716 sectam
1021 4637 1270 4715 sufficientem
1292 4636 1395 4737 quod
1418 4644 1534 4735 capta
1556 4634 1705 4713 fuerint
1727 4661 1800 4737 pro
1823 4633 1979 4712 servitio

389 4855 517 4933 ⁸efiam,
532 4856 602 4932 OB,
617 4857 692 4917 ΜΒ.
729 4855 894 4934 ‘deliquit
910 4855 976 4929 LA,
994 4855 1071 4930 MG,
1087 4857 1161 4916 MC.
1198 4853 1281 4930 ⁶ve1,
1296 4855 1337 4930 V,
1352 4854 1427 4929 cM,
1443 4855 1520 4930 MA,
1536 4853 1605 4928 OB,
1622 4853 1697 4914 ΜΒ.
1735 4851 1892 4930 'possint
1909 4851 1979 4926 OA,

389 4957 455 5018 OE.
500 4955 609 5017 'brevi
631 4956 747 5018 domini
770 4960 864 5036 regis,
886 4955 927 5032 V,
949 4955 1019 5031 OB,
1042 4956 1118 5032 MA,
1141 4957 1218 5030 ΜΒ,
1242 4956 1315 5017 CM.
1360 4954 1544 5031 ⁸ve1,MG,
1568 4953 1634 5015 OC.
1678 4951 1784 5028 ⁹0m.,
1809 4953 1887 5030 MG,
1910 4953 1977 5014 OC.

387 5055 459 5119 ¹⁰ct
476 5077 543 5137 per,
561 5058 630 5132 OB,
648 5058 725 5133 MA,
743 5058 818 5118 ΜΒ.
857 5057 983 5118 usuam
1001 5065 1042 5130 et,
1060 5056 1129 5130 OB,
1150 5057 1225 5133 MA,
1243 5056 1320 5131 MB,
1339 5056 1414 5117 cM.
1455 5054 1622 5131 ¹²fuerint,
1641 5056 1708 5130 LA,
1727 5057 1795 5130 OC,
1815 5057 1884 5131 OB,
1904 5054 1977 5117 MC.

388 5157 415 5193 ²⁸
426 5155 579 5233 habuerit,
596 5159 664 5232 OB,
681 5157 758 5233 MA,
774 5157 851 5233 MB,
867 5156 932 5218 ΟΕ.
971 5157 998 5192 ²¹
1009 5156 1194 5234 satisfaciet,
1210 5158 1280 5232 OB,
1297 5157 1372 5218 ΜΒ.
1411 5155 1616 5234 1⁸Om.,OA,
1634 5156 1704 5233 OB,
1722 5158 1798 5231 MA,
1816 5158 1892 5231 MB,
1910 5155 1979 5232 ΟΕ,

389 5260 469 5332 ΟΜ;
488 5258 576 5334 illud,
596 5259 661 5321 OC.
702 5257 821 5335 ¹⁸Om.,
840 5259 912 5332 CE;
932 5262 1056 5333 sicum,
1075 5259 1144 5332 OA,
1163 5260 1230 5335 LA,
1251 5259 1328 5335 MG,
1348 5260 1416 5335 OC,
1436 5261 1499 5322 MC
1524 5257 1719 5338 (ettamen).
1761 5257 1828 5293 ”¹²⁸
1838 5265 1913 5321 ωηο
1932 5261 1978 5320 sic

387 5358 521 5434 videtur,
535 5359 602 5433 OC,
618 5360 684 5421 MG
704 5360 830 5437 (sicut).
867 5357 894 5393 ²⁰
906 5363 999 5437 cepit,
1014 5361 1081 5436 OC,
1098 5359 1174 5421 MG.
1213 5359 1238 5394 ²⁰
1250 5360 1374 5437 iudicia,
1389 5362 1429 5435 V,
1446 5361 1539 5422 MSS.
1555 5381 1621 5422 var.
