4432 6340
402 456 473 529 170
932 447 1154 510 BBACTON:
1177 449 1237 510 DE
1260 448 1454 511 LEGIBUS

401 600 576 698 praeferri
607 596 771 675 debeant
798 598 838 674 in
865 599 935 675 tali
964 598 1153 688 libertate,
1182 624 1271 675 cum
1299 598 1529 697 quibusdam
1557 622 1778 677 concessum
1807 600 1856 676 sit
1886 600 1991 699 quod

399 719 593 797 theolonia
616 720 773 819 capiant
797 730 836 798 et
860 720 1165 809 consuetudines,
1190 729 1230 798 et
1254 720 1338 798 aliis
1363 744 1411 797 ne
1437 721 1542 809 dent,
1569 720 1672 820 quod
1698 721 1852 819 quidem
1878 720 1991 797 simul

400 850 503 918 stare
524 867 604 917 non
625 841 779 941 poterit.
803 842 1097 918 Recurrendum
1119 842 1193 916 erit
1215 841 1335 940 igitur
1358 842 1406 918 de
1427 841 1652 919 necessitate
1675 842 1726 918 ad
1749 841 1991 941 prioritatem

399 962 693 1062 impetrationis,
709 963 740 1039 si
756 961 885 1038 nullus
901 987 1034 1038 eorum
1050 987 1142 1038 usus
1159 963 1291 1050 fuerit,
1309 962 1376 1039 sed
1392 961 1512 1061 quasi.
1533 962 1575 1038 Si
1594 970 1723 1038 autem
1740 987 1841 1039 unus
1858 987 1991 1040 eorum

399 1108 492 1159 usus
513 1083 633 1161 fuerit
653 1083 709 1159 ita
729 1081 833 1182 quod
853 1082 902 1158 ab
924 1080 1007 1158 aliis
1027 1080 1172 1181 ceperit
1193 1081 1429 1159 theolonium
1449 1092 1489 1160 et
1510 1083 1803 1160 consuetudines
1825 1083 1866 1159 in
1887 1083 1990 1172 villa,

399 1212 580 1294 mercato,
597 1204 659 1280 vel
676 1201 870 1292 nundinis,
889 1201 956 1280 et⁴⁸
974 1205 1079 1302 quod
1097 1202 1349 1302 quietantiam
1366 1200 1529 1280 habuit⁴⁹
1548 1203 1589 1279 in
1606 1203 1710 1294 villa,
1729 1214 1910 1294 mercato,
1929 1205 1990 1281 vel

399 1323 622 1414 nundinis,⁸⁰
640 1323 728 1402 talis
747 1324 923 1424 praeferri
942 1324 1056 1401 debet
1073 1333 1236 1424 propter
1254 1350 1368 1401 usum
1385 1334 1425 1402 et
1444 1325 1620 1413 retinere,
1639 1349 1727 1401 cum
1746 1324 1893 1424 priores
1913 1325 1990 1402 sint

400 1449 429 1524 f.
445 1449 513 1541 57]
569 1473 642 1523 usu
662 1445 836 1545 quamvis
855 1471 934 1521 non
953 1445 1234 1544 impetratione.
1256 1445 1316 1522 Et
1334 1445 1405 1520 hoc
1425 1471 1560 1522 verum
1580 1446 1653 1523 erit
1673 1446 1739 1522 ubi
1760 1446 1990 1545 posteriores

398 1568 671 1669 impetratione
692 1567 751 1644 usi
774 1567 932 1654 fuerint,
956 1566 1028 1643 nisi
1050 1566 1105 1642 illi
1129 1566 1195 1665 qui
1217 1567 1364 1666 priores
1388 1577 1478 1644 sunt
1501 1568 1772 1666 impetratione
1796 1567 1928 1645 statim
1950 1575 1991 1644 et

399 1700 572 1768 recenter
598 1690 667 1766 sibi
693 1688 999 1789 perquisiverint.
1029 1688 1072 1763 Si
1098 1697 1228 1764 autem
1254 1688 1309 1764 illi
1335 1687 1400 1787 qui
1428 1688 1575 1787 priores
1602 1698 1693 1766 sunt
1720 1689 1990 1787 impetratione

399 1810 507 1911 prius
526 1811 585 1887 usi
605 1810 764 1899 fuerint,
784 1819 823 1888 et
843 1810 946 1908 quod
966 1809 1138 1908 ceperint
1157 1808 1206 1886 ab
1227 1809 1309 1886 aliis
1329 1809 1623 1886 consuetudines
1643 1810 1683 1885 in
1702 1810 1794 1885 villa
1814 1809 1989 1900 aliorum,

398 1932 595 2010 libertates
622 1957 710 2008 suas
737 1931 969 2020 retinebunt,
996 1940 1079 2008 tam
1104 1938 1267 2030 propter
1294 1929 1537 2030 prioritatem
1564 1931 1844 2030 impetrationis
1874 1957 1990 2031 quam

397 2054 573 2154 propter¹
598 2052 841 2153 prioritatem
863 2077 966 2128 usus.
993 2052 1037 2127 Si
1061 2060 1191 2129 autem
1213 2061 1303 2151 post
1327 2051 1444 2129 talem
1468 2051 1779 2150 impetrationem
1802 2052 1989 2130 libertatis

398 2185 438 2252 et
450 2201 564 2252 usum
577 2174 641 2251 alii
654 2173 947 2273 impetraverint
960 2173 1178 2250 libertatem
1193 2172 1296 2272 quod
1310 2173 1368 2249 uti
1383 2171 1558 2273 possint,¹
1575 2172 1638 2249 olii
1654 2173 1720 2272 qui
1735 2173 1882 2272 priores
1899 2181 1990 2251 sunt

398 2304 561 2396 propter
580 2295 650 2371 hoc
669 2295 886 2371 libertatem
907 2320 1016 2370 suam
1035 2319 1114 2370 non
1134 2295 1330 2371 amittunt.
1355 2295 1433 2371 Sed
1453 2303 1535 2371 esto
1555 2295 1659 2393 quod
1679 2295 1734 2370 illi
1755 2295 1820 2393 qui
1842 2294 1989 2394 priores

398 2428 489 2495 sunt
506 2417 776 2517 impetratione
792 2426 831 2493 et
848 2441 921 2492 usu
938 2417 1041 2492 forte
1058 2441 1128 2514 per
1145 2441 1224 2491 non
1240 2442 1354 2492 usum
1371 2416 1579 2504 amiserint,
1598 2425 1637 2493 et
1654 2425 1863 2515 antequam
1881 2415 1988 2492 resti·
2025 2490 2029 2499 ,

397 2539 474 2615 tuti
494 2537 641 2615 fuerint
658 2538 709 2613 ad
727 2535 944 2615 libertatem
962 2536 1026 2613 alii
1045 2537 1337 2636 impetraverint
1356 2546 1395 2615 et
1414 2536 1473 2613 usi
1492 2537 1650 2626 fuerint,
1672 2537 1736 2612 alii
1756 2537 1821 2635 qui
1842 2537 1989 2636 priores

399 2658 560 2736 fuerint⁸
575 2658 846 2758 impetratione
860 2668 900 2736 et
915 2684 990 2734 usu
1005 2683 1216 2757 numquam
1232 2657 1495 2734 restituentur.
1516 2658 1558 2735 Si
1576 2666 1706 2735 autem
1724 2658 1882 2758 priores,
1900 2667 1990 2758 post
2094 2730 2101 2740 .

397 2780 708 2880 impetrationem
730 2778 893 2856 aliorum
915 2778 980 2856 sed
1002 2788 1093 2856 ante
1113 2805 1238 2867 usum,
1259 2779 1409 2855 restitui
1432 2780 1591 2868 fuerint,
1613 2780 1665 2856 sic
1688 2805 1759 2879 per
1779 2779 1988 2857 restitutio·

397 2926 486 2978 nem
515 2901 731 2977 libertatem
760 2900 868 2999 prius
897 2899 1068 2975 habitam
1096 2899 1329 2988 retinebunt,
1359 2908 1399 2976 et
1429 2899 1511 2975 eliis
1540 2901 1798 2999 praeferentur
1827 2906 1989 2999 propter

397 3046 532 3100 verum
547 3046 660 3098 usum
674 3019 740 3118 qui
755 3018 841 3095 usui
856 3017 993 3095 fictitio
1009 3017 1122 3093 debet
1138 3017 1325 3116 praeferri.

497 3145 543 3222 Si
560 3143 644 3243 quia
662 3143 826 3241 aliquem
843 3141 1040 3219 secaverit
1058 3151 1192 3218 contro
1211 3140 1406 3218 libertates
1424 3165 1620 3218 concessos
1636 3165 1709 3241 per
1727 3165 1868 3240 repent.

399 3268 445 3345 Sr
470 3261 568 3366 quis*
592 3266 713 3364 igitur
736 3274 871 3340 contra
894 3263 1110 3340 huiusmodi
1135 3265 1332 3341 libertates
1358 3264 1442 3341 illos
1468 3265 1606 3363 quibus
1631 3289 1815 3341 concessae
1841 3263 1988 3342 fuerint

396 3411 561 3484 gravare
577 3384 638 3460 vel
655 3409 796 3460 vexare
813 3381 1127 3483 presumpserit,⁶
1146 3381 1448 3459 summoneatur⁶
1467 3383 1570 3482 quod
1589 3382 1652 3459 sit*
1671 3408 1800 3460 coram
1818 3409 1908 3482 rege
1927 3383 1987 3460 vel

396 3505 476 3580 eius
494 3502 706 3579 iustitiariis
723 3503 813 3578 inde
830 3501 1097 3600 responsurus⁸
1115 3501 1279 3600 pertale
1298 3501 1423 3577 breve.

496 3628 623 3704 Breve
641 3651 760 3725 quare
777 3625 862 3725 qaia
880 3625 998 3702 oliam
1017 3625 1213 3703 creaverit
1232 3636 1367 3702 contro
1386 3625 1613 3703 libertatem.

397 3751 493 3828 Rex
516 3749 725 3825 vicecomiti
749 3750 923 3825 salutem.
950 3749 1160 3826 Summone
1185 3750 1399 3848 perbonos
1423 3751 1715 3828 summonitores
1739 3751 1924 3828 maiorem
1948 3760 1988 3829 et

396 3868 555 3946 ballivos
571 3868 660 3945 talis
675 3868 851 3958 civitatis,
867 3869 993 3966 burgi,
1009 3870 1070 3944 vel
1086 3868 1196 3958 villae,
1213 3869 1317 3967 quod
1333 3869 1410 3946 sint
1426 3894 1556 3944 coram
1572 3869 1681 3946 nobis
1697 3870 1758 3946 vel
1775 3868 1987 3947 iustitiariis

397 3989 537 4064 nostris
552 3989 659 4087 apud
673 3987 791 4064 talem
806 3987 944 4077 locum,
958 3987 1028 4064 tali
1043 3987 1116 4076 die,
1133 3988 1183 4063 ad
1198 3986 1510 4086 respondendum
1525 3987 1607 4076 tali,
1623 3987 1683 4064 vel
1698 3987 1852 4077 talibus,
1869 4014 1987 4087 quare

396 4105 595 4205 cepenmt⁹
613 4105 849 4182 theolonium
865 4113 905 4183 et
920 4106 1214 4182 consuetudines
1232 4107 1273 4182 in
1289 4106 1381 4182 villa
1398 4132 1467 4182 sua
1483 4105 1553 4183 tali
1570 4107 1618 4183 de
1634 4105 1849 4183 hominibus
1866 4107 1987 4206 ipsius

394 4225 497 4316 talis,
514 4224 576 4302 vel
594 4224 800 4302 dotalibus
818 4224 1083 4322 burgensibus,
1103 4233 1237 4301 contra
1255 4224 1451 4302 libertates
1470 4251 1565 4323 quas
1585 4225 1685 4302 idem
1703 4225 1791 4302 talis
1811 4224 1871 4302 vel
1890 4225 1986 4302 tales

396 4344 539 4420 habent
565 4370 637 4442 per
661 4353 808 4420 cartam
835 4353 1008 4420 nostram
1034 4352 1073 4420 et
1099 4352 1382 4420 antecessorum
1408 4353 1628 4420 nostrorum
1655 4369 1793 4442 regum
1819 4343 1986 4441 Angliae,

398 4462 534 4560 quibus
556 4462 630 4537 huc
650 4487 772 4559 usque
792 4462 851 4536 usi
874 4471 965 4539 sunt
985 4470 1031 4538 ut
1053 4461 1197 4538 dicunt.
1221 4461 1279 4538 Et
1301 4462 1442 4538 habeas
1464 4462 1516 4537 ibi
1539 4463 1831 4540 summonitores
1854 4471 1894 4539 et
1916 4463 1987 4538 hoc

397 4579 523 4656 breve.
541 4582 659 4656 Teste
675 4587 851 4656 etcetera.

496 4702 562 4779 De
576 4701 790 4779 intentione
804 4701 1000 4800 querentis
1015 4703 1281 4802 proponendo.

397 4825 487 4914 QUI
503 4849 591 4901 cum
608 4833 697 4923 post
713 4825 904 4902 essonium
920 4834 960 4903 et
976 4825 1178 4903 dilationes
1194 4826 1380 4915 venerint,
1399 4835 1595 4926 proponat
1613 4851 1774 4926 querens
1793 4827 1988 4926 querelam

397 5055 463 5092 ⁴⁸⁴⁰
475 5058 555 5134 Om.‚
572 5058 665 5119 MSS.
682 5078 747 5118 var.
785 5056 811 5091 ⁴⁰
823 5056 976 5132 habuerit,
994 5058 1087 5122 MSS.
1105 5079 1170 5122 var.

480 5158 585 5235 ¹Om.,
607 5159 646 5234 V,
668 5159 736 5234 LA,
758 5159 826 5234 OC,
848 5159 925 5220 MG.
970 5157 1135 5239 ’possunt
1158 5160 1198 5236 V,
1223 5162 1299 5223 MG.
1343 5160 1507 5238 ⁸fuerunt,
1530 5164 1599 5238 OA,
1622 5164 1662 5226 Υ.
1707 5163 1794 5242 ⁴qnt,
1817 5165 1887 5240 OB,
1911 5166 1985 5226 MA.

396 5257 682 5338 ‘praesumpserint
700 5259 740 5334 V,
756 5260 825 5336 OB,
845 5261 920 5336 MA,
938 5261 1014 5335 ΜΒ,
1031 5261 1110 5336 MG,
1128 5262 1173 5335 Y;
1191 5271 1466 5342 presumpserunt,
1483 5264 1548 5326 OC.
1589 5263 1626 5298 ⁸¹²
1639 5274 1887 5327 summoueantur
1904 5265 1987 5345 quod

397 5365 470 5438 sint,
486 5360 555 5436 OB,
572 5362 648 5437 MA,
666 5360 742 5436 ΜΒ,
758 5362 825 5437 OC,
843 5361 910 5436 LA,
926 5359 1004 5437 MG,
1022 5362 1062 5436 Y,
1079 5364 1152 5424 MC.
1191 5362 1405 5444 'responsum
1422 5366 1516 5429 MSS.
1535 5387 1600 5428 var.
1640 5364 1814 5447 ‘ceperint
1832 5368 1902 5444 OB,
1920 5367 1986 5429 OE.
