4392 6352
854 537 914 598 na
937 537 1212 601 acrronraus
1757 546 1831 616 301

241 687 291 764 tis
308 687 495 764 committi
513 712 592 764 non
609 686 724 764 debet
740 688 791 764 ad
809 689 1023 765 discrimen.
1043 688 1196 766 Placita
1212 714 1304 765 vero
1323 687 1449 764 civilia
1466 687 1507 764 in
1526 714 1608 765 rem
1627 698 1666 766 et
1684 689 1725 765 in
1743 715 1831 789 per·

242 829 376 880 sonam
396 804 437 880 in
457 804 565 881 curia
585 805 729 882 domini
750 806 851 905 regis
872 807 1116 883 terminanda
1136 832 1265 883 coram
1288 807 1445 883 diversis
1468 806 1680 884 iustitiariis
1702 809 1831 884 termi-

241 931 397 998 nantur.
412 920 551 997 Habet
563 924 665 999 enim
679 923 838 1022 plures⁸¹
851 924 987 1013 curias,
1002 925 1148 1001 curiam
1162 923 1403 1024 propriam,⁸⁸
1418 927 1516 1002 sicut
1531 925 1660 1002 aulam
1674 926 1832 1024 regiam,

244 1047 283 1115 et
308 1039 531 1118 iustitiarios
557 1042 742 1140 capitales
769 1043 833 1140 qui
860 1043 1038 1156 proprias
1066 1068 1199 1120 causas
1226 1043 1327 1141 regis
1354 1043 1576 1132 terminant,
1603 1054 1643 1120 et
1670 1045 1833 1120 aliorum

242 1159 413 1234 omnium
430 1185 501 1258 per
518 1161 712 1258 querelam
728 1160 790 1236 vel
807 1187 878 1260 per
895 1161 1140 1259 privilegium
1157 1162 1235 1238 sive
1252 1162 1479 1238 libertatem.
1499 1163 1560 1239 Ut
1579 1164 1610 1238 si
1628 1163 1678 1239 sit
1696 1162 1832 1261 aliquis

243 1276 308 1373 qui
334 1275 564 1374 implacitari
587 1303 667 1354 non
690 1279 827 1355 debeat
852 1279 924 1355 nisi
950 1304 1080 1356 coram
1104 1278 1217 1378 ipso⁸⁴
1243 1280 1397 1356 domino
1423 1305 1524 1377 rege.
1552 1280 1690 1358 Habet
1716 1282 1833 1358 etiam

241 1394 388 1470 curiam
401 1404 439 1472 et
453 1395 676 1472 iustitiarios
689 1397 730 1472 in
743 1397 864 1473 banco
878 1397 1115 1474 residentes⁸⁶
1130 1397 1195 1495 qui
1208 1408 1446 1497 cognoscunt
1461 1399 1508 1474 de
1523 1398 1698 1476 omnibus
1714 1399 1832 1498 placi·

240 1513 292 1588 tis
309 1515 356 1590 de
374 1513 512 1611 quibus
528 1514 797 1591 auctoritatem
814 1515 956 1592 habent
974 1516 1238 1613 cognoscendi,
1258 1527 1298 1592 et
1316 1517 1396 1593 sine
1414 1526 1588 1594 vvaranto
1607 1518 1832 1594 iurisdictio·

241 1656 330 1707 nem
347 1658 426 1707 non
443 1631 586 1710 habent
603 1658 726 1731 neque
746 1632 987 1710 coertionem.
1008 1634 1146 1710 Habet
1164 1633 1280 1710 etiam
1299 1634 1521 1711 iustitiarios
1540 1635 1764 1712 itinerantes
1783 1637 1832 1712 de

241 1749 426 1826 comitatu
445 1749 741 1839 incomitatum,
763 1753 992 1849 quandoque
1012 1752 1062 1827 ad
1083 1753 1212 1828 omnia
1232 1753 1386 1851 placita,
1408 1753 1638 1852 quandoque
1659 1754 1710 1829 ad
1731 1780 1830 1853 quaa-

241 1869 332 1945 dam
345 1869 535 1968 specialia,
549 1869 647 1946 sicut
660 1869 795 1947 assisas
809 1895 916 1946 novae
930 1870 1134 1946 disseisinae
1147 1880 1187 1947 et
1201 1871 1336 1948 mortis
1351 1872 1598 1948 antecessoris
1613 1872 1830 1971 capiendas,

241 1996 280 2064 et
296 1986 373 2063 ad⁸⁶
388 1987 522 2086 gaolas
539 1987 815 2076 deliberandas,
833 1989 1062 2087 quandoque
1079 1990 1129 2064 ad
1147 1989 1299 2065 unicam
1315 1987 1402 2064 vel⁸²
1421 1991 1518 2064 duas
1535 2000 1574 2066 et
1591 2016 1670 2066 non
1687 1990 1829 2089 plures.

236 2105 293 2181 111
309 2105 367 2182 his
383 2105 532 2183 casibus
550 2106 725 2183 omnibus
743 2107 815 2183 erit
833 2106 939 2183 curia
957 2107 1101 2183 domini
1119 2107 1231 2204 regis.
1251 2107 1310 2181 Et
1328 2117 1418 2184 sunt
1436 2108 1522 2182 duae
1539 2109 1830 2207 recognitiones,

241 2222 382 2300 scilicet
396 2225 445 2300 de
458 2250 559 2300 nova
573 2224 769 2301 disseisina
783 2234 821 2301 et
837 2224 884 2301 de
897 2233 1021 2301 morte
1035 2225 1294 2313 antecessoris,
1310 2251 1394 2324 quae
1408 2226 1494 2324 capi
1510 2252 1588 2302 non
1604 2226 1744 2304 debent
1758 2227 1830 2304 nisi

239 2343 280 2419 in
300 2343 377 2419 suis
397 2343 641 2419 comitatibus
660 2369 731 2442 per
749 2367 990 2420 communem
1009 2342 1238 2432 libertatem,
1260 2353 1298 2420 et
1318 2344 1388 2419 hoc
1408 2345 1481 2421 nisi
1500 2345 1662 2444 inceptae
1683 2345 1830 2423 fuerint

239 2461 281 2536 in
296 2461 551 2550 comitatibus,
567 2461 657 2559 quia
675 2462 706 2537 si
722 2462 882 2560 inceptae
900 2462 1046 2538 fuerint
1063 2462 1103 2536 in
1120 2463 1317 2550 comitatu,
1335 2472 1446 2540 extra
1463 2463 1688 2539 comitatum
1704 2473 1830 2541 trans·

241 2578 335 2655 ferri
351 2588 536 2678 poterunt
552 2579 698 2655 deloco
713 2579 894 2656 inlocum
910 2589 948 2656 et
965 2589 1077 2657 extra
1092 2580 1318 2656 comitatum
1334 2580 1533 2657 terminari
1549 2606 1637 2658 cum
1655 2583 1830 2659 omnibus

240 2697 401 2793 sequelis
424 2697 513 2786 suis,
536 2698 634 2774 sicut
655 2695 983 2773 convictionibus⁸⁸
1006 2707 1045 2774 et
1068 2697 1403 2774 certificationibus
1427 2724 1515 2775 cum
1539 2699 1746 2776 evenerint.
1771 2701 1831 2777 Et

240 2815 319 2892 sive
337 2815 553 2892 huiusmodi
573 2815 851 2914 recognitiones
872 2815 913 2891 in
932 2815 1118 2892 comitatu
1136 2815 1351 2892 terminatae
1373 2816 1520 2893 fuerint
1541 2819 1619 2894 sive
1639 2843 1729 2907 non,
1751 2844 1828 2894 non

240 2943 298 3010 est
315 2933 552 3032 prohibitum
570 2933 690 3033 quin⁸⁹
709 2933 964 3011 convictiones
983 2943 1022 3010 et
1041 2933 1332 3010 certificationes
1352 2942 1465 3010 extra
1483 2936 1708 3012 comitatum
1727 2937 1829 3013 trahi

239 3052 398 3150 possint.
421 3051 480 3128 Et
501 3052 598 3129 sicut
620 3052 846 3152 praedictum
867 3060 926 3129 est
946 3053 987 3128 in
1007 3060 1131 3151 parte,
1152 3052 1362 3129 trahuntur
1382 3053 1526 3151 placita
1548 3054 1670 3131 causis
1693 3079 1828 3153 supra·

239 3168 377 3246 dictis⁴⁰
391 3169 539 3247 acuriis
552 3171 741 3247 baronum
755 3197 876 3269 usque
890 3169 940 3247 od
954 3170 1191 3259 comitatum,
1205 3177 1246 3248 et
1260 3170 1312 3246 ibi
1325 3172 1585 3248 terminantur
1598 3173 1830 3271 quandoque

238 3299 277 3367 et
297 3290 526 3388 quandoque
547 3290 635 3366 inde
654 3289 958 3378 transferuntur,
980 3298 1019 3366 et
1040 3297 1241 3387 ponuntur
1263 3299 1392 3365 coram
1413 3289 1624 3367 iustitiariis
1647 3289 1828 3366 itineran-

237 3409 340 3487 tibus
365 3409 406 3486 in
429 3410 626 3499 comitatu,
651 3419 692 3486 et
715 3410 804 3487 inde
828 3434 957 3486 coram
982 3409 1193 3486 iustitiariis
1220 3408 1295 3486 de⁴²
1321 3409 1443 3485 banco
1468 3408 1557 3486 vel⁴²
1581 3434 1711 3486 coram
1736 3435 1828 3508 rege

237 3527 370 3604 multis
385 3528 433 3604 de
448 3528 582 3606 causis.
603 3528 705 3605 Sunt
722 3529 838 3605 etiam
855 3528 956 3604 inter
973 3527 1048 3603 alia
1065 3527 1209 3627 placita
1226 3528 1400 3626 quaedam
1418 3553 1501 3626 quae
1518 3553 1597 3604 non
1614 3554 1685 3627 per
1702 3537 1827 3606 trans·

237 3645 431 3734 lationem,
447 3645 513 3722 sed
528 3646 748 3723 immediate
761 3647 960 3723 terminari
976 3645 1116 3723 debent
1131 3671 1261 3722 coram
1276 3646 1487 3723 iustitiariis
1502 3647 1563 3722 vel
1579 3672 1708 3723 coram
1725 3672 1827 3745 rege,

238 3764 267 3840 f.
284 3766 376 3858 106]
433 3764 573 3842 scilicet
592 3762 763 3865 placita⁴⁸
781 3764 831 3840 de
848 3763 1027 3852 baroniis,
1046 3764 1112 3839 ubi
1131 3764 1213 3864 ipse
1231 3772 1367 3862 petens
1386 3771 1517 3841 tenere
1536 3764 1677 3841 clamat
1696 3766 1826 3841 imme·

237 3882 341 3961 diate
362 3883 410 3960 de
431 3883 586 3960 domino
608 3909 699 3981 rege
719 3883 760 3959 in
780 3882 905 3981 capite
928 3907 998 3982 per
1020 3882 1135 3958 breve
1156 3884 1204 3958 de
1226 3891 1330 3959 recto
1353 3882 1457 3980 quod
1478 3893 1640 3959 vocatur
1660 3883 1827 3983 precipe

236 4001 277 4078 io
291 4002 430 4100 capite,
444 4011 483 4078 et
496 4001 567 4077 hoc
579 4001 666 4077 ideo
680 4001 771 4099 quia
783 4001 854 4076 hoc
866 3998 995 4098 tangit
1010 4000 1139 4099 ipsum
1153 4025 1284 4099 regem
1297 4001 1338 4075 in
1352 4009 1437 4076 toto
1451 3999 1512 4075 vel
1526 4000 1566 4076 in
1582 4009 1704 4097 parte.
1723 4001 1827 4077 Item

236 4119 453 4196 immediate
468 4119 509 4194 in
524 4120 630 4196 curia
645 4119 788 4196 domini
802 4119 904 4216 regis
919 4118 1117 4195 terminari
1133 4117 1274 4194 debent
1290 4116 1433 4216 placita
1449 4116 1497 4193 de
1514 4117 1825 4193 advocationibus

236 4238 480 4315 ecclesiarum
501 4246 543 4315 et
564 4237 812 4346 capeliarum,
835 4246 874 4314 et
898 4236 1016 4313 assisa
1038 4236 1182 4312 ultimae
1206 4235 1522 4335 praesentationis.
1548 4235 1606 4312 Et
1631 4244 1689 4312 est
1713 4235 1824 4323 ratio,

236 4357 327 4455 quia
343 4357 373 4432 si
390 4357 487 4433 alius
504 4383 527 4433 a
542 4382 634 4455 rege
650 4358 853 4433 mandaret
869 4353 1057 4454 episcopis
1075 4355 1122 4430 de
1139 4354 1379 4430 admittendo
1395 4353 1575 4429 clericum
1590 4363 1630 4429 et
1647 4353 1730 4452 ipse
1746 4378 1826 4428 non

235 4477 532 4575 obtemperaret,
555 4475 651 4551 alius
674 4501 698 4550 a
719 4499 810 4572 rege
831 4472 1063 4549 coertionem
1084 4497 1162 4549 non
1183 4472 1351 4561 haberet,
1375 4481 1414 4548 et
1437 4472 1527 4570 quia
1549 4471 1751 4570 episcopus
1775 4472 1825 4548 od

236 4594 392 4671 alterius
406 4593 633 4671 mandatum
647 4618 763 4691 quam
777 4591 878 4691 regis
892 4590 1070 4667 clericum
1084 4591 1287 4667 admittere
1300 4616 1379 4666 non
1393 4599 1558 4667 tenetur.
1576 4591 1680 4667 Item
1694 4591 1824 4668 imme-

236 4713 338 4789 diate
357 4712 397 4788 in
416 4711 522 4788 curia
541 4711 684 4788 domini
703 4711 804 4808 regis
825 4709 1062 4809 placitantur
1082 4709 1226 4808 placita
1245 4708 1293 4785 de
1314 4707 1467 4784 dotibus
1488 4708 1553 4784 ubi
1573 4708 1711 4785 mulier
1731 4707 1824 4784 nihil

234 4830 360 4906 babet.
383 4830 441 4906 Et
462 4839 522 4906 est
541 4829 652 4918 ratio,
674 4829 764 4928 quia
785 4829 816 4905 si
836 4837 971 4904 contra
991 4827 1190 4904 mulierem
1212 4826 1342 4903 dotem
1363 4833 1561 4925 petentem
1582 4826 1826 4924 exciperetur

234 5043 300 5080 ”””
312 5046 418 5125 plures
435 5049 536 5109 curias
555 5045 714 5125 inquibus
733 5043 861 5106 diversa
879 5051 1014 5106 actiones
1032 5049 1238 5105 terminantur
1257 5051 1288 5104 et
1304 5041 1429 5103 illarum
1447 5045 1601 5103 curiarum
1618 5038 1713 5102 habet
1731 5059 1824 5102 unam

233 5151 404 5224 propriam,
420 5147 465 5218 V;
482 5146 588 5224 plures
603 5150 704 5208 curias
721 5148 801 5206 sicut
816 5149 931 5206 curiam
948 5147 1118 5223 propriam,
1135 5145 1204 5220 OB,
1221 5144 1298 5219 MA,
1314 5143 1390 5205 ΜΒ.
1430 5141 1457 5177 ”
1468 5142 1549 5216 Om,
1565 5141 1634 5218 OB,
1652 5143 1729 5219 MA,
1746 5142 1823 5203 ΜΒ.

235 5243 262 5280 ”
273 5246 425 5320 sedentes,
440 5247 509 5322 OB,
524 5247 600 5321 MA,
615 5247 692 5321 ΜΒ,
706 5247 747 5322 Y,
762 5245 836 5307 MC.
872 5244 899 5280 ”
910 5246 991 5323 Om,
1006 5245 1076 5319 OB,
1091 5244 1167 5319 MA,
1184 5244 1259 5305 ΜΒ.
1296 5242 1323 5278 ”
1334 5245 1415 5320 Om,
1430 5245 1499 5319 OB,
1516 5243 1593 5318 MA,
1608 5245 1691 5317 ΜΒ;
1707 5243 1758 5305 vel
1773 5242 1824 5317 ad,

235 5345 274 5406 Y.
313 5344 379 5380 ”””
391 5347 472 5422 Om,
489 5346 558 5422 OB,
575 5349 651 5421 MA,
669 5345 746 5420 ΜΒ,
762 5346 830 5422 CB,
847 5347 886 5407 Y.
925 5343 1130 5423 “pradictiq
1147 5346 1216 5420 OB,
1235 5345 1311 5422 MA,
1329 5346 1407 5421 MB,
1423 5345 1463 5407 Y.
1502 5342 1584 5419 ⁴²in,
1601 5345 1670 5419 OB,
1688 5344 1765 5421 MA,
1784 5343 1823 5406 Y.

235 5443 261 5479 ⁴¹
273 5452 315 5520 et,
332 5446 401 5520 OB,
418 5447 495 5522 MA,
512 5447 588 5508 ΜΒ.
627 5444 654 5480 ”
665 5446 825 5524 placitum,
842 5446 882 5520 V,
898 5446 977 5521 MG,
995 5445 1061 5508 OC.
