4392 6352
399 539 474 608 860
930 529 1155 591 BBACTON:
1177 527 1238 590 DE
1263 527 1456 593 LEGIBUS

501 682 548 760 Si
562 691 642 758 tona
656 679 720 758 ille
735 679 783 757 de
797 679 921 774 forcia
935 705 1052 779 qoam
1066 679 1131 757 ille
1145 680 1194 757 de
1208 679 1316 774 facto
1331 679 1520 778 fugarint,
1536 691 1575 759 et
1590 681 1793 780 utlagator
1808 684 1894 783 qaia
1911 695 1992 762 tam

500 807 664 898 propter
677 798 828 893 factum
844 822 960 896 qoam
975 807 1140 897 propter
1154 797 1330 892 forciam,
1346 808 1385 875 et
1400 824 1422 876 e
1438 801 1641 878 contraria.

402 918 553 995 Causa
571 917 726 1016 quidem
742 915 993 1013 utlagationis
1011 925 1174 1015 possunt
1191 942 1272 993 esse
1290 917 1432 1016 plures.
1452 917 1671 1016 Utlagatur
1688 919 1789 996 enim
1808 921 1892 1020 quis
1910 929 1993 997 tam

400 1045 564 1136 propter
581 1035 743 1112 forciam
761 1060 877 1134 quam
895 1043 1057 1134 propter
1076 1035 1225 1111 factum
1242 1061 1313 1136 per
1330 1046 1473 1113 sectam
1491 1035 1650 1113 alicuius
1669 1039 1729 1114 vel
1748 1063 1819 1137 per
1837 1038 1991 1138 inquisi-

400 1155 546 1231 tionem
565 1179 695 1229 ooram
717 1153 929 1229 iustitiariis
951 1163 996 1230 ut
1018 1153 1244 1252 pradictum
1267 1162 1336 1242 est,
1360 1153 1457 1230 h0e⁴²
1479 1164 1612 1231 tamen
1633 1156 1767 1232 ordine
1790 1156 1992 1234 observato

402 1273 612 1350 secundum
628 1274 814 1371 quosdam
829 1297 917 1347 oum
933 1271 1073 1348 diversi
1089 1272 1239 1349 diversa
1255 1271 1424 1349 sentiant
1441 1273 1480 1348 in
1496 1273 1567 1348 hao
1584 1281 1707 1372 parte.
1727 1274 1845 1363 Quod
1862 1276 1893 1351 si
1910 1285 1993 1352 tam

402 1390 466 1467 ille
486 1391 552 1490 qui
572 1390 791 1489 appellatus
812 1399 870 1467 est
891 1390 938 1466 de
959 1389 1083 1466 forcia
1101 1415 1218 1488 quam
1237 1389 1301 1467 ille
1322 1392 1387 1489 qui
1409 1390 1629 1489 appellatus
1651 1402 1708 1469 est
1729 1392 1777 1469 de
1799 1393 1905 1468 lacto
1927 1393 1991 1468 ab·

402 1509 432 1584 f.
449 1511 541 1602 128]
597 1507 751 1584 sentes⁴⁸
772 1507 861 1596 sint,
881 1516 975 1583 tunc
996 1517 1157 1607 uterque
1180 1507 1293 1584 simul
1313 1509 1612 1606 interrogandus
1633 1519 1691 1587 est
1715 1511 1764 1585 ad
1786 1511 1993 1610 quemlibet

402 1628 627 1704 oomitatum
646 1627 774 1703 sinon
792 1626 978 1714 venerint,
1000 1627 1093 1703 dum
1109 1634 1242 1703 tamen
1260 1626 1301 1702 in
1319 1626 1456 1703 ultimo
1475 1628 1672 1717 comitatu,
1694 1628 1759 1727 qui
1779 1628 1891 1706 debet
1912 1655 1993 1706 esse

403 1744 571 1845 quintus,
593 1745 801 1821 differatur
823 1743 1089 1843 pronuntiatio
1111 1745 1312 1843 utlagariae
1335 1745 1508 1844 ipsorum
1531 1746 1598 1844 qui
1619 1746 1807 1847 appellati
1831 1755 1922 1824 suut
1945 1748 1993 1822 de

403 1863 526 1940 loreia
541 1865 661 1940 donec
679 1865 828 1940 factum
844 1863 1103 1939 convincatur.

504 1983 683 2077 Qualiter
696 1991 735 2058 et
749 1981 904 2081 quando
917 1981 1164 2081 pronuntiari
1176 1981 1314 2058 debeat
1328 1979 1523 2080 utlagaria
1536 1982 1584 2059 de
1597 1981 1704 2076 facto
1720 1992 1759 2059 et
1775 1983 1929 2080 quando
1945 1982 1993 2059 da

502 2101 638 2196 forcia,
652 2126 704 2177 on
717 2101 849 2179 atatim
863 2110 902 2176 et
917 2100 1050 2177 eodem
1065 2100 1127 2177 die
1141 2100 1291 2177 diverso
1307 2099 1449 2199 opinio.

404 2218 493 2297 Irn²
509 2220 613 2319 quod
628 2220 754 2318 primo
770 2218 979 2295 secundum
996 2219 1182 2317 quosdam
1198 2218 1473 2317 pronuntietur
1490 2217 1696 2316 utlagaria2
1713 2219 1761 2295 de
1779 2244 1823 2294 eo
1840 2219 1911 2325 qui
1925 2244 1993 2317 ap-

403 2338 571 2438 pellatus
585 2347 643 2414 est
657 2338 704 2414 de
719 2338 836 2426 laeto,
852 2347 890 2413 et
906 2344 1041 2435 postea
1055 2336 1189 2413 eodem
1204 2335 1265 2412 die
1280 2337 1328 2412 de
1343 2363 1387 2413 eo
1403 2338 1468 2435 qui
1485 2337 1705 2435 appellatus
1721 2347 1778 2414 est
1795 2338 1842 2413 de
1859 2336 1992 2424 loreia,

401 2467 440 2534 et
454 2457 506 2533 sio
518 2457 560 2532 in
570 2456 704 2533 eodem
715 2454 864 2531 iudicio.
877 2454 960 2530 Alii
973 2453 1140 2554 quidem⁸
1152 2454 1285 2531 dieunt
1299 2455 1402 2554 quod
1415 2478 1494 2530 non
1505 2455 1639 2532 eodem
1652 2455 1713 2531 die
1725 2481 1848 2554 neque
1861 2454 1995 2531 eodem

403 2574 554 2664 iudicio,
581 2576 648 2651 sed
672 2573 842 2650 diversis.
867 2573 1018 2650 Dicunt
1044 2572 1161 2649 etiam
1186 2572 1343 2672 quidam
1369 2573 1473 2671 quod
1499 2573 1719 2672 appellatus
1746 2574 1794 2649 de
1821 2573 1928 2650 lacto
1955 2582 1994 2648 et

403 2693 623 2793 appellatus
646 2693 693 2769 de
716 2693 839 2768 forcia
859 2716 938 2767 non
960 2701 1051 2768 sunt
1074 2691 1187 2767 simul
1208 2691 1485 2789 interrogandi,
1508 2691 1575 2767 sed
1598 2690 1661 2768 ille
1684 2692 1732 2767 de
1756 2690 1878 2767 loreia
1900 2700 1994 2768 tuno

403 2813 643 2910 primorum
669 2811 819 2886 laetum
843 2809 1104 2898 convincatur,
1131 2809 1208 2886 sive
1235 2809 1298 2885 ille
1323 2810 1372 2885 de
1398 2809 1522 2886 loreia
1547 2809 1694 2907 fugerit
1721 2809 1799 2885 sive
1826 2834 1993 2908 praesens

403 2930 534 3006 luerit.
551 2930 629 3006 Sed
640 2954 689 3004 ea
701 2952 785 3027 quae
797 2927 900 3005 diota
914 2937 1005 3004 sunt
1017 2928 1145 3004 locum
1156 2925 1309 3003 habere⁴
1324 2935 1509 3026 poterunt
1523 2951 1610 3003 cum
1624 2937 1786 3026 uterque
1800 2926 1840 3002 in
1856 2927 1995 3025 fugam

403 3055 662 3135 eonvertatur,
685 3056 723 3123 et
745 3073 821 3145 quo
841 3071 933 3122 casu
954 3047 1200 3145 praesumitur
1222 3046 1270 3121 de
1291 3054 1456 3144 utroque
1478 3055 1642 3145 propter
1663 3046 1812 3143 lugam,
1835 3053 1874 3121 et
1897 3045 1993 3120 illud

403 3167 505 3242 idem
523 3165 596 3242 dici
615 3164 758 3264 poterit
776 3175 820 3241 ut
838 3164 1002 3252 videtur,
1021 3163 1065 3240 si¹⁵
1083 3163 1189 3239 eum*
1204 3162 1268 3240 ille
1287 3164 1335 3239 de
1354 3163 1461 3240 facto
1479 3188 1646 3262 praesens
1666 3164 1785 3240 luerit
1804 3171 1843 3239 et
1861 3163 1926 3240 ille
1945 3162 1994 3239 de

404 3283 526 3360 forcia
539 3282 698 3380 sugerit,
712 3283 816 3382 quod
828 3282 893 3357 ille
905 3283 952 3358 de
967 3283 1088 3358 forcia
1102 3281 1234 3359 statim
1246 3281 1438 3378 exigatur.
1456 3281 1534 3357 Sed
1548 3281 1729 3358 iudicium
1743 3282 1994 3378 utlagationis

405 3400 616 3478 remanebit
631 3402 751 3477 donee
766 3400 830 3476 ille
845 3401 893 3476 de
908 3400 1014 3476 facto
1030 3426 1069 3477 se
1085 3399 1303 3476 defenderit
1318 3401 1380 3476 vel
1396 3425 1474 3475 non
1490 3399 1718 3475 defenderit.

504 3524 551 3602 Si
563 3523 628 3601 ille
642 3524 690 3600 de
704 3524 828 3620 foro'a
840 3547 1010 3623 proeaena
1023 3524 1074 3601 ait
1089 3533 1127 3600 et
1141 3522 1205 3602 ille
1219 3524 1267 3601 de
1281 3522 1389 3617 facto
1403 3522 1565 3621 faama,
1580 3522 1641 3600 vel
1656 3523 1689 3600 ai
1704 3530 1877 3621 aterque.

406 3649 511 3726 CUM
533 3657 663 3724 autem
681 3646 745 3723 ille
765 3647 813 3722 de
833 3647 956 3752 loreia
975 3670 1142 3745 praesens
1163 3646 1282 3723 luerit
1302 3657 1341 3723 et
1362 3646 1425 3722 ille
1447 3647 1494 3722 de
1514 3645 1620 3723 facto
1642 3645 1800 3744 fugerit,
1821 3671 1901 3722 non
1921 3646 1994 3722 erit

403 3792 535 3842 versus
548 3792 635 3842 eum
649 3766 696 3843 de
709 3766 831 3842 loreia
843 3765 1129 3864 procedendum
1143 3790 1340 3864 quousque
1354 3763 1516 3841 faetum‘
1530 3764 1791 3841 convincatur.
1810 3763 1888 3841 Sed
1902 3763 1994 3863 quid

405 3885 436 3962 si
454 3893 617 3983 uterque
635 3885 773 3981 fugam
791 3883 918 3959 inierit
936 3894 975 3960 et
995 3882 1058 3959 sit⁸
1077 3882 1212 3981 aliquis
1233 3884 1299 3980 qui
1319 3882 1369 3959 ad
1388 3882 1554 3981 aliquem
1572 3881 1798 3959 comitatum
1817 3881 1926 3958 illum
1946 3881 1994 3958 de

404 4003 510 4079 facto
526 4003 811 4101 manuceperitl
829 4001 903 4078 Ille
920 4003 969 4077 de
986 4001 1107 4077 forcia
1124 4000 1368 4077 nihilominus
1384 4001 1646 4097 interrogetur
1664 4009 1828 4099 propter
1845 4000 1994 4099 lugam,

405 4122 498 4198 dum
515 4130 646 4197 tamen
663 4120 845 4196 iudicium
863 4129 1059 4197 remaneat
1077 4119 1198 4196 donec
1217 4119 1366 4195 lactum
1384 4118 1644 4195 oonvincatur.

505 4245 551 4322 St
565 4244 651 4343 qaia
665 4245 706 4322 in
721 4253 860 4343 quarto
877 4243 1062 4320 contituta
1078 4243 1169 4319 velit
1186 4267 1442 4342 maoneapere
1459 4267 1537 4318 oon
1555 4242 1744 4320 audietur.

408 4369 602 4445 S1autem
620 4367 669 4444 sit
686 4366 822 4466 aliquis
841 4367 906 4466 qui
923 4367 975 4443 ad
993 4375 1175 4466 quartum
1194 4366 1418 4442 comitatum
1436 4365 1529 4441 velit
1547 4390 1804 4465 manucapere
1823 4363 1995 4464 appella·

404 4494 491 4562 tum
509 4486 556 4562 de
576 4486 693 4574 laeto,
711 4493 756 4560 ut
775 4511 894 4584 supra
912 4485 953 4560 in
971 4493 1084 4583 parte
1101 4484 1247 4560 dictum
1266 4492 1336 4572 est,
1355 4509 1435 4560 non
1453 4483 1642 4572 audietur,
1662 4483 1872 4560 secundum
1892 4484 1996 4581 quod

405 4603 604 4680 Martinus
622 4602 835 4701 respondit·
854 4601 1023 4679 Ricardo
1042 4602 1179 4679 Dulret
1198 4602 1246 4679 de
1264 4602 1432 4701 quadam
1451 4601 1612 4678 eschaeta
1629 4602 1670 4676 in
1688 4601 1874 4677 comitatu
1892 4601 1995 4678 Can·

405 4721 479 4796 tiae.
502 4721 571 4796 Ad
593 4721 696 4819 quod
719 4721 814 4798 lacit
835 4721 939 4820 quod
960 4721 1106 4797 habetis
1129 4721 1219 4797 alibi
1241 4721 1282 4796 in
1304 4720 1439 4797 itinere
1462 4719 1627 4797 Martini
1649 4720 1697 4796 de
1721 4718 1934 4796 Pateshilla
1955 4718 1996 4795 in

405 4838 592 4917 comitatu
608 4837 824 4937 Wigorniae
843 4864 945 4915 auno
964 4838 1093 4937 regis²⁰
1113 4839 1278 4915 Henrici
1298 4838 1445 4937 quinto.
1466 4837 1529 4913 Ibi
1550 4837 1652 4914 enim
1671 4837 1813 4914 dicitur
1832 4836 1936 4936 quod
1954 4836 1996 4912 in

406 5055 433 5092 ⁴¹
444 5064 477 5118 et
489 5056 557 5131 hoc,
571 5057 612 5133 V,
626 5057 695 5131 OB,
711 5056 787 5132 MA,
803 5057 880 5129 ΜΒ,
894 5056 962 5132 CE,
977 5056 1051 5117 CM.
1088 5053 1115 5089 ⁴⁸
1126 5055 1334 5134 appellantes,
1350 5057 1419 5132 OB,
1435 5056 1512 5130 MA,
1528 5056 1603 5116 ΜΒ.

488 5156 597 5232 ²item,
624 5158 693 5231 OB,
722 5156 798 5229 MA,
827 5157 902 5218 ΜΒ.
952 5155 1139 5234 'utlagatiq
1168 5156 1235 5230 OC,
1263 5156 1329 5217 ΟΕ.
1379 5155 1538 5234 ⁸quidam,
1568 5156 1646 5230 Mo,
1675 5155 1747 5228 Οὓς
1777 5163 1889 5232 autem,
1919 5156 1994 5217 ΜΒ.

405 5255 545 5318 ‘habent
561 5257 611 5318 vel
628 5256 751 5333 habere,
769 5257 838 5333 OB,
856 5257 933 5334 MA,
951 5257 1027 5331 ΜΒ,
1046 5255 1113 5331 CB,
1131 5257 1206 5332 OM,
1224 5257 1298 5320 MC.
1337 5255 1476 5334 ¹“⁸siout,
1496 5257 1591 5320 MSS.
1609 5278 1674 5319 var.
1714 5256 1851 5332 ⁸tamen,
1870 5257 1937 5332 OC,
1956 5257 1995 5319 Y.

406 5355 512 5432 '0m.,
526 5357 593 5434 LA,
607 5359 686 5435 MG,
701 5359 773 5420 MC.
810 5355 890 5436 “sia
905 5358 973 5435 LA,
989 5358 1065 5421 MG.
1103 5355 1208 5434 ⁹Om.,
1223 5359 1293 5435 OB,
1310 5359 1386 5434 MA,
1402 5360 1477 5421 ΜΒ.
1515 5357 1542 5393 ²⁰
1554 5363 1642 5440 regni
1659 5363 1754 5440 regis,
1770 5359 1810 5436 V,
1827 5360 1902 5434 MA,
1920 5360 1997 5434 ΜΒ,

407 5460 476 5537 OA,
491 5461 566 5536 MC,
580 5461 645 5520 LA.
