4432 6336
631 503 692 565 DE
715 504 1018 577 ADQUIRENDO
1042 504 1200 567 RERUM
1223 504 1425 567 DOMINIO
1753 513 1826 581 133

234 652 344 752 prius
364 653 487 730 maior
508 653 574 730 et⁸²
595 663 821 754 praeceptor,
842 681 921 730 non
942 655 1015 732 erit
1035 655 1124 733 talis
1146 656 1302 732 donatio
1324 655 1384 732 vel
1406 656 1565 733 traditio
1586 656 1825 754 imaginaria,

235 771 327 870 quia
349 797 420 871 per
444 772 594 850 factum
616 783 655 850 et
678 800 791 851 usum
814 775 955 852 veritas
979 775 1209 852 declaratur.
1236 775 1340 852 Item
1365 799 1452 851 cum
1477 774 1589 851 ambo
1613 775 1762 851 fuerint
1785 774 1827 851 in

235 892 472 991 possessione
492 901 531 969 et
552 893 717 969 donator
737 893 855 970 semel
874 892 1046 984 exiverit,
1067 903 1214 971 etcum
1235 893 1387 992 regredi
1408 893 1572 970 voluerit
1592 919 1672 970 non
1692 894 1825 994 possit,

234 1011 295 1086 vel
314 1036 402 1088 cum
422 1011 646 1089 donatarius
666 1012 707 1088 in
727 1012 963 1111 possessione
984 1012 1104 1090 luerit
1124 1013 1349 1112 poenituerit
1370 1011 1576 1089 donatori⁸⁸
1597 1013 1826 1102 donationis,

235 1139 274 1206 et
299 1129 450 1228 ingredi
475 1155 554 1206 non
579 1131 712 1228 possit,
737 1141 860 1231 ponat
885 1156 925 1208 se
949 1131 990 1206 in
1016 1131 1184 1228 aliquam
1209 1138 1362 1230 partem
1386 1141 1499 1208 terrae
1525 1132 1676 1208 donatoe
1703 1131 1827 1208 facitu

236 1248 437 1325 donatorio
462 1247 715 1326 disseisinam:
741 1250 832 1348 quia
854 1249 943 1326 licet
967 1249 1133 1327 donator
1157 1259 1285 1326 totum
1312 1251 1480 1327 fundum
1504 1275 1583 1327 non
1608 1250 1826 1327 circuierit⁸⁶

233 1368 294 1444 vel
313 1369 354 1444 in
373 1369 477 1444 omni
497 1377 610 1468 parte
629 1394 707 1445 non
726 1368 909 1457 extiterit,
928 1368 1088 1446 tamen⁸⁶
1110 1395 1158 1444 ex
1177 1369 1263 1468 ipsa
1282 1369 1490 1446 traditione
1510 1379 1638 1446 totum
1659 1369 1824 1469 adquisi-

233 1487 301 1577 vit,
320 1511 409 1564 cum
426 1498 601 1586 tempore
618 1488 838 1565 traditionis
856 1514 901 1565 eo
921 1488 1048 1565 animo
1068 1489 1205 1566 seisina
1223 1498 1360 1566 nactus
1381 1489 1441 1578 sit,
1463 1490 1566 1587 quod
1586 1498 1714 1566 totum
1735 1490 1823 1566 fun-

235 1607 327 1682 dum
345 1606 692 1704 compertinentiis
713 1606 907 1707 possideat
926 1633 1047 1706 usque
1067 1609 1118 1683 ad
1136 1607 1331 1696 terminos,
1352 1617 1391 1684 et
1410 1634 1455 1684 eo
1476 1610 1580 1707 quod
1600 1609 1764 1685 donator
1785 1609 1825 1684 in

232 1725 441 1802 traditione
460 1726 554 1802 nihil
574 1724 672 1803 sibi⁸'
695 1725 886 1825 excepit,⁸⁸
906 1728 1010 1825 quod
1030 1725 1089 1803 si⁸⁸
1111 1725 1334 1825 excepisset,
1357 1727 1462 1803 aliud
1482 1735 1592 1803 esset.
1617 1728 1721 1804 Item
1742 1737 1824 1804 esto

234 1849 337 1947 quod
358 1849 522 1923 donator
542 1847 583 1922 in
604 1845 810 1923 donatione
830 1854 869 1921 et
888 1846 1098 1922 traditione
1117 1844 1285 1944 excipiat
1306 1871 1354 1921 ne
1376 1845 1600 1922 donatarius
1622 1846 1680 1922 uti
1703 1846 1824 1945 possit

193 1967 195 1971 ’
233 1967 293 2044 vel
315 1965 406 2055 frui,
426 1965 515 2042 talis
536 1965 692 2042 donatio
712 1965 889 2065 perfecta
908 1965 993 2054 erit,
1014 1964 1102 2041 licet
1123 1963 1298 2040 inefficax
1320 1973 1359 2040 et
1380 1964 1563 2041 effectum
1584 1989 1663 2040 non
1684 1965 1824 2040 habeat

232 2087 294 2161 vel
313 2084 545 2184 profectum.
568 2084 672 2160 Item
690 2092 773 2160 esto
793 2082 896 2183 quod
916 2091 1146 2183 procurator
1165 2083 1321 2180 negotia
1340 2109 1477 2182 gerens
1498 2084 1556 2160 sui
1577 2084 1720 2160 domini
1742 2109 1823 2160 rem

233 2203 368 2280 emerit
386 2204 426 2279 in
444 2203 616 2280 absentia
635 2203 693 2280 sui
711 2202 866 2292 domini,
885 2203 945 2278 vel
965 2203 1174 2302 stipulatus
1193 2203 1314 2279 fuerit
1333 2229 1381 2278 ex
1401 2227 1518 2279 causa
1536 2203 1764 2292 donationis,
1785 2212 1824 2280 et

233 2322 340 2398 facta
359 2322 567 2399 traditione
590 2321 743 2398 recedat
763 2322 930 2398 donator
952 2321 1079 2397 animo
1101 2332 1140 2399 et
1161 2347 1333 2420 corpore,
1357 2331 1396 2398 et
1419 2331 1649 2422 procurator
1671 2322 1823 2398 nomine

233 2442 377 2518 domini
392 2441 449 2518 sui
464 2441 504 2516 in
517 2441 754 2539 possessione
768 2439 940 2516 extiterit
953 2464 1114 2540 corpore
1128 2450 1168 2517 et
1183 2441 1311 2517 animo
1326 2441 1528 2530 retinendi,
1545 2451 1583 2518 et
1599 2466 1688 2518 cum
1703 2443 1822 2518 domi·

232 2589 305 2639 nus
323 2562 412 2639 inde
430 2563 656 2639 certioratus
676 2562 825 2638 factum
844 2563 1104 2661 procuratoris
1124 2587 1202 2637 non
1223 2562 1508 2660 approbaverit,
1530 2571 1569 2637 et
1589 2562 1736 2640 venerit
1756 2561 1823 2638 ali·

232 2681 317 2780 quis
333 2708 356 2757 a
371 2681 503 2770 latere,
518 2691 558 2758 et
574 2691 864 2780 procuratorem
880 2681 1047 2757 eiecerit:
1065 2680 1273 2757 videndum
1290 2681 1350 2755 cui
1368 2689 1563 2780 competat
1581 2681 1709 2757 assisa.
1729 2681 1823 2756 Non

232 2800 421 2889 donatori,
439 2799 530 2899 quia
547 2799 674 2876 animo
691 2810 731 2876 et
747 2823 909 2899 corpore
925 2799 1079 2876 recessit
1096 2825 1120 2875 a
1137 2798 1384 2897 possessione.
1404 2799 1507 2875 Item
1525 2797 1622 2875 nec⁴⁰
1639 2823 1822 2899 procura·

231 2920 319 3010 tori,
340 2920 431 3018 quia
449 2920 603 2996 nomine
624 2945 693 2995 suo
714 2944 792 2994 non
812 2919 968 3018 recepit,
991 2920 1058 2994 sed
1079 2917 1213 2994 alieno.
1238 2919 1343 2994 Item
1362 2943 1442 2994 non
1464 2917 1618 2993 domino
1639 2942 1822 3016 procura·

231 3039 338 3128 toris,
360 3038 450 3138 quia
469 3038 618 3115 factum
638 3037 898 3137 procuratoris
918 3061 997 3114 non
1016 3036 1259 3136 approbavit.
1282 3037 1450 3113 Videtur
1469 3037 1590 3135 igitur
1610 3036 1713 3135 qood
1735 3062 1823 3114 cum

232 3159 262 3235 f.
276 3161 346 3253 48]
402 3158 631 3236 disseisitore
654 3157 876 3245 remanebit,
901 3157 1004 3256 quod
1027 3166 1126 3233 esset
1148 3156 1334 3255 iniquum,
1358 3181 1445 3233 curn
1470 3182 1518 3231 ex
1541 3156 1728 3232 maleficio
1753 3181 1823 3233 suo

231 3303 310 3354 non
327 3276 477 3354 debeat1
494 3277 645 3353 lucrum
662 3285 872 3376 reportare.
892 3277 953 3352 Re
970 3300 1063 3351 vera
1080 3275 1264 3375 competit
1282 3275 1401 3353 assisa
1417 3275 1607 3364 donatori,
1627 3275 1717 3374 quia
1734 3275 1823 3352 licet

232 3398 360 3476 animo
382 3408 420 3475 et
441 3422 602 3496 corpore
623 3394 801 3484 recessit,²
822 3402 955 3471 tamen
977 3394 1172 3492 possidere
1193 3420 1271 3470 non
1294 3393 1407 3470 desiit
1429 3420 1477 3470 ex
1500 3420 1576 3493 quo
1597 3393 1822 3471 donatarius

232 3517 426 3618 possidere
450 3541 529 3592 non
552 3515 707 3615 incepit.
735 3515 839 3591 Item
863 3514 999 3612 incipit
1023 3513 1121 3614 quis⁸
1147 3513 1342 3613 possidere
1367 3513 1522 3612 quando
1549 3515 1597 3590 de
1622 3514 1823 3589 voluntate

232 3636 429 3713 donatoris
449 3645 585 3712 nactus
606 3635 725 3711 fuerit
747 3633 1023 3733 possessionem
1044 3658 1206 3709 vacuam
1227 3658 1388 3731 corpore
1410 3639 1449 3709 et
1471 3632 1600 3709 animo
1620 3633 1822 3721 retinendi,

231 3779 303 3854 per
316 3755 445 3852 ipsum
462 3756 687 3830 donatorem
703 3753 763 3829 vel
779 3752 860 3828 eius
876 3762 1178 3850 procuratorem,
1197 3777 1267 3849 per
1283 3751 1432 3827 litteras
1449 3750 1524 3826 vel*
1542 3776 1613 3850 per
1629 3751 1821 3839 nuntium,

232 3875 442 3950 secundum
457 3872 560 3973 quod
575 3871 802 3972 praedictum
816 3879 884 3948 est.
903 3871 981 3947 Sed
996 3895 1083 3946 cum
1098 3878 1389 3968 procuratorem
1404 3871 1550 3946 miserit
1565 3870 1626 3946 vel
1642 3869 1822 3946 nuntium

232 4003 321 4070 ante
346 3993 595 4070 traditionem
619 3990 843 4090 poenituerit
869 3990 1095 4065 donatorem
1122 3987 1349 4076 donationis,
1377 3987 1561 4086 quaeritur
1587 4015 1637 4064 an
1665 3988 1823 4064 donatio

232 4111 401 4188 revocari
419 4112 540 4209 possit
559 4137 607 4185 ex
626 4109 864 4210 poenitentia.
885 4109 943 4184 Et
961 4106 1115 4183 videtur
1134 4108 1238 4206 quod
1256 4108 1319 4182 sic.
1343 4106 1421 4183 Sed
1441 4107 1562 4183 refert
1581 4115 1714 4183 utrum
1733 4131 1821 4181 con·

232 4232 374 4309 stiterit
395 4230 637 4331 procuratori
657 4228 719 4304 vel
739 4226 876 4304 nuntio
899 4227 946 4303 de
967 4227 1167 4302 voluntate
1188 4225 1385 4301 donatoris
1406 4234 1558 4301 mutata
1580 4225 1640 4302 vel
1662 4250 1751 4301 non.
1779 4225 1821 4301 Si

234 4360 364 4426 autem
389 4349 602 4426 constiterit
628 4373 706 4422 non
730 4346 873 4423 valebit
899 4346 1067 4433 donatio,
1091 4345 1180 4421 licet
1207 4345 1326 4421 fuerit
1351 4343 1508 4421 traditio
1536 4344 1748 4420 subsecuta.
1779 4344 1822 4420 Si
1876 4381 1879 4386 ·

232 4477 361 4545 autem
374 4493 463 4556 non,
476 4466 572 4543 bene
583 4464 739 4541 tenebit.
754 4466 857 4541 Item
869 4473 951 4540 esto
964 4464 1067 4562 quod
1081 4465 1245 4539 donator
1259 4470 1349 4538 ante
1361 4462 1610 4539 traditionem
1622 4463 1821 4552 moriatur,

231 4587 309 4664 sive
319 4586 390 4661 hoc
401 4585 638 4684 ignoraverit
650 4583 727 4660 sive
739 4609 829 4672 non,
842 4609 921 4658 non
933 4581 1085 4659 valebit.
1100 4583 1158 4658 Et
1171 4582 1267 4658 illud
1279 4583 1380 4658 idem
1394 4581 1466 4657 dici
1480 4581 1624 4681 poterit
1639 4582 1685 4658 de
1698 4591 1823 4659 morte

231 4704 435 4794 donatarii,
449 4704 480 4780 si
494 4729 565 4803 per
578 4710 869 4802 procuratorem
883 4702 1047 4799 adeptus
1063 4701 1183 4776 fuerit
1196 4699 1484 4798 possessionem.
1502 4701 1607 4777 Item
1621 4710 1703 4776 esto
1718 4702 1823 4798 quod

232 4920 351 4996 ⁸²Om.,
374 4923 443 4995 OB,
468 4921 544 4996 MA,
566 4921 643 4995 ΜΒ,
666 4921 705 4981 Y.
750 4918 776 4953 ⁸³
788 4919 957 4994 donatoris,
982 4917 1050 4991 OB,
1074 4918 1157 4990 MG;
1181 4915 1371 4992 donatorem,
1395 4917 1440 4988 V;
1464 4916 1606 4976 donatori
1629 4914 1722 4989 mod,
1747 4915 1821 4988 CM,

232 5022 299 5084 MG
320 5022 525 5100 (donatoris).
564 5020 590 5055 ⁸⁴
603 5020 710 5095 iaciat,
727 5020 796 5094 OB,
814 5020 895 5094 MA;
914 5019 980 5095 fiat,
998 5020 1073 5080 ΜΒ.
1112 5017 1139 5052 ³⁸
1151 5022 1270 5092 circuit,
1289 5019 1367 5094 MG,
1385 5019 1465 5090 cM;
1483 5020 1668 5090 circuiverit,
1687 5017 1727 5093 V,
1745 5016 1821 5091 MA,

231 5122 307 5183 ΜΒ.
348 5119 467 5198 ⁸⁶Om.‚
487 5121 556 5198 OB,
575 5122 651 5195 MA,
670 5121 746 5181 ΜΒ.
788 5120 907 5196 ⁸'Om.,
927 5121 993 5182 OC.
1035 5118 1101 5154 ⁸⁸⁸⁸⁸
1113 5120 1194 5196 Om,
1215 5120 1292 5194 MG,
1313 5120 1386 5180 cM.
1429 5116 1456 5152 ⁸⁸
1467 5123 1634 5197 exceperit,
1655 5119 1723 5192 OB,
1744 5118 1821 5195 MA,

232 5222 313 5295 ΜΒ;
331 5227 457 5300 exeipit,
473 5223 538 5284 OC.
576 5220 602 5256 ⁴⁰
614 5241 687 5297 non,
703 5222 772 5297 OB,
790 5223 866 5298 MA,
884 5223 959 5283 ΜΒ.

313 5321 462 5398 nebat,
478 5323 562 5396 MG;
579 5321 681 5397 debet,
697 5323 737 5398 v,
755 5323 829 5384 cn.
868 5321 1065 5399 *recusent
1083 5323 1122 5397 v,
1140 5322 1209 5397 or,
1228 5323 1304 5398 nn,
1322 5324 1398 5400 na,
1418 5323 1495 5397 no,
1513 5324 1586 5385 cn.
1627 5321 1733 5400 ⁸0m,
1750 5321 1820 5397 oa,
1886 5304 1889 5312 '

162 5451 166 5460 ·
232 5423 309 5500 MA,
324 5424 399 5485 ΜΒ.
437 5422 503 5500 ⁴et,
518 5424 586 5500 OA,
602 5425 669 5499 LA,
684 5423 751 5498 OC,
767 5425 835 5486 MG
854 5422 912 5501 (·-
921 5423 1011 5502 per),
1027 5425 1090 5485 CM
1112 5424 1170 5501 (·-
1180 5423 1267 5502 per).
