4432 6336
257 486 260 492 ’
408 483 480 552 154
938 473 1161 535 BRACTON:
1184 473 1245 535 DE
1269 473 1462 537 LEGIBUS

407 649 524 700 causa
549 624 730 701 simulata
755 649 834 701 non
861 624 1102 714 admittatur,
1132 624 1190 700 si'1
1218 623 1441 725 repellatur,
1470 650 1548 701 non
1575 623 1788 724 competit⁸²
1815 625 1851 704 ei
1880 626 1998 704 assisa

365 779 370 790 ·
406 767 514 819 novae
534 742 738 819 disseisinae
759 743 932 841 quamvis
954 743 1056 820 dicat
1077 744 1181 842 quod
1202 743 1374 828 animum
1394 743 1595 820 recedendi
1617 769 1641 819 a
1662 743 1898 843 possessione
1919 769 1998 822 non

406 859 582 936 habuit.⁸⁸
608 861 666 938 Et
691 861 732 939 in
756 861 827 937 boc
851 886 943 938 casu
968 860 1205 962 praefertur⁸⁴
1230 861 1362 963 opinio
1387 861 1553 951 veritati,
1580 863 1671 962 quia
1696 888 1745 938 ex
1772 887 1849 962 quo
1874 862 1997 961 gratis

408 1004 497 1055 cum
525 979 766 1057 solemnitate
792 1005 872 1057 non
899 988 1052 1057 coactus
1081 980 1213 1070 exivit,
1243 981 1491 1078 presumitur
1517 980 1762 1058 vehementer
1791 982 1841 1057 ad
1870 982 1997 1058 minus

406 1102 511 1200 quod
533 1101 704 1176 animum
725 1096 902 1175 merum⁸⁸
925 1100 1142 1175 revertendi
1164 1124 1243 1176 non
1265 1098 1410 1175 habuit.
1435 1100 1494 1175 Et
1517 1099 1595 1176 sive
1619 1097 1818 1176 animum⁸⁸
1841 1099 1998 1175 baberet

407 1219 486 1296 sive
509 1245 599 1309 non,
623 1226 754 1318 posset
778 1218 936 1316 quilibet
962 1218 1086 1294 dicere
1110 1219 1215 1316 quod
1238 1219 1410 1294 snimum
1434 1243 1514 1294 non
1537 1219 1695 1295 haberet
1719 1217 1932 1307 recedendi,
1959 1226 1998 1294 et

407 1336 460 1412 sie
483 1361 661 1413 revocare
684 1337 788 1436 quod
812 1345 941 1414 actum
965 1335 1103 1413 esset.⁸'
1129 1338 1188 1414 Et
1211 1337 1314 1414 unde
1338 1336 1417 1414 sive
1442 1336 1505 1426 sic,
1530 1336 1609 1416 sive
1632 1361 1711 1413 non
1736 1338 1799 1425 sic,
1824 1335 1998 1414 consulte

407 1455 437 1530 f.
453 1456 521 1548 51]
578 1454 708 1532 faciet¹
732 1455 957 1532 donatarius
981 1455 1013 1532 si
1035 1463 1149 1532 extra
1172 1455 1349 1532 seisinam
1372 1454 1540 1532 tenuerit
1565 1455 1801 1532 donatorem.
1828 1454 1886 1532 Et
1911 1480 1998 1532 cum

407 1575 585 1650 donatori
608 1574 728 1651 fuerit
750 1600 821 1674 per
843 1574 1001 1651 assisam
1024 1574 1244 1650 adiudicata
1266 1573 1414 1663 saisina,
1438 1599 1509 1673 per
1532 1574 1603 1650 hoc
1625 1574 1739 1650 firma
1760 1573 1835 1650 erit
1858 1574 1997 1673 imper-

407 1704 570 1794 petuum
586 1695 723 1771 seisina
739 1694 941 1783 donatarii,
958 1703 997 1770 et
1013 1693 1174 1770 ulterius
1190 1718 1270 1769 non
1286 1692 1359 1770 erit
1376 1691 1605 1790 imaginaria
1621 1691 1778 1768 donstio
1796 1715 1865 1768 nec
1883 1692 1997 1770 simu·

406 1813 498 1890 lata.
512 1814 571 1890 Et
585 1813 688 1890 unde
701 1838 771 1912 per
784 1813 855 1888 hoc
869 1820 999 1911 posset
1013 1812 1237 1888 donatarius
1252 1811 1332 1888 sine
1347 1810 1560 1909 suspicione
1576 1811 1856 1888 concessionem
1871 1811 1999 1888 faeere

407 1933 585 2010 donatori
600 1933 757 2009 tenendi
774 1933 825 2007 sd
841 1931 960 2008 vitam
979 1956 1060 2007 rem
1077 1930 1272 2006 donatam.
1292 1931 1396 2006 Item
1413 1929 1494 2006 viee
1511 1955 1622 2006 versa
1640 1929 1671 2006 si
1689 1930 1855 2006 donator
1873 1956 1998 2007 rever·

407 2078 483 2142 sus,
501 2051 579 2128 sive
596 2050 645 2127 ab
661 2051 770 2128 initio
787 2049 957 2126 animum
975 2049 1191 2126 revertendi
1207 2047 1397 2124 habuerit²
1415 2048 1493 2125 sive
1511 2073 1601 2137 non,
1620 2048 1865 2124 donatarium
1884 2049 1997 2125 eiece-

407 2171 470 2260 rit,
491 2170 522 2246 si
542 2168 766 2246 donatarius
786 2168 914 2268 ipsum
934 2167 1065 2244 statim
1086 2165 1218 2244 eicere⁸
1238 2192 1317 2243 non
1337 2167 1471 2266 possit,
1492 2166 1677 2267 competit
1697 2167 1731 2242 ei
1752 2167 1871 2243 assisa
1891 2191 1999 2243 novae

408 2288 612 2365 disseisinae
636 2312 715 2363 non
737 2285 929 2363 obstante‘
954 2286 1084 2385 aliqua
1106 2286 1332 2385 exceptione
1355 2295 1497 2362 tenerae
1522 2285 1676 2362 seisinae.
1704 2286 1871 2362 Prodest
1896 2286 1998 2362 enim

408 2410 603 2508 possidere
623 2406 799 2506 quotiens
821 2431 869 2481 ex
888 2405 1088 2482 voluntate
1109 2404 1189 2482 eius
1211 2405 1260 2480 ad
1282 2429 1396 2503 quem
1417 2430 1477 2480 res
1499 2403 1668 2502 pertinet
1689 2404 1875 2503 possideri
1897 2427 1998 2503 ooep·

406 2535 492 2604 tum
504 2534 574 2615 est,
588 2534 627 2602 et
641 2523 779 2602 suffieit
791 2523 907 2601 semel
920 2523 1084 2600 voluisse
1097 2522 1273 2600 omnibus
1287 2521 1601 2599 concurrentibus
1617 2548 1700 2620 quae
1715 2522 1864 2599 faciunt
1880 2523 1997 2599 dona·

407 2647 552 2722 tionem
569 2644 747 2721 validam.
767 2643 874 2720 Etsi
892 2641 1158 2741 posteaquam⁶
1177 2649 1348 2740 coeptum
1368 2650 1427 2718 est
1445 2640 1631 2740 possideri
1650 2640 1828 2717 voluntas
1848 2640 1928 2719 eius
1948 2640 1999 2716 ad

408 2788 522 2863 quem
536 2788 596 2840 res
612 2761 781 2862 pertinet
796 2761 1005 2850 accesserit,
1021 2761 1109 2838 licet
1124 2760 1233 2836 nulla
1247 2760 1296 2836 ab
1311 2759 1420 2836 initio
1436 2759 1696 2848 intervenerit,
1713 2759 1852 2836 suffieit
1866 2768 1998 2836 tamen

407 2909 456 2958 ex
476 2891 565 2981 post
583 2882 701 2970 facto,
720 2889 760 2957 et
778 2880 959 2980 prodesse
978 2879 1091 2956 debet
1111 2879 1329 2978 possessori.
1351 2878 1455 2955 Item
1475 2879 1506 2955 si
1525 2878 1609 2976 quis
1629 2878 1829 2955 voluntate
1848 2878 1928 2955 eius
1949 2878 1999 2954 ad

408 3026 522 3099 quem
546 3001 714 3099 pertinet
736 2999 930 3099 possidere
952 2998 1123 3097 coeperit,
1146 2996 1320 3096 quamvis
1343 2996 1523 3073 voluntas
1547 2996 1627 3074 eius
1650 3005 1787 3096 postea
1810 3022 1888 3072 non
1912 3022 1997 3095 per·

408 3128 566 3208 sereret,
586 3119 680 3194 nihil
698 3129 809 3195 nocet
829 3117 1049 3216 possessori,
1069 3117 1159 3215 quis
1178 3115 1294 3193 semel
1314 3117 1432 3214 coepit
1451 3141 1499 3192 ex
1519 3114 1719 3192 voluntate
1739 3115 1933 3214 possidere
1953 3123 1999 3191 ut

408 3239 448 3314 in
467 3238 593 3337 primo
613 3262 714 3313 casu.
735 3237 793 3313 Et
813 3237 915 3312 idem
934 3235 1007 3312 erit
1028 3234 1059 3311 si
1079 3234 1180 3311 cum‘
1201 3235 1314 3310 ambo
1335 3260 1359 3310 a
1379 3235 1615 3333 possessione
1635 3235 1870 3321 recesserint,
1892 3234 1999 3310 facta

406 3358 615 3435 traditione
627 3367 666 3434 et
678 3358 830 3433 nemine
841 3357 882 3433 in
894 3355 1131 3455 possessione
1143 3355 1287 3444 relicto,
1302 3355 1434 3432 statim
1447 3380 1622 3431 reversus
1635 3356 1800 3430 donator
1813 3355 1944 3431 mittat
1959 3380 1999 3430 se

407 3478 448 3554 in
462 3476 751 3577 possessionem,
768 3477 799 3553 si
815 3475 1039 3553 donatarius
1056 3501 1229 3552 reversus
1246 3500 1335 3552 eum
1352 3474 1496 3552 statim*
1515 3476 1634 3552 eicere
1650 3501 1729 3553 non
1746 3477 1879 3575 possit,
1898 3501 1998 3552 com·

408 3595 521 3697 petit⁸
539 3596 658 3673 assisa
674 3620 781 3672 novae
799 3595 1003 3672 disseisinae
1020 3595 1233 3673 donatario.

509 3849 690 3943 Qualiter
705 3848 909 3925 omittatur
926 3849 1114 3948 possessio
1134 3849 1336 3948 adquisito.

408 3969 589 4044 Drerum
614 3977 672 4044 est
695 3993 815 4066 supra
838 3967 1003 4068 qualiter
1026 3967 1213 4067 possessio
1236 3969 1449 4045 retineatur
1473 3978 1513 4045 et
1536 3994 1607 4069 per
1631 3993 1727 4068 quas
1751 3995 1935 4068 personas
1960 3978 1999 4045 et

408 4088 574 4187 qualiter
595 4088 819 4166 donatarius
839 4089 898 4164 uti
919 4088 1068 4165 debeat.
1090 4090 1208 4164 Nunc
1230 4098 1360 4166 autem
1381 4089 1598 4166 dicendum⁹
1620 4089 1787 4189 qualiter
1807 4089 2001 4188 adquisita

407 4209 622 4286 amittatur.
648 4210 707 4287 Et
732 4209 928 4286 sciendum
953 4210 1057 4308 quod
1082 4211 1165 4286 fere
1191 4209 1325 4286 eodem
1349 4212 1464 4286 modo
1490 4210 1683 4287 amittitur
1708 4211 1896 4310 possessio
1922 4236 1998 4309 quo

408 4330 636 4429 adquiritur.
656 4331 892 4429 Adquiritur
911 4330 1013 4406 enim
1031 4355 1192 4429 corpore
1212 4339 1250 4407 et
1271 4330 1410 4420 animo,
1431 4340 1471 4407 ct
1490 4356 1569 4406 non
1589 4330 1782 4408 amittitur
1801 4332 1872 4407 nisi
1893 4338 1998 4407 utro·

408 4475 494 4548 que,
514 4449 630 4526 licet²⁰
650 4451 805 4526 retineri
826 4450 948 4549 possit
966 4459 1120 4527 tantum
1141 4451 1280 4540 anim0,
1302 4453 1512 4528 secundum
1532 4453 1635 4550 quod
1657 4453 1832 4551 superius
1854 4451 1999 4529 dictum

408 4577 477 4645 est.
493 4569 551 4646 Et
564 4571 667 4645 unde
680 4595 767 4646 cum
782 4572 866 4669 quis
879 4572 1096 4647 naturalem
1110 4572 1286 4649 habuerit
1300 4572 1577 4672 possessionem
1591 4582 1631 4649 et
1645 4573 1793 4649 civilem
1808 4599 1857 4648 ex
1870 4573 2000 4672 eliqua

407 4785 434 4820 ⁸¹
445 4787 529 4864 licet,
545 4787 619 4861 OA3
635 4787 695 4862 hic,
712 4788 769 4849 LA
775 4809 784 4861 ;
800 4789 866 4864 sed,
880 4789 963 4862 MG;
980 4789 1035 4850 sed
1050 4793 1089 4865 si,
1104 4791 1170 4852 OC.
1209 4788 1235 4823 ³²
1247 4798 1412 4869 competet,
1429 4792 1501 4864 OC;
1518 4799 1682 4869 competet,
1699 4792 1767 4853 OA.
1806 4789 1832 4824 ⁸⁸
1844 4789 1998 4865 habuerit,

410 4887 504 4950 MSS.
527 4910 592 4950 var.
637 4888 666 4922 ⁸⁴
676 4890 824 4964 refertur,
847 4891 916 4965 OB,
940 4893 1022 4964 MB;
1046 4890 1156 4966 refert,
1182 4893 1256 4952 MA,
1302 4891 1455 4969 ⁸¹⁵verum,
1479 4893 1523 4965 V;
1549 4913 1618 4968 om,
1643 4893 1712 4966 OA,
1737 4894 1803 4968 LA,
1828 4893 1896 4967 OC,
1921 4893 1998 4954 MG.

408 4987 435 5023 ⁸⁸
446 5009 581 5068 csuasm,
595 4989 635 5064 V,
649 4990 726 5051 MG.
762 4989 789 5024 ⁸²
802 4997 860 5066 est,
874 4991 944 5067 OB,
959 4991 1036 5066 MA,
1051 4993 1128 5068 ΜΒ,
1143 4991 1210 5068 ΟΕ,
1225 4993 1300 5067 ΟΜ,
1315 4993 1354 5052 Y.

491 5090 624 5167 ²faeist,
646 5092 715 5167 OB,
737 5092 813 5168 MA,
837 5093 913 5168 ΜΒ,
936 5093 1002 5167 ΟΕ,
1025 5095 1100 5169 ΟΜ,
1123 5095 1162 5155 Y.
1207 5092 1349 5168 ²hsbust,
1372 5095 1441 5170 OA,
1464 5095 1531 5170 LA,
1554 5095 1619 5157 OC.
1664 5093 1814 5168 'reicere
1838 5094 1907 5170 OA,
1931 5094 1997 5155 LA

407 5191 574 5255 ⁴obstsnte
593 5192 663 5269 sibi,
681 5194 721 5270 V,
741 5195 817 5256 MG.
859 5192 1058 5273 'postquam
1076 5195 1145 5269 OB,
1166 5195 1242 5270 MA,
1262 5197 1339 5271 ΜΒ,
1358 5197 1433 5269 ΟΜ,
1452 5197 1491 5258 Y.
1533 5194 1670 5272 ‘autem,
1690 5197 1756 5271 LA,
1778 5196 1851 5256 ΜΟ.
1893 5193 1999 5270 lom,

407 5293 477 5369 OB,
491 5296 567 5369 MA,
580 5297 655 5357 ΜΒ.
691 5293 879 5374 ὀοωρεῒεῑ,
892 5297 963 5369 LA;
975 5303 1141 5374 competet,
1154 5297 1213 5358 OA
1229 5297 1325 5374 (corr.
1339 5296 1438 5376 c-et);
1452 5298 1507 5359 sed
1520 5304 1686 5375 competat,
1700 5298 1777 5358 MG.
1813 5295 1999 5358 ⁰dicendum

408 5403 467 5472 est,
485 5396 551 5472 IA,
569 5396 645 5470 ΜΒ,
663 5397 736 5456 ΜΟ.
775 5395 888 5458 ²⁰licet
904 5401 996 5473 enim,
1013 5396 1082 5472 OB,
1100 5396 1177 5472 MA,
1195 5398 1270 5460 ΜΒ.
