4432 6340
656 466 718 527 DE
740 466 1043 539 ADQUIRENDO
1066 467 1223 528 RERUM
1246 467 1449 528 DOMINIO
1772 475 1845 544 241

262 635 302 710 in
322 633 431 710 curia
449 643 583 711 nostra
604 643 781 725 etcetera,
804 635 945 713 clamat
965 635 1188 734 homagium
1209 645 1248 713 et
1271 635 1467 712 servitium
1489 636 1661 734 praedicti
1683 637 1848 714 tenentis

263 751 310 828 de
327 753 461 829 eodem
478 753 604 830 feodo.
623 754 714 842 Quo
730 778 820 830 casu
838 778 926 830 cum
942 753 1031 830 talis
1047 752 1205 842 venerit,
1224 754 1368 852 poterit
1385 779 1498 830 verus
1517 753 1692 830 dominus
1710 753 1848 831 dicere⁸

262 874 365 972 quod
378 872 601 969 homagium
613 881 653 948 et
667 871 866 949 servitium
881 874 930 947 ad
944 873 1073 973 ipsum
1088 873 1280 971 pertineat
1294 871 1426 948 multis
1441 872 1574 948 modis.
1591 872 1733 949 Dicere
1748 873 1849 949 enim

262 991 406 1091 poterit
428 993 531 1091 quod
554 991 604 1067 ad
625 991 754 1090 ipsum
775 991 968 1090 pertineat
989 991 1060 1067 hac
1082 992 1242 1080 ratione,
1266 991 1407 1067 scilicet
1429 991 1520 1090 quia
1541 990 1630 1068 talis
1653 1000 1766 1089 pater
1789 990 1850 1066 vel

260 1119 396 1198 mater,
412 1110 624 1186 avrmculus
639 1109 700 1184 vel
714 1117 934 1199 matertera,
949 1109 1011 1185 vel
1027 1109 1123 1186 alius
1139 1119 1354 1186 antecessor
1369 1109 1457 1186 talis
1472 1109 1638 1186 tenentis
1654 1108 1754 1196 talis,
1772 1109 1850 1186 fuit

260 1227 374 1306 homo
389 1228 478 1305 talis
494 1227 617 1326 patris
632 1228 694 1304 vel
708 1215 1050 1318 matrisavunculi
1066 1228 1128 1304 vel
1143 1237 1369 1317 matertera,
1386 1227 1447 1304 vel
1464 1227 1621 1305 alterius
1638 1235 1849 1304 antecesso-

260 1349 313 1426 ris
326 1347 442 1424 illius⁹
456 1347 600 1424 domini
613 1347 679 1445 qui
692 1356 814 1445 petat,
828 1357 868 1424 et
880 1356 970 1444 post
982 1347 1101 1423 talem
1114 1356 1392 1424 antecessorem
1406 1346 1471 1444 qui
1487 1345 1539 1423 sic
1554 1346 1631 1423 fuit
1645 1346 1687 1421 in
1701 1346 1849 1435 seisina,

261 1467 338 1545 fuit
359 1465 484 1542 alius²⁰
503 1465 592 1542 talis
612 1474 828 1541 antecessor
847 1465 888 1540 in
908 1465 1045 1541 seisina
1066 1465 1114 1542 de
1133 1464 1311 1562 homagio
1333 1475 1372 1542 et
1393 1465 1546 1542 servitio
1567 1464 1740 1563 praedicti
1759 1464 1849 1540 talis

260 1585 321 1662 vel
338 1584 487 1661 heredis
505 1584 564 1660 sui
580 1583 683 1672 talis,
700 1593 739 1660 et
757 1583 809 1659 sic
828 1585 875 1659 de
892 1582 1079 1681 pluribus.
1098 1584 1168 1659 Ad
1187 1608 1270 1682 quae
1289 1584 1520 1682 respondere
1538 1584 1683 1682 poterit
1701 1583 1765 1658 ille
1784 1583 1849 1682 qui

260 1707 514 1784 summonitus
537 1714 596 1782 est
620 1714 660 1781 et
683 1705 859 1803 excipere
883 1705 1013 1782 multis
1038 1705 1172 1793 modis,
1199 1731 1317 1803 quare
1341 1705 1564 1802 homagium
1588 1714 1627 1781 et
1653 1705 1850 1781 servitium

257 1850 336 1901 non
348 1823 569 1922 pertineant
580 1823 631 1900 ad
642 1831 850 1921 petentem,
863 1833 908 1900 ut
921 1823 952 1900 si
963 1823 1194 1900 mutationes
1206 1832 1246 1900 et
1258 1823 1483 1900 donationes
1497 1823 1789 1899 intervenerintt
1804 1832 1849 1900 ut

260 1943 291 2018 si
308 1943 405 2020 tales
425 1949 681 2019 antecessores
699 1941 761 2017 vel
779 1967 912 2018 eorum
930 1941 1086 2018 heredes
1105 1941 1153 2017 de
1172 1941 1309 2040 quibus
1328 1941 1375 2017 fit
1394 1942 1549 2030 mentio,
1570 1950 1776 2040 postquam
1797 1941 1849 2017 sic

259 2070 385 2138 essent
403 2060 445 2136 in
464 2059 602 2136 seisina
619 2069 665 2137 ut
684 2059 911 2158 predictum
931 2068 1001 2148 est,
1022 2059 1268 2136 donationem
1289 2059 1495 2136 fecissent¹²
1516 2059 1577 2135 vel
1597 2060 1847 2157 permutatio-

259 2203 358 2267 nem,
377 2178 439 2255 vel
457 2179 768 2276 recognitionem,
787 2177 849 2254 vel
868 2177 1126 2255 remissionem
1145 2203 1217 2276 per
1235 2178 1477 2254 concordiam
1495 2178 1557 2254 vel
1578 2204 1648 2277 per
1667 2178 1848 2255 iudicium

259 2306 348 2396 post
364 2322 549 2395 magnam
566 2296 725 2374 assisam
741 2294 803 2372 vel
820 2296 1003 2386 duellum,
1020 2296 1081 2373 vel
1099 2297 1202 2396 quod
1221 2297 1318 2373 alius
1335 2297 1424 2373 talis
1443 2320 1482 2373 se
1500 2298 1601 2395 gerit
1620 2321 1692 2396 pro
1710 2297 1848 2372 herede

257 2414 346 2492 talis
364 2415 508 2491 domini
524 2414 712 2513 capitahs,
730 2423 769 2491 et
786 2414 917 2514 quod¹²
934 2415 997 2490 ille
1015 2416 1081 2513 qui
1097 2415 1197 2513 petit
1215 2441 1293 2491 non
1311 2416 1361 2492 sit
1378 2416 1497 2504 heres,
1516 2416 1628 2492 etita
1646 2416 1749 2515 quod
1766 2415 1848 2515 ipse

258 2533 335 2610 iam
358 2534 509 2632 pridem
532 2535 661 2632 ipsum
683 2533 937 2632 implacitavit
961 2559 1031 2632 per
1054 2533 1160 2609 aliud
1185 2532 1298 2610 breve
1323 2536 1371 2610 de
1396 2534 1557 2610 servitiis
1583 2544 1622 2611 et
1646 2542 1847 2611 consuetu·

258 2651 427 2728 dinibus:
447 2659 486 2728 et
504 2659 636 2750 petere
654 2652 799 2751 poterit
817 2650 1011 2740 iudicium,
1032 2651 1062 2728 si
1083 2652 1132 2727 de
1149 2677 1229 2729 una
1247 2660 1287 2729 et
1305 2652 1439 2728 eadem
1459 2678 1500 2728 re
1520 2652 1657 2730 debeat
1676 2652 1789 2729 simul
1809 2660 1848 2728 et

258 2772 373 2849 semel
395 2771 544 2848 duobus
565 2771 808 2869 respondere.
830 2770 888 2846 Et
909 2769 962 2846 sic
982 2771 1173 2868 cumipse
1194 2778 1329 2870 petens
1351 2795 1423 2868 per
1443 2770 1624 2847 iudicium
1646 2796 1847 2869 recupera-

257 2891 367 2979 verit,
390 2889 535 2988 poterit
558 2890 639 2987 ipse
661 2899 796 2965 tenens
819 2914 890 2987 per
911 2887 1093 2964 iudicirnn
1116 2889 1290 2964 recedere
1312 2887 1361 2963 de
1383 2887 1453 2965 tali
1475 2889 1664 2986 homagio.
1689 2889 1754 2966 De
1777 2889 1848 2967 tali

256 3009 419 3086 materia
441 3007 589 3084 habetis
613 3005 661 3083 de
685 3007 850 3083 termino
877 3006 1010 3083 Sancti
1035 3005 1197 3082 Hillarii
1223 3030 1325 3082 anno
1349 3005 1478 3104 regis¹⁸
1505 3006 1670 3083 Henrici
1696 3006 1846 3095 sext0‚²⁴

256 3127 441 3203 comitatu
464 3126 667 3215 Dorsetiae,
690 3126 739 3202 de
761 3126 893 3202 Alano
917 3127 965 3202 de
990 3128 1134 3203 Sancto
1158 3125 1370 3223 Georgi0,²⁵
1395 3124 1521 3202 ratio²⁸
1546 3126 1741 3226 petendi.¹⁷
1769 3127 1847 3204 Sed

257 3247 360 3344 quod
375 3270 455 3321 non
471 3245 647 3322 dominus
664 3245 896 3321 summoneri
914 3245 1062 3334 debeat,
1079 3253 1124 3320 ut
1140 3245 1367 3343 pradictum
1384 3253 1443 3321 est
1459 3246 1500 3321 in
1516 3246 1717 3344 principio,
1733 3245 1846 3323 habe·

255 3365 305 3442 tis
322 3364 370 3441 de
386 3365 551 3442 termino
570 3363 703 3440 Sancti
720 3362 906 3438 Michaelis
924 3388 1026 3439 anno
1043 3363 1145 3461 regis
1163 3363 1329 3440 Henrici
1346 3389 1448 3439 nono
1465 3364 1670 3463 incipiente
1688 3365 1845 3454 decimo,

256 3483 441 3559 comitatu
459 3481 620 3570 Cantiae,
640 3483 687 3557 de
707 3480 875 3558 Isabella
892 3483 939 3556 de
958 3481 1131 3558 Hotot.²⁸
1151 3484 1252 3560 Cum
1271 3491 1401 3558 autem
1419 3492 1554 3559 tenens
1573 3509 1707 3560 verum
1726 3484 1846 3559 domi·

256 3627 350 3676 num
364 3626 477 3677 suum
491 3601 783 3677 deadvocaverit
797 3601 839 3674 in
851 3599 990 3675 iudicio
1005 3609 1049 3676 ut
1064 3599 1290 3698 predictum
1306 3611 1375 3691 est,
1391 3609 1431 3675 et
1446 3627 1524 3676 non
1540 3601 1695 3676 domino
1711 3601 1845 3678 fecerit

254 3719 477 3817 homagium
493 3728 532 3794 et
550 3717 758 3806 servitium,
776 3742 864 3794 cum
881 3717 1037 3794 omnino
1055 3717 1253 3795 dominrnn
1271 3745 1383 3795 suum
1401 3720 1703 3808 deadvocaverit,
1723 3729 1845 3796 verte·

255 3847 321 3913 tur
337 3837 524 3936 placitum
541 3837 642 3913 inter
657 3837 785 3934 ipsum
802 3861 936 3911 verum
953 3836 1151 3912 dominum
1168 3845 1206 3912 et
1223 3847 1420 3913 tenentem
1437 3863 1560 3914 suum.
1580 3838 1638 3915 Et
1656 3839 1759 3915 unde
1776 3839 1845 3915 im-

255 3957 389 4055 primis
409 3956 618 4033 videndum
637 3965 770 4033 utrum
793 3956 969 4032 dominus
990 3965 1082 4052 agat
1103 3981 1174 4054 per
1194 3956 1309 4032 breve
1329 3957 1377 4034 de
1399 3957 1560 4033 servitiis
1583 3968 1622 4035 et
1643 3968 1844 4035 consuetu·

256 4075 419 4164 dinibus,
433 4075 495 4151 vel
510 4100 582 4173 per
596 4075 709 4150 breve
725 4075 827 4172 quod
842 4074 931 4151 talis
949 4073 1068 4150 faciat
1084 4075 1118 4150 ei
1134 4073 1356 4172 homagium
1372 4085 1410 4152 et
1427 4075 1634 4152 servitium.
1655 4076 1697 4153 Si
1715 4087 1845 4154 autem

255 4218 325 4291 per
342 4193 458 4269 breve
475 4193 522 4268 de
541 4192 703 4269 servitiis
722 4201 761 4269 et
779 4192 1128 4280 consuetudinibus
1147 4201 1240 4268 tunc
1260 4192 1382 4269 refert
1401 4204 1535 4270 utrum
1555 4195 1730 4271 dominus
1751 4205 1844 4293 agat

255 4336 372 4409 super
384 4311 470 4410 ipso
484 4311 567 4387 iure
580 4309 641 4386 vel
655 4335 772 4410 super
786 4309 923 4386 seisina
937 4309 1105 4408 homagii
1120 4319 1159 4387 et
1175 4310 1329 4400 servitii,
1347 4310 1487 4389 scilicet
1503 4322 1636 4388 utrum
1650 4314 1842 4390 continea-

253 4439 319 4505 tur
340 4430 382 4504 in
403 4429 518 4505 breve
541 4429 645 4526 quod
667 4428 787 4504 faciat
810 4427 843 4503 ei
865 4427 1159 4504 consuetudines
1182 4437 1221 4503 et
1244 4438 1349 4506 recta
1372 4429 1527 4506 servitia
1549 4456 1633 4530 quae
1656 4432 1690 4508 ei
1716 4432 1844 4509 facere

253 4545 367 4624 debet
383 4556 422 4623 et
438 4545 545 4634 solet,
561 4544 650 4622 vel²⁹
664 4553 820 4622 tantum
836 4543 947 4645 quae²⁰
964 4545 1091 4622 facere
1107 4545 1242 4634 solet,²²
1259 4544 1347 4622 vel²²
1363 4555 1518 4624 tantum
1535 4573 1619 4647 quae
1636 4551 1670 4626 ei
1688 4549 1843 4626 facere²⁸

253 4663 406 4742 debet.¹‘
430 4663 472 4740 Si
491 4672 622 4740 autem
641 4688 758 4761 super
775 4663 861 4764 ipso
880 4664 974 4754 iure,
995 4663 1270 4763 qualecumque
1290 4665 1340 4743 sit
1361 4665 1486 4757 breve,
1507 4676 1546 4744 et
1566 4666 1645 4744 sive
1666 4669 1842 4747 dominus

253 4881 398 4956 ‘docere
425 4880 493 4955 OA,
520 4881 587 4956 LA,
615 4880 681 4942 OC.
730 4878 863 4957 'ipsius
890 4880 930 4954 V,
958 4880 1038 4952 CM;
1066 4880 1150 4953 talis,
1178 4881 1255 4942 MG.
1305 4878 1438 4957 ²⁰lllius,
1466 4881 1536 4956 OB,
1564 4884 1640 4958 MA,
1671 4885 1746 4959 ΜΒ,
1776 4886 1842 4960 CE,

253 4982 330 5044 MG.
376 4980 496 5058 ²²Om,
519 4981 590 5058 OB,
614 4979 691 5057 MA,
716 4980 792 5043 ΜΒ.
837 4978 957 5056 ²²0m,
981 4980 1052 5056 OB,
1078 4980 1154 5058 MA,
1181 4983 1255 5044 ΜΒ.
1303 4981 1330 5016 ²⁸
1341 4986 1431 5062 regni
1457 4988 1551 5064 regia,
1577 4986 1645 5062 OC,
1671 4987 1738 5064 LA,
1764 4988 1840 5050 MG,

252 5081 279 5118 ²⁴
290 5089 409 5159 octavo,
431 5083 506 5156 0A;
529 5086 672 5162 septimo,
695 5081 778 5156 MG;
802 5081 929 5159 decimo,
953 5082 1018 5144 OC.
1064 5080 1090 5117 ²⁶
1103 5081 1267 5162 Gregorio,
1290 5084 1357 5160 LA,
1381 5085 1454 5147 MC.
1501 5083 1566 5120 ²⁰¹¹*
1577 5107 1642 5148 rem
1666 5088 1841 5167 petendam,

253 5184 331 5260 MG,
351 5185 397 5258 V3
418 5191 536 5246 rectum
557 5182 694 5262 petendi,
716 5182 782 5245 OC.
826 5182 977 5259 ²⁸Hotot‚
998 5183 1038 5258 V,
1060 5184 1129 5259 OA,
1151 5185 1220 5262 OB,
1242 5185 1309 5262 LA,
1332 5185 1407 5261 MC,
1430 5187 1497 5263 OC,
1521 5188 1566 5261 Y;
1590 5183 1735 5265 Hocluh,
1758 5193 1840 5264 ΜΛ,

251 5284 382 5360 Botoeh,
396 5286 478 5360 MB3
492 5283 638 5360 Hotoch„
652 5285 733 5359 CM3
748 5284 880 5361 Hototh,
896 5285 978 5359 MG;
993 5285 1122 5363 Hotoh.,
1137 5286 1203 5348 ΟΕ.
1238 5284 1304 5321 ¹¹¹¹¹
1316 5287 1397 5363 Om,
1413 5287 1490 5362 MG,
1507 5288 1580 5351 CM.
1618 5288 1645 5324 ¹⁰
1656 5290 1747 5370 quod,
1765 5293 1841 5368 MA,

252 5388 327 5450 ΜΒ.
370 5385 528 5463 ²²·²⁸0m.,
547 5387 614 5450 OC.
655 5384 722 5420 ¹¹⁴⁴
733 5387 814 5462 Om,
834 5384 904 5460 OA,
924 5387 994 5464 OB,
1015 5387 1091 5462 MA,
1113 5387 1189 5464 ΜΒ,
1211 5386 1278 5464 CE,
1300 5387 1339 5464 Y,
1360 5389 1428 5463 LA,
1449 5390 1523 5465 CM,
1545 5391 1618 5452 MC.
