4432 6336
652 507 713 568 DE
736 507 1039 580 ADQUlRENDO
1061 507 1220 569 RERUM
1243 509 1445 570 DOMINIO
1774 517 1847 584 143

255 657 395 735 habeat
410 656 585 758 capitalis
603 657 779 734 dominus
796 657 866 735 sibi
883 657 957 759 ipsi
974 658 1194 758 imputare²⁸
1211 659 1356 760 poterit
1373 660 1477 758 quod
1494 660 1740 738 donationem
1758 686 1846 738 con·

255 786 320 853 tra
342 776 632 854 conventionem
655 777 800 854 factam
824 802 895 876 per
917 786 1072 854 tantum
1095 788 1250 877 tempus
1275 777 1568 855 dissimulavit.¹'
1596 778 1688 870 <Si
1713 789 1847 857 tenens

255 920 363 972 meus
382 895 629 972 donationem
648 894 795 983 fecerit,
815 895 999 994 quaritur
1017 898 1078 973 cui
1098 895 1221 972 facit²⁸
1241 897 1431 974 iniuriam.
1454 898 1548 973 Non
1569 898 1735 988 domino,
1757 897 1847 997 quia

256 1012 461 1090 dominus²⁹
483 1013 597 1090 habet
621 1013 807 1113 quidquid
830 1014 998 1113 pertinet
1022 1017 1071 1091 ad
1094 1016 1234 1114 ipsum,
1257 1026 1296 1093 et
1319 1023 1581 1093 tenementum
1604 1016 1846 1115 obligatum⁸⁰

256 1139 295 1206 et
317 1139 531 1221 oneratum,
553 1133 739 1232 quidquid
762 1133 939 1211 dicatur³¹
962 1144 1001 1211 et
1024 1135 1074 1211 ad
1097 1158 1373 1233 quemcumque
1397 1135 1625 1233 pervenerit.
1651 1137 1755 1213 Item
1777 1160 1848 1213 nec

256 1252 455 1342 feoffatus,
469 1251 559 1352 quia
572 1252 665 1328 nihil
678 1254 728 1328 ad
742 1252 947 1351 capitalem
959 1253 1157 1330 dominum
1170 1254 1400 1352 quicumque
1413 1254 1573 1330 feodum
1588 1279 1701 1330 suum
1715 1264 1846 1332 tenue-

256 1371 319 1459 rit,
340 1395 429 1448 cum
448 1381 583 1448 tenens
606 1371 655 1448 sit
676 1380 810 1448 tenens
833 1396 924 1448 suus
945 1371 1119 1470 quamvis
1140 1398 1211 1471 per
1232 1372 1413 1449 medium.
1437 1373 1542 1449 Item
1563 1373 1594 1449 si
1618 1373 1720 1449 dieat
1743 1373 1847 1472 qnod

256 1488 395 1568 iniuste
409 1491 604 1588 ingressus
620 1489 697 1566 sit⁸²
713 1490 872 1566 feodum
889 1516 1012 1579 suum,
1030 1489 1147 1588 quia⁸⁸
1164 1500 1317 1567 nonest
1334 1491 1493 1568 feodum
1511 1490 1652 1568 suum⁸‘
1667 1491 1709 1568 in
1726 1492 1846 1574 domi·

256 1608 341 1686 nico
357 1610 424 1686 sed
438 1609 604 1686 tenentis
620 1607 733 1696 illius,
750 1618 788 1686 et
803 1609 980 1685 dominus
996 1609 1089 1684 nihil
1104 1609 1219 1685 habet
1235 1609 1275 1685 in
1292 1609 1407 1686 feodo
1423 1609 1496 1688 nisi
1512 1610 1720 1700 servitium,
1739 1620 1778 1687 et
1794 1611 1847 1687 sic

255 1727 328 1804 erit
345 1727 504 1804 feodum
519 1727 686 1805 tenentis
701 1728 743 1803 in
759 1726 949 1804 dominico
965 1737 1004 1804 et
1021 1728 1180 1804 feodum
1198 1727 1341 1804 domini
1358 1729 1399 1804 in
1416 1728 1581 1806 servitio.
1600 1729 1658 1805 Et
1677 1729 1708 1804 si
1726 1730 1845 1806 domi·

255 1870 328 1922 nus
346 1844 585 1945 prohibuerit
602 1872 651 1922 ne
668 1854 804 1922 tenens
820 1846 1061 1923 voluntatem
1080 1871 1188 1923 suam
1207 1846 1327 1923 faciat
1347 1847 1395 1923 de
1413 1856 1633 1924 tenemento
1652 1873 1721 1924 suo
1742 1849 1846 1946 quod

255 1974 362 2042 tenet
379 1967 419 2040 in
436 1965 637 2054 dominico,
655 1964 708 2042 sic
725 1963 873 2040 intrat⁸⁸
892 1964 1069 2042 dominus
1089 1965 1129 2040 in
1146 1973 1409 2042 tenementum
1427 1965 1594 2042 tenentis
1614 1966 1672 2042 sui
1691 1975 1730 2042 et
1750 1966 1846 2043 facit

256 2082 503 2173 disseisinam,
524 2083 596 2160 nisi
615 2083 753 2159 modus
773 2082 833 2160 vel
854 2083 1024 2160 condicio
1044 2084 1084 2158 in
1105 2083 1191 2182 ipsa
1210 2083 1417 2160 donatione
1438 2083 1588 2160 adiecta
1607 2083 1712 2161 aliud
1733 2085 1844 2161 indu·

255 2202 357 2293 cat,⁸⁸
381 2227 469 2278 cum
493 2202 652 2301 quilibet
675 2202 797 2301 possit
821 2201 1081 2279 condicionem
1104 2211 1144 2278 et
1169 2202 1327 2279 modum
1353 2228 1549 2302 apponere
1573 2204 1614 2279 in
1639 2203 1846 2280 donatione

256 2350 336 2412 sua,
349 2333 391 2401 et
403 2322 529 2421 legem
543 2347 627 2422 quae
642 2347 794 2422 semper
807 2320 1082 2397 observabitur.
1100 2321 1277 2398 Feodum
1292 2347 1383 2397 vero
1398 2319 1569 2397 domini⁸⁷
1586 2330 1644 2398 est
1658 2319 1726 2398 id⁸⁸
1742 2320 1845 2420 quod

255 2441 477 2540 homagium
493 2450 531 2518 et
547 2439 745 2519 servitium
761 2450 800 2517 et
816 2465 894 2516 non
910 2447 1173 2517 tenementum
1188 2439 1230 2515 in
1246 2440 1445 2516 dominico.
1465 2441 1522 2517 Et
1539 2440 1625 2516 ideo
1642 2441 1708 2539 qui
1724 2441 1846 2517 intrat

255 2563 296 2639 in
310 2562 532 2660 homagium
547 2569 587 2637 et
601 2559 799 2637 servitium
815 2585 927 2636 suum
943 2558 1038 2635 facit
1055 2558 1089 2634 ei
1105 2557 1295 2646 iniuriam,
1312 2568 1351 2635 et
1368 2584 1447 2634 non
1463 2559 1528 2657 qui
1545 2559 1667 2636 intrat
1683 2559 1724 2635 in
1740 2569 1844 2636 tene-

253 2691 440 2771 mentum,
457 2681 561 2780 quod
575 2689 710 2758 tenens
727 2704 818 2755 suus
834 2686 941 2755 tenet
956 2677 997 2752 in
1012 2677 1213 2764 dominico,
1229 2687 1274 2753 ut
1292 2702 1411 2775 supra
1427 2678 1573 2754 dictum
1590 2682 1708 2768 est>
1728 2678 1844 2754 Vide-

254 2809 321 2877 tur
336 2800 457 2899 igitur
475 2825 524 2876 ex
542 2796 744 2897 praemissis
763 2797 866 2896 quod
884 2821 971 2872 cum
989 2796 1147 2872 donatio
1165 2796 1272 2872 facta
1289 2821 1312 2872 a
1331 2794 1485 2872 domino
1504 2822 1573 2872 suo
1591 2797 1739 2873 tenenti
1757 2822 1844 2895 per·

255 2920 360 2996 fecta
374 2918 434 3007 sit,
450 2918 569 2994 libera
584 2925 624 2993 et
638 2941 738 3015 pura
752 2925 791 2992 et
806 2939 885 2992 non
900 2913 1168 2991 condicionalis
1184 2938 1254 2990 nec
1271 2913 1428 3002 servilis,
1445 2914 1535 3012 quia
1551 2916 1686 2990 exhor
1702 2940 1781 2990 non
1798 2916 1844 2991 fit

254 3038 409 3116 domino
430 3035 570 3113 iniuria
591 3034 622 3112 si
643 3043 777 3112 tenens
798 3032 961 3110 ulterius
981 3032 1142 3120 dederit,
1165 3057 1213 3108 ex
1234 3033 1305 3108 hoc
1326 3032 1428 3110 enim
1450 3032 1627 3131 provenit
1650 3031 1789 3109 iniuria
1812 3033 1843 3110 si

254 3168 390 3236 contra
414 3158 572 3235 modum
598 3154 659 3232 vel
686 3155 987 3231 conventionem.
1017 3154 1075 3230 Et
1102 3154 1206 3230 unde
1234 3155 1488 3230 necessarium
1517 3163 1575 3231 est
1601 3153 1730 3230 videre
1759 3179 1843 3252 quae

254 3281 410 3357 donatio
433 3279 483 3355 sit
504 3277 624 3354 libera
646 3285 686 3353 et
709 3302 820 3375 pura,
843 3284 883 3352 et
906 3301 989 3374 quae
1013 3274 1281 3352 condicionalis
1307 3275 1516 3352 secundum
1540 3277 1643 3374 quod
1667 3275 1843 3374 superius

254 3400 495 3488 dictumest,
522 3407 561 3476 et
587 3421 671 3497 quae
697 3397 872 3474 servituti
898 3395 1111 3495 supposita,
1138 3394 1313 3472 videlicet
1340 3396 1444 3495 quod
1471 3396 1695 3472 donatarius
1723 3395 1842 3472 faciat

253 3520 314 3598 vel
330 3546 379 3596 ne
396 3521 429 3597 ei
447 3520 574 3596 facere
590 3518 714 3594 liceat.
731 3518 796 3595 De
813 3518 884 3593 hoc
902 3525 1031 3592 autem
1049 3517 1153 3615 quod
1171 3516 1263 3593 dicit
1280 3515 1412 3604 libera,
1429 3525 1584 3615 oportet
1602 3517 1731 3594 videre
1750 3516 1843 3615 quid

254 3641 303 3718 sit
319 3640 488 3730 libertas,
506 3638 626 3738 quid⁸⁰
645 3638 819 3727 servitus
839 3647 883 3714 ut
903 3636 989 3714 sciri
1007 3637 1130 3735 possit
1149 3637 1350 3736 quidinde
1369 3647 1563 3736 sequatur.
1585 3637 1692 3727 Quid
1713 3646 1843 3714 autem

253 3760 419 3850 sitdare,
433 3761 525 3837 satis
538 3759 755 3836 dictumest
769 3783 899 3857 supra.
915 3759 992 3834 Est
1007 3757 1163 3834 autem⁴⁰
1178 3758 1335 3835 libertas
1349 3759 1537 3835 naturalis
1552 3758 1719 3834 facultas
1734 3757 1842 3835 eius‘²

253 3883 356 3979 quod
373 3880 538 3980 cuique‘²
555 3883 684 3956 facere
701 3878 794 3957 libet
811 3880 914 3978 quod
932 3878 1109 3968 voluerit,
1127 3879 1199 3955 nisi
1218 3881 1321 3977 quod
1341 3877 1450 3954 iure⁴³
1468 3879 1530 3955 vel
1548 3879 1586 3954 vi
1605 3878 1841 3978 prohibetur.

254 4003 429 4079 Servitus
446 4010 576 4078 autem
594 4001 667 4076 dici
684 4001 828 4100 poterit
845 3999 1092 4088 contrarium,
1110 3999 1183 4076 ut⁴⁴
1201 4001 1231 4075 si
1249 4009 1384 4076 contra
1400 4000 1645 4076 libertatem⁴⁵
1664 4007 1844 4076 teneatur

252 4122 337 4221 quis
354 4149 404 4199 ex
423 4123 673 4200 conventione
693 4121 836 4220 aliquid
856 4121 984 4198 facere
1002 4122 1063 4196 vel
1083 4147 1131 4198 ne
1151 4121 1281 4198 faciat.
1303 4122 1405 4204 Cum
1425 4121 1545 4219 igitur
1565 4122 1722 4197 donatio
1742 4146 1843 4220 pura

253 4243 303 4321 sit
319 4252 358 4321 et
376 4243 551 4343 perfecta
568 4243 648 4320 sine
666 4243 885 4319 condicione
902 4243 963 4318 vel
983 4241 1167 4319 servitute
1185 4242 1376 4341 imposita,
1397 4241 1470 4318 dici
1489 4242 1633 4340 poterit
1651 4241 1782 4330 libera,
1802 4252 1841 4318 et

252 4390 340 4441 cum
359 4365 516 4441 donatio
537 4390 618 4441 rem
638 4364 758 4441 faciat
779 4364 998 4463 accipientis
1020 4372 1059 4440 et
1080 4363 1307 4451 sit⁴⁶1ibera,
1329 4373 1369 4440 et
1389 4389 1437 4438 ex
1458 4362 1636 4438 libertate
1658 4371 1842 4460 sequatur

252 4486 355 4583 quod
372 4485 596 4562 donatarius
614 4487 662 4563 de
679 4512 720 4562 re
738 4486 831 4562 data
848 4485 975 4561 facere
993 4485 1115 4584 possit
1133 4485 1236 4583 qnod
1254 4483 1429 4573 voluerit,
1448 4484 1479 4561 si
1497 4509 1579 4561 rem
1597 4483 1757 4561 ulterius
1777 4484 1840 4560 de·

252 4605 352 4681 derit
368 4605 523 4683 domino
541 4631 610 4682 suo
627 4631 706 4682 non
722 4604 927 4682 iniuriatur
944 4630 1032 4683 cum
1048 4614 1176 4683 totum
1191 4605 1368 4681 habuerit
1387 4606 1489 4704 quod
1509 4606 1559 4682 ad
1577 4605 1704 4704 ipsum
1724 4605 1841 4704 perti·

251 4820 278 4854 ²⁸
288 4825 447 4901 imputari,
462 4823 502 4899 V,
518 4824 585 4899 OC,
602 4823 677 4884 ΜΒ.
716 4821 742 4857 ¹²
754 4821 1002 4896 dissimulaverit,
1019 4823 1058 4897 V,
1074 4824 1144 4899 OB,
1161 4823 1237 4896 ΜΒ,
1255 4823 1331 4884 MG.
1370 4821 1397 4857 ¹⁸
1408 4822 1517 4899 faciat,
1533 4824 1573 4899 V,
1591 4824 1666 4898 MA,
1684 4823 1756 4894 cE;
1775 4822 1841 4896 fiat,

251 4923 319 4984 OB.
364 4921 581 4986 ²⁹'⁸⁰dominus
606 4922 784 5002 quidquid.
808 4970 816 4984 .
839 4969 847 4985 .
869 4932 902 4985 et
923 4930 1130 4985 tenementum
1153 4923 1247 4985 habet
1270 4923 1451 5002 obligatum,
1476 4925 1545 5000 OB,
1571 4926 1647 5000 MA,
1672 4926 1748 4999 MB,
1773 4925 1839 4986 ΟΕ.

251 5020 276 5056 ³¹
288 5021 410 5084 dicatur
426 5023 465 5084 de
483 5043 681 5101 quocumque,
696 5023 766 5098 OB,
783 5025 859 5098 ΜΒ,
877 5025 944 5086 MA
964 5024 1091 5104 (corn).
1130 5023 1156 5058 ⁸²
1168 5031 1226 5098 est,
1244 5026 1283 5100 V,
1302 5025 1367 5085 ΟΕ.
1408 5025 1473 5059 ⁸⁸⁸⁸⁸
1485 5026 1565 5099 Om,
1583 5027 1652 5102 OB,
1671 5027 1748 5103 ΜΒ,
1766 5027 1839 5100 ΟΜ.

251 5120 277 5156 ⁸⁸
289 5126 357 5198 init,
375 5124 444 5197 OB,
463 5125 538 5184 ΜΒ.
578 5123 604 5158 ³⁸
615 5123 743 5200 indicat,
762 5126 828 5199 LA,
847 5127 910 5187 MC
934 5125 1029 5202 (corr.
1048 5125 1211 5204 lnducat);
1230 5126 1358 5200 inducit,
1379 5128 1451 5187 CM.
1492 5126 1656 5204 ⁸⁷dictum,
1675 5127 1742 5205 OC,
1762 5128 1840 5203 MG,

251 5223 463 5297 CM;domini
478 5224 604 5298 dictum,
619 5224 657 5284 V.
697 5224 724 5259 ³⁸
735 5225 824 5301 illud,
840 5228 917 5302 MA,
934 5229 1008 5289 ΜΒ.
1047 5225 1074 5261 ³⁹
1085 5234 1118 5288 et
1133 5227 1218 5306 quid,
1235 5227 1302 5303 OC,
1320 5229 1397 5304 MG,
1416 5229 1488 5289 ΟΜ.
1528 5229 1555 5264 ⁴⁰
1567 5233 1658 5305 enim,
1675 5232 1744 5307 OB,
1764 5231 1840 5306 ΜΒ,

251 5324 325 5384 MA
364 5323 389 5357 ⁴²
402 5328 441 5400 ei,
457 5325 526 5399 OB,
543 5326 620 5399 MA,
637 5326 712 5399 ΜΒ,
730 5326 796 5401 ΟΕ,
814 5328 886 5388 ΜΟ.
925 5327 1023 5405 ⁴²cui,
1040 5329 1109 5402 OB,
1127 5330 1202 5402 MA,
1222 5330 1296 5390 ΜΒ.
1336 5328 1413 5392 ”de
1430 5335 1507 5407 iure,
1526 5333 1565 5405 V,
1583 5333 1650 5408 OC,
1669 5333 1746 5407 MG,
1765 5335 1839 5395 ΟΜ.

250 5421 316 5456 ⁴⁹⁴⁶
327 5432 362 5484 nt
380 5444 475 5504 supra
491 5423 677 5502 libertatem,
695 5425 772 5500 MG,
790 5427 863 5487 ΟΜ.
902 5427 929 5461 ⁴⁸
941 5436 998 5505 est,
1016 5430 1085 5506 OB,
1103 5431 1179 5503 MA,
1197 5433 1278 5504 MB;
1297 5431 1342 5507 fit,
1360 5433 1397 5494 V.
