4432 6336
383 451 455 520 126
914 443 1135 505 BRACTON:
1158 442 1219 503 DE
1242 442 1434 505 LEGIBUS

379 602 471 681 tem,
485 618 564 670 non
579 593 652 671 erit
668 593 829 672 ulterius
845 594 1094 694 quarendum
1109 595 1141 672 si
1157 593 1381 671 donatarius
1397 593 1438 669 in
1454 591 1583 690 aliqua
1599 600 1712 691 parte
1728 619 1821 669 usus
1840 594 1970 682 luerit,

380 715 470 812 quia
491 712 594 790 ista¹⁴
614 712 808 813 inquisitio
830 738 911 790 esse
932 712 1155 790 debetcum
1178 711 1402 790 donatarius
1424 738 1473 788 ex
1495 737 1541 788 ea
1563 711 1656 787 nihil
1679 710 1820 789 debet²⁸
1841 737 1970 790 conse-

381 832 457 932 qui.
480 833 539 910 Et
562 857 714 932 semper
733 832 942 911 videndum
963 841 1023 910 est
1045 857 1128 932 quae
1151 831 1200 909 sit
1222 857 1283 908 res
1306 830 1530 930 principalis
1553 856 1638 930 quae
1661 831 1766 909 venit
1789 832 1830 907 in
1851 831 1970 908 dona-

379 951 534 1042 tionem,
557 960 690 1029 utrum
711 951 886 1029 videlicet
907 962 1024 1041 terra,
1049 950 1207 1041 fundus,
1230 951 1291 1028 vel
1312 950 1537 1039 manerium,
1560 949 1621 1026 vel
1644 951 1792 1040 domus,
1814 960 1854 1029 et
1877 961 1970 1028 tunc

379 1071 502 1171 qualis
519 1072 657 1150 debeat
673 1097 754 1149 esse
770 1071 929 1149 traditio
947 1079 986 1147 et
1003 1071 1125 1169 qualis
1142 1075 1294 1160 usus>
1316 1070 1420 1146 Item
1436 1094 1507 1146 nec
1524 1068 1694 1169 expletia
1711 1093 1861 1169 capere,
1881 1071 1971 1170 quia

378 1189 552 1267 nondum
574 1191 729 1268 advenit
753 1200 906 1290 tempus
929 1191 1109 1267 messium
1132 1214 1255 1288 neque
1279 1189 1568 1265 vindemiarum.
1596 1189 1639 1265 Si
1663 1198 1794 1267 autem
1817 1190 1969 1267 fructus

378 1336 457 1386 non
470 1320 642 1388 maturos
657 1309 872 1409 perceperit
886 1310 947 1385 vel
962 1308 1116 1384 arbores
1131 1307 1396 1407 prostraverit,
1412 1308 1487 1384 ista
1500 1332 1578 1384 non
1594 1308 1735 1386 debent
1751 1308 1824 1383 dici
1840 1310 1969 1408 exple·

378 1431 445 1519 tia,
466 1455 555 1506 cum
576 1429 653 1506 sint
674 1429 803 1528 potius
825 1429 875 1504 ad
896 1430 1082 1505 damnum
1103 1451 1220 1526 quam
1243 1428 1292 1502 ad
1313 1428 1567 1503 commodum.
1593 1427 1706 1503 Idem
1729 1427 1802 1505 dici
1826 1429 1969 1527 poterit

378 1550 427 1626 de
442 1557 559 1648 pastu
575 1547 735 1647 pecoris,
751 1545 882 1646 quod²⁸
899 1546 1037 1624 sufficit
1053 1545 1181 1645 quoad
1198 1545 1374 1622 seisinam
1391 1546 1494 1644 quod
1511 1546 1596 1645 quis
1613 1543 1754 1623 habeat
1771 1557 1969 1646 aspectum

377 1677 418 1744 et
435 1667 654 1767 possidendi
672 1666 869 1754 affectrrm,
888 1665 1061 1764 quamvis
1079 1665 1211 1742 statim
1229 1664 1373 1763 peeus¹'
1391 1689 1469 1741 non
1487 1665 1683 1754 immittat,
1702 1664 1818 1743 etiam
1837 1691 1968 1744 secun-

378 1787 470 1863 dum
486 1810 690 1863 numerum
708 1784 891 1863 debitum.
911 1785 1013 1861 Item
1032 1785 1063 1860 si
1080 1783 1239 1861 traditio
1257 1809 1336 1859 non
1354 1784 1595 1872 interveniat,
1615 1782 1780 1861 sufficit¹⁸
1798 1810 1872 1884 pro
1889 1794 1967 1862 tra·

378 1904 521 1981 ditione
539 1905 666 2003 quoad
684 1903 861 1981 saisinam
878 1912 919 1981 et
936 1904 1099 1980 liberum
1116 1909 1380 1979 tenementum
1398 1903 1517 2000 longa
1535 1902 1672 1979 saisina
1691 1911 1730 1980 et
1749 1903 1910 2002 pacifica
1929 1915 1969 1981 et

377 2024 516 2122 longus
538 2049 642 2113 usus,
664 2023 837 2122 quamvis
859 2023 901 2098 in
921 2049 963 2098 re
984 2021 1119 2099 aliena.
1142 2021 1204 2099 Ut
1226 2023 1257 2098 si
1279 2022 1364 2120 quis
1386 2021 1602 2120 ingressum
1624 2022 1800 2101 habuerit
1823 2023 1864 2098 in
1887 2049 1968 2100 rem

376 2167 538 2219 vacuam
552 2152 591 2220 et
604 2168 629 2217 a
640 2140 749 2218 nullo
763 2166 988 2241 possessam,
1004 2141 1101 2216 sicut
1116 2139 1157 2216 in
1171 2139 1423 2216 hereditatem
1437 2165 1517 2217 non
1532 2139 1717 2229 aditam,²⁰
1731 2141 1851 2240 longa
1866 2143 1968 2219 enim

377 2261 564 2360 possessio
585 2259 723 2336 sufficit
744 2285 816 2359 pro
836 2259 1055 2348 traditione,
1077 2269 1117 2337 et
1137 2259 1333 2358 paritius.
1357 2261 1461 2336 Item
1482 2284 1570 2337 cum
1592 2261 1826 2359 precesserit
1849 2263 1966 2338 dona·

375 2379 443 2468 tio,
466 2388 505 2456 et
527 2379 751 2456 donatarius
772 2379 933 2478 propria
954 2378 1184 2455 auctoritate
1205 2379 1286 2455 sine
1308 2380 1494 2456 donatore
1517 2378 1578 2456 vel
1600 2380 1681 2456 eius
1705 2391 1966 2479 procuratore,

376 2498 437 2576 vel
454 2498 534 2575 sine
549 2496 714 2574 litteris⁸⁰
730 2506 770 2574 et
785 2498 921 2574 nuntio
938 2522 980 2574 se
995 2496 1168 2596 posuerit
1183 2497 1224 2573 in
1240 2496 1417 2574 saisinam
1434 2497 1515 2574 sine
1529 2498 1750 2588 traditione,
1768 2525 1846 2576 non
1863 2500 1967 2576 valet

375 2615 464 2694 talis
487 2615 634 2693 seisina
658 2615 823 2694 Potest⁸²
847 2616 947 2693 enim
971 2616 1137 2692 donator
1158 2623 1248 2693 ante
1270 2616 1518 2693 traditionem
1540 2627 1692 2694 mutare
1715 2617 1965 2708 voluntatem,

375 2762 464 2813 cum
482 2735 711 2835 imperfecta
730 2736 779 2812 sit
798 2735 967 2824 donatio,
986 2744 1027 2811 et
1046 2735 1322 2834 possessionem
1341 2735 1505 2812 retinere
1525 2760 1686 2835 corpore
1706 2747 1746 2814 et
1766 2739 1906 2827 animo,
1927 2747 1966 2814 et

376 2847 408 2932 si
420 2854 510 2932 talis
524 2881 564 2932 se
577 2864 708 2933 teneat
722 2854 762 2930 in
777 2853 1013 2954 possessione
1025 2854 1212 2954 competit
1227 2853 1381 2930 domino
1398 2853 1516 2932 assisa
1530 2879 1639 2932 novae
1653 2855 1868 2934 disseisinae.
1888 2857 1967 2933 Sed

376 2977 408 3052 si
425 2976 591 3052 donator
608 2983 698 3073 post
714 2972 833 3050 talem
851 2972 1028 3050 saisinam
1046 2972 1154 3048 bonae
1172 2973 1362 3048 memoriae
1381 2973 1560 3063 existens,
1581 2975 1754 3073 quamvis
1775 2976 1967 3075 impotens

376 3094 446 3182 sui,
464 3102 591 3171 ratam
607 3092 783 3169 habuerit
801 3092 1047 3168 donationem
1065 3101 1103 3168 et
1120 3091 1238 3169 talem
1257 3092 1433 3169 seisinam
1452 3094 1737 3192 approbaverit,
1757 3120 1805 3172 ex
1824 3095 1965 3172 ratiha-

375 3214 519 3291 bitione
543 3213 783 3289 convalescit.
812 3213 915 3288 Item
941 3212 1079 3290 sufficit
1105 3238 1178 3312 pro
1205 3213 1412 3291 traditione
1437 3215 1629 3313 corporali
1656 3216 1761 3292 nuda
1786 3216 1966 3294 voluntas

376 3331 521 3408 domini
545 3331 596 3407 ad
620 3330 749 3419 alium,
775 3332 883 3429 quasi
907 3341 1059 3408 mutata
1082 3355 1199 3408 causa
1222 3333 1481 3431 possessionis,
1508 3334 1601 3410 dum
1626 3344 1758 3411 tamen
1783 3336 1854 3412 fiat
1878 3360 1966 3413 cum

377 3450 617 3528 solemnitate
641 3450 744 3548 quod
767 3449 945 3549 probatio
967 3475 1018 3525 no
1041 3450 1205 3539 deficiat,
1228 3459 1274 3528 ut
1296 3452 1327 3528 si
1351 3451 1435 3550 quis
1458 3478 1540 3529 rem
1565 3453 1675 3529 alicui
1699 3454 1881 3531 locaverit
1905 3454 1966 3531 vel

376 3568 603 3646 concesserit
624 3569 674 3645 ad
694 3567 902 3646 terminum
921 3567 1009 3645 vitoe
1030 3569 1092 3644 vel
1114 3593 1315 3658 annorum,
1338 3568 1501 3669 postea⁸²
1524 3571 1646 3648 eidem
1668 3572 1882 3648 vendiderit
1905 3572 1965 3648 vel

376 3688 588 3777 donaverit,
606 3687 694 3764 licet
712 3713 796 3764 eam
815 3713 863 3764 ex
880 3687 950 3764 tali
967 3712 1083 3764 causa
1100 3688 1226 3786 primo
1244 3714 1323 3764 non
1340 3688 1527 3778 habuerit,
1547 3716 1592 3766 eo
1611 3699 1742 3768 tamen
1761 3693 1865 3790 quod
1883 3693 1967 3791 ipse

376 3807 553 3884 dominus
571 3806 721 3906 patitur
739 3832 823 3883 eam
841 3831 889 3882 ex
907 3805 977 3883 tali
995 3831 1111 3883 causa
1129 3806 1190 3882 vel
1210 3806 1285 3882 alia
1303 3832 1543 3907 quacumque
1563 3808 1668 3908 apud
1687 3836 1776 3886 eum
1795 3836 1877 3888 esse
1897 3837 1967 3887 sua

376 3927 405 4003 f.
421 3925 515 4019 lob]
571 3923 744 4001 efficitur.
764 3924 917 4000 Eodem
937 3925 1052 4001 modo
1073 3925 1104 4002 si
1122 3950 1172 4001 ex
1191 3924 1299 4002 nulla
1319 3926 1420 4003 iusta
1439 3951 1555 4004 causa
1576 3930 1825 4026 praecedente,
1847 3932 1914 4006 sed
1934 3930 1966 4007 si

376 4070 447 4143 per
467 4043 719 4120 intrusionem
739 4042 828 4120 vel⁸⁸
850 4043 1086 4120 disseisinam
1108 4043 1158 4122 sit
1179 4043 1315 4143 aliquis
1337 4046 1377 4120 in
1400 4047 1635 4145 possessione
1657 4048 1712 4124 rei
1735 4048 1904 4139 alterius,
1927 4057 1967 4124 et

374 4166 467 4242 velit
487 4165 664 4241 dominus
686 4163 935 4262 proprietatis
957 4164 1060 4261 quod
1082 4189 1152 4239 sua
1174 4163 1234 4252 sit,
1257 4189 1327 4240 sua
1348 4167 1432 4254 erit,
1456 4167 1628 4264 quamvis
1651 4168 1838 4266 possessio
1860 4169 1966 4268 apud

375 4310 509 4359 verum
531 4282 730 4358 dominum
751 4307 829 4357 non
852 4281 983 4358 fuerit.
1007 4281 1192 4379 Fingitur
1214 4283 1315 4360 enim
1338 4309 1409 4383 per
1430 4285 1671 4362 voluntatem
1694 4286 1837 4363 domini
1862 4288 1966 4386 quod

376 4427 436 4478 res
454 4400 563 4499 quasi
580 4426 629 4476 ex
646 4427 691 4476 eo
708 4410 747 4477 et
766 4425 836 4497 per
853 4424 1011 4475 manum
1029 4426 1138 4477 suam
1157 4402 1207 4476 ad
1226 4403 1464 4479 detentorem
1483 4405 1701 4503 pervenerit
1720 4407 1907 4505 possessio
1927 4416 1967 4483 et

375 4518 598 4595 dominium.
614 4518 718 4594 Item
731 4518 940 4594 videndum
950 4515 1048 4615 'quid
1062 4519 1275 4596 transferat
1291 4523 1356 4619 qui
1372 4521 1504 4599 tradit.
1521 4522 1607 4599 Et⁸⁴
1622 4524 1845 4600 sciendum⁸⁵
1862 4526 1965 4625 quod

374 4634 592 4713 transle1t”
610 4637 660 4712 ad
677 4662 766 4712 eum
782 4637 847 4734 qui
865 4636 1004 4735 accipit
1021 4639 1125 4735 quod
1141 4648 1199 4716 est
1218 4640 1323 4738 apud
1341 4666 1429 4716 eum
1448 4641 1540 4739 qui⁸¹
1557 4643 1690 4732 tradit,
1708 4654 1755 4721 ut
1772 4645 1803 4720 si
1823 4645 1906 4743 quis
1925 4645 1965 4720 in

375 4854 493 4932 ¹⁴Om,
511 4856 591 4929 CM;
613 4854 719 4932 (*si),
737 4854 814 4915 MG.
854 4853 880 4888 ²⁸
891 4853 1013 4931 debeat,
1032 4857 1071 4934 V,
1090 4857 1156 4933 LA,
1174 4857 1247 4918 MC.
1286 4857 1406 4937 ¹⁸quia,
1424 4859 1464 4937 V,
1483 4862 1559 4923 MG.
1600 4859 1761 4940 ²'pecora
1780 4865 1825 4937 V;
1844 4873 1964 4942 petens,

375 4959 443 5032 OC,
466 4959 544 5032 MG,
567 4959 641 5019 CM.
687 4955 806 5033 2Ὀιιι,
830 4957 906 5032 MA,
930 4958 1006 5031 ΜΒ,
1030 4958 1087 5021 OB
1116 4959 1235 5037 (quia).
1282 4958 1309 4993 ²⁹
1321 4959 1469 5035 additam,
1494 4962 1563 5038 OC,
1587 4964 1665 5040 MG,
1690 4966 1762 5026 CM.
1809 4964 1965 5042 ”Mttera

376 5061 454 5135 MG,
472 5061 553 5132 CM;
572 5059 668 5133 brevi,
687 5060 732 5132 V;
751 5059 832 5135 bon,
853 5059 918 5121 LA.
959 5057 987 5092 ⁸²
998 5064 1124 5138 poterit,
1144 5061 1214 5136 OB,
1234 5062 1310 5136 MA,
1330 5064 1406 5138 ΜΒ,
1427 5064 1493 5139 CE,
1513 5066 1553 5126 Y.
1595 5063 1666 5126 ⁸²et
1685 5075 1805 5146 postea,
1826 5068 1866 5142 V,
1887 5070 1964 5144 MG,

376 5162 450 5238 CM,
467 5162 533 5224 OC.
572 5159 598 5195 ⁸⁸
610 5169 652 5237 et,
670 5161 739 5237 OB,
757 5161 833 5234 MA,
852 5160 928 5234 ΜΒ,
947 5161 1013 5236 ΟΕ,
1031 5162 1071 5237 Υ,
1088 5162 1155 5223 OC.
1195 5159 1313 5238 ⁸⁴Ona,
1332 5164 1410 5238 MG,
1430 5167 1504 5241 CM,
1523 5166 1589 5228 OC.
1629 5164 1696 5201 ⁸⁸⁸⁸⁸
1708 5169 1864 5230 sciendum
1883 5170 1964 5248 quod

374 5261 454 5325 illud
467 5270 565 5323 totum
580 5270 613 5325 et
627 5262 720 5324 aliter
735 5281 826 5339 quam
840 5265 908 5341 ipse
922 5268 1027 5322 teneat
1042 5272 1074 5325 et
1089 5266 1224 5341 seipsum
1239 5263 1379 5343 obllgare
1396 5272 1499 5343 potest
1514 5267 1678 5342 transfert,
1694 5269 1727 5330 v,
1745 5267 1964 5349 (transferat),

375 5365 443 5440 OC,
456 5364 524 5425 MG
542 5363 600 5442 (—
610 5362 746 5440 teneat),
760 5363 822 5423 CM
841 5364 900 5440 (—
909 5362 1045 5440 teneat).
1080 5361 1106 5398 ⁸¹
1118 5368 1178 5442 cul,
1193 5365 1270 5440 MG,
1285 5367 1359 5427 cM.
