4432 6336
387 494 436 571 78
917 487 1140 549 BRAC'l'ONr
1162 487 1224 548 DE
1248 487 1439 550 LEGIBUS

386 640 521 739 quinto
539 639 686 717 decimo
701 638 908 738 incipiente
926 638 1199 716 sextodecimo
1217 638 1402 716 comitatu
1422 637 1599 737 Salopiae,
1616 639 1666 716 de
1683 640 1842 737 Ragero
1859 638 1921 716 de'
1939 639 1979 716 la

386 757 547 837 Zusche⁸
575 769 614 836 et
642 757 859 835 Petronilla
884 759 933 835 de
959 756 1253 858 Wyneslegha:
1280 758 1371 857 quia
1398 756 1596 835 servitium
1624 782 1776 856 semper
1805 758 1978 856 sequitur

385 878 620 977 homagium,
636 876 810 977 quamvis
824 877 895 953 hoc
911 877 959 954 sit
976 878 1026 954 ad
1041 878 1227 954 damnum
1241 877 1482 955 solventium.
1499 878 1557 954 Et
1574 876 1666 975 quid
1683 877 1714 954 si
1729 877 1770 952 in
1785 876 1895 954 initio
1911 878 1977 954 do-

386 995 552 1073 nationis
567 997 762 1094 maritagii
777 996 886 1072 liberi
899 996 1010 1072 nulla
1023 996 1073 1074 sit
1089 1004 1197 1072 carta
1213 995 1390 1072 coniecta
1405 1020 1490 1094 quae
1505 995 1546 1072 in
1562 1022 1602 1072 se
1617 995 1812 1073 contineat
1829 1021 1977 1072 waran-

384 1114 606 1192 tizationem
627 1139 860 1214 expressam,
882 1139 952 1190 nec
973 1114 1196 1213 homagium
1218 1115 1368 1191 factum
1388 1139 1458 1190 nec
1481 1114 1690 1203 servitium,
1714 1125 1753 1192 et
1777 1115 1978 1213 contingat

386 1233 631 1312 donatarium
648 1233 879 1332 implacitari
896 1243 935 1311 et
952 1233 1111 1310 heredes
1129 1235 1239 1311 suos?
1259 1233 1301 1310 Si
1320 1234 1547 1310 donatorem
1565 1232 1759 1332 maritagii
1779 1244 1818 1311 et
1836 1234 1976 1310 ieofia·

384 1362 509 1431 tarem
529 1353 655 1430 suum⁶
674 1352 909 1430 vocaverint⁸
931 1353 980 1430 ad
1000 1361 1229 1442 warantum,
1251 1351 1435 1452 quaeritur
1457 1377 1507 1430 an
1527 1353 1778 1430 warantizare
1798 1362 1977 1430 teneatur

386 1474 466 1550 sine
483 1481 593 1549 carta
609 1483 647 1550 et
664 1472 854 1571 homagio.
874 1473 932 1550 Et
950 1498 1085 1550 verum
1102 1482 1160 1549 est
1180 1473 1283 1571 quod
1303 1472 1366 1560 sic,
1387 1473 1477 1571 quia
1497 1472 1643 1559 femina
1660 1498 1732 1572 per
1751 1473 1978 1550 donatorem

386 1592 438 1669 sic
452 1592 646 1682 maritata,
663 1593 724 1669 vel
739 1593 820 1670 eius
835 1593 947 1691 pueri
962 1601 1001 1669 et
1016 1592 1173 1670 heredes
1189 1592 1221 1669 si
1236 1592 1323 1691 ipsa
1337 1590 1474 1668 obierit
1491 1602 1605 1669 enrnt
1621 1617 1695 1691 pro
1711 1601 1830 1681 carta,
1848 1601 1887 1669 et
1904 1616 1978 1690 pro

384 1721 493 1788 carta
513 1711 717 1790 sufficiunt.
741 1711 976 1804 <Liberum
996 1711 1118 1811 possit
1138 1735 1219 1788 esse
1239 1737 1288 1788 ex
1307 1720 1393 1789 toto
1414 1711 1480 1810 qui
1500 1711 1652 1788 nullum
1673 1711 1829 1788 omnino
1850 1712 1976 1789 reddit

385 1831 593 1909 servitium.
617 1833 721 1908 Item
743 1831 898 1908 omnino
920 1830 1075 1907 servitio
1096 1828 1331 1919 obnoxium:
1354 1830 1495 1914 scilicet
1517 1830 1584 1907 ubi
1605 1830 1757 1907 nullum
1780 1831 1977 1907 servitium

385 1951 606 2028 remittitur.
624 1952 727 2028 Item
741 1951 903 2028 liberum
918 1951 959 2027 in
974 1961 1087 2049 parte
1101 1960 1141 2029 et
1155 1951 1197 2026 in
1211 1959 1324 2049 parte
1340 1975 1430 2039 non,
1445 1949 1511 2026 uhi
1527 1950 1682 2048 aliquod
1699 1950 1896 2027 servitium
1912 1976 1976 2027 ex·

383 2072 526 2171 cipitur
537 2073 578 2148 in
589 2073 782 2149 donatone
794 2080 833 2148 et
846 2071 1002 2170 aliquod
1014 2071 1236 2160 remittitur,
1249 2082 1294 2149 ut
1307 2071 1338 2148 si
1351 2071 1436 2169 quis
1448 2070 1504 2148 ita
1516 2071 1664 2148 dederit
1675 2072 1717 2148 in
1729 2071 1978 2170 maritagium

384 2189 548 2267 liberum
566 2197 830 2266 tenementum
850 2188 970 2266 salvo⁸
990 2188 1240 2280 forinseco.)
1266 2190 1418 2281 <Item
1439 2190 1583 2288 poterit
1604 2188 1688 2288 quis
1707 2189 1863 2266 liberius
1884 2190 1977 2266 dare

386 2334 503 2407 quam
517 2309 603 2407 ipse
614 2308 782 2386 tenuerit
799 2307 1011 2406 perminus
1028 2308 1237 2396 servitium,
1254 2309 1316 2384 vel
1332 2308 1363 2385 si
1380 2309 1464 2407 ipse
1478 2317 1659 2385 teneatur
1675 2308 1726 2384 ad
1744 2307 1977 2386 forinsecum

385 2425 541 2503 domino
554 2425 711 2525 capitali
726 2435 764 2503 et
780 2426 980 2502 feofiatori
995 2450 1075 2515 suo,
1090 2427 1173 2524 ipse
1187 2436 1322 2504 tenens
1338 2427 1482 2525 poterit
1498 2426 1618 2503 alium
1633 2427 1794 2504 ulterius
1811 2427 1976 2504 feoffare

386 2544 466 2623 sine
479 2545 669 2622 forinseco
682 2546 730 2621 de
741 2554 826 2622 toto
838 2545 899 2622 vel
911 2546 959 2621 de
971 2545 1101 2643 aliqua
1112 2555 1237 2645 parte,
1252 2546 1354 2644 quod
1368 2545 1399 2623 si
1413 2547 1461 2623 de
1474 2546 1603 2644 aliqua
1615 2555 1740 2645 parte,
1754 2571 1833 2622 non
1844 2555 1977 2624 tamen

384 2672 547 2764 propter
564 2663 636 2740 hoc
653 2672 829 2741 mutatur
847 2663 1033 2742 districtio
1051 2663 1295 2742 dominorum
1315 2665 1409 2764 quin
1426 2664 1511 2764 per⁹
1530 2674 1660 2741 totum
1679 2666 1807 2742 facere
1826 2665 1976 2764 possint

385 2783 672 2872 districtionem,
692 2784 903 2861 secundum
921 2783 1013 2860 iuris
1031 2784 1211 2881 rigorem,
1232 2785 1298 2861 sed
1318 2785 1366 2861 de
1385 2783 1565 2882 aequitate
1585 2809 1674 2861 non.
1696 2785 1756 2863 Ut
1776 2785 1808 2861 si
1828 2783 1975 2860 distric-

384 2903 529 2980 tionem
544 2903 678 2980 fecerit
694 2929 811 3001 super
826 2903 1047 2992 feoffatum,
1062 2903 1263 3003 perquirat
1279 2902 1350 2980 sihi
1365 2903 1553 2980 ieoffatus
1569 2929 1640 3002 per
1655 2904 1770 2980 breve
1786 2903 1835 2980 de
1850 2903 1976 2980 medio

385 3047 503 3120 super
522 3048 635 3099 suum
653 3022 913 3111 feoffatorem,
933 3033 972 3100 et
990 3021 1145 3099 interim
1162 3048 1242 3098 non
1260 3021 1422 3099 cessabit
1441 3021 1628 3100 districtio
1647 3022 1837 3121 propter¹⁰
1858 3022 1976 3121 placi·

383 3148 469 3216 tum
490 3140 696 3230 demedio,
718 3141 808 3240 quia
830 3141 861 3217 si
883 3141 947 3230 sic,
969 3149 1064 3220 tunc
1085 3141 1223 3217 fieret²²
1245 3139 1384 3217 iniuria
1405 3141 1562 3240 capitali
1585 3140 1751 3218 domino.
1778 3141 1821 3218 Si
1845 3151 1976 3218 autem

384 3258 528 3358 super²²
542 3260 801 3348 feoffatorem,
815 3258 1030 3349 benefacit,
1043 3260 1228 3359 quiaipse
1241 3269 1396 3338 tenetur
1409 3286 1478 3337 suo
1493 3260 1659 3337 feoffato
1672 3260 1722 3336 ad
1735 3261 1973 3337 warantiam.

386 3380 490 3455 Item
514 3387 596 3454 esto
619 3379 723 3476 quod
746 3378 924 3456 dominus
948 3378 1124 3477 capitalis
1149 3379 1295 3455 donum
1320 3381 1378 3456 sui
1402 3378 1569 3456 tenentis
1594 3378 1879 3456 confirmaverit
1906 3403 1976 3455 suo

385 3498 562 3586 feofiato,
582 3497 614 3574 si
630 3487 725 3574 tunc
743 3497 1019 3574 districtionem
1038 3497 1172 3575 fecerit
1192 3523 1308 3597 super
1328 3499 1548 3586 feofiatum,
1570 3499 1756 3575 feofiatus
1776 3499 1891 3574 habet
1910 3499 1974 3574 de·

385 3615 599 3692 sensionem
614 3641 723 3693 suam
737 3617 778 3692 in
791 3641 911 3693 manu
925 3643 1005 3705 sua,
1022 3616 1163 3693 scilicet
1177 3617 1517 3693 confirmationem.
1537 3616 1580 3693 Si
1596 3626 1726 3694 autem
1741 3643 1858 3716 super
1874 3618 1974 3693 reof-

385 3734 553 3811 fatorem
574 3743 770 3812 tenentem
793 3761 918 3824 suum,
940 3735 1030 3813 licet
1051 3736 1134 3833 ipse
1156 3735 1251 3811 nihil
1272 3735 1413 3812 haheat
1435 3735 1476 3812 in
1497 3760 1616 3813 manu
1641 3737 1690 3812 ad
1713 3736 1976 3813 defensionem

386 3878 506 3943 suam,
523 3852 639 3930 cum²⁸
655 3852 795 3930 iniuste
811 3853 910 3952 petit
928 3852 1125 3931 servitium
1143 3853 1192 3931 ah
1209 3881 1254 3931 eo
1271 3853 1402 3952 quod¹⁴
1420 3853 1565 3931 remisit
1583 3880 1653 3931 suo
1671 3855 1848 3944 feofiato‚
1866 3863 1906 3931 et
1923 3855 1976 3932 sic

386 3983 485 4050 esset
499 3972 740 4049 confirmatio
755 3973 941 4062 inefficax,
957 3972 989 4050 si
1004 3972 1053 4048 ab
1067 3998 1146 4050 uno
1161 3982 1291 4072 posset
1306 3982 1481 4072 repetere
1497 3974 1601 4073 quod
1617 3975 1728 4051 alteri
1745 3974 1900 4052 remisit.
1918 3975 1976 4053 Et

386 4092 490 4167 unde
513 4091 658 4190 poterit
682 4092 808 4168 dicere
829 4101 966 4170 tenens
991 4093 1190 4169 feoffatori
1215 4094 1319 4191 quod
1343 4094 1425 4191 ipse
1450 4093 1682 4192 respondere
1706 4118 1785 4168 non
1809 4103 1976 4182 tenetur,

385 4212 503 4313 quia²⁵
519 4239 568 4289 ex
584 4237 661 4312 quo
677 4213 854 4290 dominus
869 4211 1045 4311 capitalis
1063 4237 1176 4288 suum
1193 4212 1343 4288 factum
1359 4221 1399 4288 et
1415 4213 1560 4288 donum
1577 4212 1780 4289 confirmat
1798 4213 1975 4289 faciendo

386 4332 530 4430 aliquid
548 4341 684 4408 contra
701 4331 797 4408 illud
815 4356 894 4407 non
911 4330 1056 4429 poterit
1075 4330 1282 4420 infirmare,
1302 4331 1393 4430 quia
1410 4331 1652 4408 confirmatio
1671 4340 1798 4408 totum
1818 4331 1976 4430 supplet

385 4450 593 4540 defectum,
613 4460 652 4527 et
670 4450 725 4527 ita
743 4451 847 4548 quod
865 4448 994 4526 nullus
1013 4473 1147 4525 eorum
1164 4449 1359 4525 tenebitur
1378 4460 1423 4527 ut
1443 4449 1683 4527 confirmatio
1703 4450 1827 4549 magis
1848 4450 1976 4528 valeat

386 4595 503 4668 quam
516 4577 662 4666 pereat,
676 4577 714 4644 et
728 4567 832 4666 quod
845 4567 975 4666 potius
988 4568 1115 4644 locum
1128 4576 1260 4644 teneat
1274 4593 1391 4666 quam
1404 4568 1614 4660 nullum.)

486 4686 606 4781 Quod
620 4686 868 4785 marituqium
882 4684 989 4763 uliud
1004 4685 1166 4763 liberum
1182 4685 1288 4764 aliud
1303 4711 1393 4764 troo.

385 4806 470 4882 Esr
488 4813 619 4882 autem
635 4804 885 4902 maritagium
902 4804 1056 4882 servitio
1074 4805 1289 4903 obligatum
1307 4814 1346 4883 et
1365 4815 1567 4884 oneratum
1587 4808 1690 4906 quod
1709 4833 1788 4908 nqn
1807 4817 1865 4884 est
1883 4807 1975 4884 libe-

385 5007 490 5085 ²0m,
505 5009 597 5071 MSS.
613 5028 678 5070 var.
713 5005 847 5085 ⁸Zuche,
860 5007 990 5082 souche,
1004 5006 1115 5082 Suche,
1130 5007 1225 5070 MSS.
1240 5027 1304 5068 var.
1340 5005 1538 5087 ⁴Wynlesg.‚
1551 5007 1765 5088 Willaslegha‚
1778 5009 1976 5088 Wymissag„

384 5110 616 5190 Wymeasegge,
634 5110 728 5172 MSS.
746 5128 811 5170 var.
851 5107 956 5186 ⁵0m.,
974 5109 1052 5184 MG‚
1070 5111 1144 5171 CM.
1184 5108 1373 5186 ‘vocaverit
1390 5110 1431 5186 V,
1448 5111 1518 5187 OB,
1537 5111 1613 5186 ΜΒ,
1633 5111 1699 5186 CE,
1717 5108 1785 5185 OC,
1804 5110 1882 5185 MG‚
1900 5111 1975 5172 CM.

386 5207 569 5286 'obnexum
588 5209 666 5285 MG‚
683 5211 757 5271 CM.
797 5207 906 5272 'salvo
923 5209 1006 5284 inde,
1023 5211 1068 5284 V;
1086 5209 1172 5272 salvo
1189 5217 1304 5288 tamen,
1322 5212 1399 5274 MG.
1438 5210 1639 5289 ‘secundnm
1658 5213 1736 5287 MG‚
1755 5213 1828 5273 CM.
1869 5209 1897 5247 ²⁰
1908 5231 1976 5291 per,

386 5309 461 5386 CM,
476 5310 553 5372 MG.
589 5308 692 5388 ²¹fiet,
706 5310 785 5385 MG‚
800 5312 874 5373 CM.
910 5310 936 5345 ¹²
948 5317 1089 5390 propter,
1105 5312 1184 5388 MG‚
1199 5313 1272 5374 CM.
1309 5311 1376 5347 ²²²²²
1387 5332 1455 5375 cum
1476 5313 1613 5395 (tamen)
1632 5316 1732 5376 minui
1748 5319 1864 5394 repetit
1880 5318 1976 5376 serri-

385 5414 462 5473 tium
479 5410 649 5490 abeoqui,
667 5412 745 5488 MG‚
761 5412 835 5473 CM.
872 5410 1088 5491 ²⁵0m.,MG,
1106 5414 1180 5476 CM.
