4392 6352
792 475 853 535 DE
877 473 1080 535 PLACITIS
1103 471 1292 532 CORONAE
1766 473 1838 542 851

250 653 329 704 non
343 629 552 726 respondet
566 625 650 725 quis
666 625 741 703 de²²
756 633 991 725 manupastu
1007 651 1076 701 suo
1092 651 1165 722 pro
1181 623 1309 721 aliquo
1326 620 1475 709 delicto,
1492 619 1564 696 nisi
1580 618 1735 696 redierit
1751 627 1841 717 post

251 746 434 821 feloniam
446 746 508 821 vel
519 754 610 843 post
622 745 804 821 delictum
816 742 932 820 eum²⁸
944 741 1210 840 receptaverit,
1223 750 1268 817 ut
1283 741 1331 817 de
1344 739 1479 816 itinere
1493 739 1552 814 Μ.
1568 739 1616 814 de
1630 737 1843 814 Pateshilla

250 866 290 941 in
304 865 490 941 comitatu
504 864 752 940 Herefordiae
768 888 870 939 anno
883 860 1014 959 regis²⁴
1029 860 1194 937 Henrici
1209 860 1404 959 quinto>
1423 857 1726 956 Archiepiscopi‚
1743 855 1840 955 epis-

251 987 349 1085 copi,
369 985 525 1061 comites
544 993 582 1060 et
600 981 773 1070 barones,
794 992 832 1059 et
850 1007 981 1057 omnes
999 981 1065 1079 qui
1082 979 1225 1055 habent
1244 978 1335 1054 soke
1354 988 1393 1054 et
1411 977 1514 1065 sake,
1534 976 1589 1052 tol
1609 986 1649 1052 et
1666 984 1782 1064 team,
1802 983 1841 1050 et

250 1105 466 1181 huiusmodi
485 1103 693 1190 libertates,
713 1100 852 1177 milites
874 1124 961 1175 suos
982 1109 1020 1175 et
1041 1097 1220 1196 proprios
1242 1096 1459 1184 servientes,
1481 1095 1622 1170 scilieet
1644 1094 1841 1193 dapiferos

251 1235 290 1302 et
302 1225 516 1325 pincernas,
529 1221 768 1307 camerarios,
782 1243 902 1307 cocos,
916 1217 1091 1314 pistores,
1105 1215 1176 1292 sub
1189 1241 1258 1292 suo
1273 1213 1521 1312 frithburgo²⁶
1535 1213 1674 1289 habere
1689 1211 1840 1290 debent.

253 1345 356 1422 Item
370 1354 410 1421 et
424 1344 487 1420 isti
504 1367 590 1418 suos
607 1340 817 1437 armigeros
834 1349 872 1416 et
888 1338 982 1414 alios
999 1337 1069 1413 sibi
1084 1336 1301 1413 servientes.
1321 1335 1438 1424 Quod
1456 1335 1487 1410 si
1504 1335 1565 1409 cui
1582 1333 1842 1410 forisfecerint

251 1466 325 1566 ipsi
342 1465 487 1542 domini
504 1464 563 1540 sui
579 1463 746 1540 habeant
762 1487 825 1539 eos
844 1462 894 1537 ad
911 1469 1070 1548 rectum,
1088 1468 1127 1535 et
1146 1460 1177 1534 si
1196 1484 1274 1534 non
1291 1457 1506 1545 habuerint,
1526 1457 1677 1533 solvant
1695 1482 1769 1554 pro
1788 1457 1841 1532 eis

252 1590 553 1667 forisfacturam.
574 1587 632 1662 Et
651 1585 703 1662 sic
722 1584 795 1661 erit
814 1582 1095 1659 observandum
1113 1579 1189 1656 de²⁰
1209 1581 1384 1656 omnibus
1404 1579 1487 1656 aliis
1507 1579 1573 1676 qui
1594 1588 1685 1655 sunt
1706 1579 1753 1655 de
1774 1578 1840 1654 ali·

251 1711 358 1786 cuius
381 1717 628 1807 manupastu.
655 1707 761 1796 Quia
785 1707 907 1782 omnis
931 1703 1072 1780 homo²⁷
1098 1704 1175 1780 sive
1199 1703 1295 1778 liber
1320 1702 1398 1779 sive
1424 1728 1566 1790 servus,
1594 1710 1662 1778 aut
1688 1710 1746 1778 est
1772 1710 1840 1776 aut

251 1830 365 1908 debet
381 1857 461 1907 esse
476 1832 517 1905 in
534 1831 668 1906 franco
686 1829 815 1927 plegio
831 1838 899 1904 aut
915 1829 962 1903 de
979 1826 1138 1902 alicuius
1154 1835 1402 1922 manupastu,
1420 1825 1492 1900 nisi
1510 1824 1559 1900 sit
1577 1823 1712 1922 aliquis
1730 1823 1840 1899 itine-

251 1981 341 2032 rans
359 1956 408 2031 de
424 1954 508 2029 loco
524 1953 564 2028 in
580 1952 708 2027 locum
726 1951 791 2049 qui
808 1976 887 2025 non
904 1951 993 2048 plus
1011 1975 1051 2025 se
1069 1958 1199 2025 teneat
1218 1949 1268 2024 ad
1286 1973 1407 2022 unum
1426 1972 1543 2045 quam
1562 1948 1611 2023 ad
1631 1946 1760 2034 alium,
1779 1945 1841 2021 vel

252 2076 344 2176 quid
359 2076 498 2152 habeat
514 2075 618 2172 quod
634 2071 797 2150 sufficiat
812 2098 885 2172 pro
903 2071 1039 2147 franco
1056 2070 1196 2168 plegio,
1215 2070 1311 2147 sicut
1329 2070 1559 2167 dignitatem
1576 2068 1637 2144 vel
1655 2069 1839 2156 ordinem,

250 2197 414 2273 liberum
432 2204 706 2284 tenementum,
728 2195 790 2270 vel
810 2195 850 2270 in
872 2193 1025 2270 civitate
1046 2219 1128 2270 rem
1150 2190 1422 2279 immobilem,²⁸
1444 2201 1482 2268 et
1505 2191 1715 2267 secamdum
1736 2190 1840 2288 leges

250 2320 438 2396 Edwardi
454 2319 567 2417 regis.

350 2444 420 2519 Ad
435 2443 558 2520 virum
574 2441 622 2518 de
637 2440 774 2535 franco
790 2440 931 2541 plepio.

250 2564 422 2643 omum
447 2565 513 2664 qui
537 2574 594 2642 est
617 2565 740 2642 aetatis
765 2564 964 2641 duodecim
990 2589 1179 2639 annorum
1203 2564 1331 2640 facere
1355 2561 1468 2639 debet
1493 2571 1776 2638 sacramentum
1799 2562 1840 2636 in

248 2688 333 2764 visu
346 2687 471 2764 franci
484 2689 602 2787 plegii
615 2688 718 2785 quod
732 2712 801 2763 nec
814 2687 915 2762 latro
927 2686 1011 2764 vult
1025 2712 1105 2763 esse
1120 2710 1188 2763 nec
1201 2686 1342 2761 latroni
1357 2685 1582 2772 consentire,
1597 2685 1689 2762 etin
1704 2686 1839 2760 franco

249 2812 379 2912 plegio
393 2837 473 2888 esse
488 2810 628 2887 debent
641 2836 771 2886 omnes
788 2810 852 2908 qui
866 2818 1011 2886 terram
1025 2817 1158 2885 tenent
1173 2818 1213 2885 et
1226 2809 1395 2896 domum,
1412 2808 1477 2905 qui
1493 2807 1675 2884 dicuntur
1688 2807 1839 2883 husfas·

249 2932 378 3020 tene,⁸⁰
398 2943 437 3009 et
456 2932 573 3008 etiam
593 2931 657 3008 alii
678 2933 743 3031 qui
764 2932 837 3008 illis
859 2931 1091 3020 deserviunt,
1113 2931 1179 3030 qui
1200 2931 1382 3007 dicuntur
1402 2927 1636 3027 folgheres,⁸²
1658 2929 1748 3028 quia
1769 2953 1840 3005 nec

249 3054 362 3131 debet
380 3055 464 3152 quis
483 3081 507 3130 a
524 3081 562 3131 se
580 3054 765 3153 repellere
784 3055 1011 3130 servientem
1030 3080 1142 3130 suum
1162 3062 1368 3151 antequam
1387 3063 1580 3150 purgatus
1599 3052 1648 3129 sit
1668 3053 1716 3128 de
1735 3053 1839 3128 omni

248 3179 440 3254 calumnia
456 3179 558 3253 unde
576 3177 685 3277 prius
704 3175 850 3252 fuerit⁸²
870 3175 1136 3252 calumniatus
1158 3177 1261 3253 Item
1281 3177 1328 3251 de
1347 3185 1583 3272 manupasto
1602 3174 1761 3250 alicuius
1781 3185 1839 3250 est

248 3298 312 3376 ille
335 3308 374 3376 et
395 3299 545 3375 familia
564 3298 630 3398 qui
653 3310 711 3376 est
733 3301 783 3374 ad
805 3298 950 3374 rictum
972 3309 1012 3375 et
1033 3297 1227 3387 vestitum,
1250 3298 1311 3374 vel
1334 3298 1384 3373 ad
1405 3299 1551 3375 victum
1573 3305 1728 3373 tantum
1751 3321 1839 3372 cum

248 3422 433 3510 mercede,
457 3420 554 3498 sicut
578 3430 668 3498 sunt
694 3421 831 3497 famuli
855 3422 991 3497 domus
1015 3421 1249 3497 mercenarii.
1277 3421 1380 3497 Item
1406 3421 1615 3497 secundum
1641 3420 1839 3518 antiquam

249 3544 564 3621 consuetudinem
586 3543 659 3619 dici
682 3544 827 3643 poterit
849 3544 898 3619 de
921 3543 1069 3619 familia
1094 3543 1252 3619 aliurius
1276 3543 1343 3642 qui
1365 3542 1582 3642 hospitatus
1607 3542 1727 3619 fuerit
1751 3567 1839 3618 cum

249 3666 351 3743 alio⁸⁸
372 3693 444 3767 per
463 3675 542 3744 tres
562 3675 705 3755 noctes,
726 3664 844 3765 quia⁸⁴
865 3665 991 3762 prima
1012 3673 1124 3742 nocte
1145 3664 1246 3741 diei⁸⁵
1269 3662 1441 3762 poterit⁸⁸
1463 3663 1649 3752 uncuth,⁸¹
1673 3665 1840 3741 secunda

248 3814 339 3865 vero
357 3786 489 3885 gust,⁸⁸
507 3786 650 3865 tertia³⁹
668 3796 780 3864 nocte
799 3787 1100 3884 hoghenehine.⁴⁰
1119 3788 1178 3863 Et
1196 3787 1238 3863 in
1256 3788 1332 3862 fine
1351 3787 1566 3863 notandum
1586 3789 1690 3886 quod
1709 3796 1839 3886 potest

249 3911 359 4013 quis⁴¹
379 3912 497 3989 alium
513 3913 681 4010 recipere
698 3911 738 3987 in
756 3912 892 3986 franco
908 3909 1050 4009 plegio,
1069 3909 1167 3985 sicut
1185 3907 1483 4009 borghyaldre,⁴²
1501 3909 1656 4008 quando
1674 3910 1839 3985 voluerit

249 4063 322 4137 pro
345 4037 545 4113 voluntate
569 4061 650 4123 sua,
674 4034 741 4110 sed
766 4058 844 4108 non
867 4033 1012 4131 poterit
1036 4031 1144 4108 illum
1170 4057 1193 4106 a
1218 4033 1354 4107 franco
1377 4031 1507 4131 plegio
1532 4031 1726 4108 dimittere
1751 4057 1838 4107 cum

248 4159 424 4246 voluerit,
440 4182 509 4233 nec
522 4157 603 4233 vice
618 4182 728 4232 versa
742 4165 787 4231 ut
801 4155 954 4231 videtur
969 4180 1057 4230 cum
1071 4153 1156 4253 quis
1172 4179 1212 4231 se
1226 4153 1399 4252 posuerit
1413 4153 1454 4227 in
1470 4154 1649 4230 francum
1665 4153 1839 4251 plegium

248 4373 275 4407 ²²
286 4395 354 4452 pro,
366 4374 406 4448 V,
418 4373 487 4447 OB,
500 4373 576 4447 MA,
589 4374 665 4448 ΜΒ,
679 4373 745 4448 CB,
758 4374 833 4448 CM,
846 4372 918 4432 MC.
954 4371 980 4404 ²⁸
991 4392 1069 4447 cum,
1081 4373 1150 4446 OA,
1164 4372 1229 4447 LA,
1243 4372 1309 4446 ΟΕ,
1323 4373 1400 4448 MA,
1412 4372 1488 4434 ΜΒ.
1523 4369 1551 4404 ²⁴
1562 4376 1651 4450 regni
1663 4375 1758 4449 regia,
1771 4371 1838 4445 LA,

249 4475 317 4550 OC,
345 4475 422 4551 MG,
450 4474 525 4548 CM,
553 4475 628 4550 MA,
656 4474 734 4548 MB,
761 4474 835 4535 Mc.
884 4471 910 4506 ²⁸
923 4472 1098 4552 fidhhurgo,
1126 4471 1318 4552 fidhehurgo,
1348 4471 1575 4552 fridihborgho,
1604 4473 1837 4552 fridchborgho,

249 4575 463 4654 fridchburgo,
482 4574 679 4653 fridhburgo,
698 4573 953 4654 frethingborwe,
973 4573 1067 4636 MSS.
1110 4571 1136 4607 ²⁶
1148 4595 1216 4653 pro,
1235 4575 1304 4648 OB,
1325 4575 1400 4650 MA,
1421 4575 1497 4650 ΜΒ,
1516 4574 1584 4650 CE,
1605 4574 1678 4635 CM.
1721 4573 1745 4607 ²⁷
1758 4574 1839 4649 Om.,

249 4678 318 4752 OB,
342 4677 417 4753 MA,
442 4677 517 4751 MB,
540 4677 607 4752 cE,
630 4676 703 4738 CM.
749 4673 815 4709 ²⁸⁴⁹
826 4675 1019 4737 immobilem.
1044 4676 1088 4736 Et
1111 4675 1276 4737 secundum
1300 4676 1321 4737 l.
1347 4676 1385 4736 E.
1410 4698 1434 4736 r.
1460 4680 1569 4750 omnia,
1593 4676 1637 4748 V;
1662 4677 1718 4746 rio,
1743 4675 1837 4737 MSS.

247 4776 528 4852 ⁸⁰houalastenter,
557 4778 638 4849 MA;
668 4777 852 4852 huafasten,
882 4777 977 4838 MSS.
1007 4797 1076 4856 gen.
1129 4775 1357 4856 ³²folgheyres,
1388 4777 1526 4851 solveris,
1556 4776 1712 4850 flosheres,
1743 4776 1837 4838 MSS.

248 4878 275 4913 ⁸²
288 4881 359 4956 fuit,
377 4880 417 4955 V,
433 4880 502 4954 OC,
520 4878 594 4956 CM,
613 4878 689 4954 MA,
707 4879 783 4939 MB.
822 4876 850 4912 ⁸⁸
861 4879 975 4957 aliquo,
994 4880 1064 4955 OB,
1082 4879 1158 4940 MA.
1198 4876 1308 4956 ⁸⁴quia
1327 4881 1370 4951 in,
1389 4878 1456 4952 CE,
1477 4878 1550 4938 MC.
1591 4875 1749 4953 ⁸⁵'⁸⁰Om.,
1769 4876 1839 4952 OB,

250 4981 326 5057 MA,
345 4982 420 5043 MB.
462 4979 486 5014 'l
498 4980 625 5056 uncuth,
643 4979 796 5055 uncoudh,
815 4979 1023 5057 unchoud(t),
1042 4978 1195 5054 uncouhd,
1214 4978 1345 5052 uncoud,
1364 4977 1533 5054 huchouch,
1554 4977 1686 5051 onckud,
1706 4977 1838 5053 untund,

248 5082 343 5144 MSS.
378 5080 404 5116 ⁸⁸
417 5083 592 5162 geat,cuth,
605 5080 819 5157 cudh,oouhd,
832 5080 935 5158 chout,
949 5082 1042 5143 MSS.
1078 5079 1105 5114 ⁸⁹
1116 5088 1148 5141 et
1161 5083 1266 5155 tertia,
1281 5081 1354 5154 MC,
1371 5081 1437 5155 CE,
1452 5081 1517 5141 LA.
1553 5077 1580 5112 ⁴⁰
1591 5078 1838 5159 hogenhy(i)ne,

248 5183 395 5262 hinhyne,
420 5182 625 5263 hghenehina,
650 5182 864 5261 howgnehine,
887 5181 1078 5259 howenhine,
1103 5180 1311 5257 howenehine,
1338 5181 1432 5242 MSS.
1479 5178 1640 5258 ‘deliquia
1666 5181 1744 5254 MG,
1771 5179 1837 5243 OC.

249 5284 425 5364 ‘²horghye
448 5286 564 5360 aldere,
585 5287 629 5357 V;
651 5284 887 5364 horghyaaldre,
910 5282 1144 5363 borghtyaldre,
1166 5280 1444 5360 borghoyhaldere,
1467 5280 1722 5359 borahydsaldre,
1745 5280 1838 5360 borg-

247 5384 417 5463 heyaltere,
433 5383 671 5464 borguholdere,
688 5384 782 5448 MSS.
