4432 6340
631 557 692 619 DE
714 556 1019 629 ADQUIRENDO
1041 558 1199 620 RERUM
1222 559 1425 620 DOMINIO
1751 567 1826 640 207

80 817 83 822 Ι
235 717 409 785 nostram
423 706 642 807 supposuit⁸
657 706 881 807 praedictam
895 709 943 786 B.
958 709 1042 785 loco
1058 709 1248 809 praedictae
1265 710 1310 786 C.
1327 733 1410 809 quae
1425 719 1664 799 mortuaest,
1679 720 1718 787 et
1734 710 1827 789 fecit

236 853 321 905 eam
336 827 527 904 nominari
543 827 589 910 C.
607 835 646 904 et
660 825 813 916 nutriri,
831 852 875 902 ac
892 827 923 904 si
940 836 1039 905 esset
1056 827 1136 903 filia
1153 836 1192 903 et
1209 827 1317 905 heres
1335 827 1508 926 praedicti
1525 827 1580 904 D.
1599 828 1665 926 qui
1682 853 1752 904 nec
1768 837 1827 905 est

237 946 317 1022 filia
338 971 409 1022 nec
429 945 537 1022 heres
560 944 652 1033 eius,
676 945 743 1021 sed
765 944 845 1020 filia
867 945 955 1021 talis
979 953 1023 1020 ut
1047 945 1198 1035 dicitur,
1222 954 1261 1023 et
1284 947 1357 1022 nisi
1381 944 1542 1034 feeerit‚⁹
1566 954 1744 1023 etcetera.
1769 947 1828 1024 Et

237 1065 330 1164 quid
357 1065 388 1140 si
414 1063 598 1165 praedieta
624 1063 672 1138 Β.
699 1062 902 1162 supposita
928 1064 1036 1162 prius
1062 1062 1285 1162 homagium
1312 1064 1447 1141 fecerit
1474 1064 1630 1141 domino
1657 1065 1740 1163 regi
1767 1064 1827 1142 vel

236 1181 348 1259 adteri
364 1182 472 1259 cuius
487 1180 648 1258 eschaeta
663 1191 770 1258 terra
784 1182 893 1258 esse²⁰
910 1180 1072 1258 debett²²
1090 1182 1289 1272 Quaeritru
1306 1208 1357 1258 an
1373 1183 1525 1260 obstare
1544 1184 1681 1260 debeat
1697 1183 1827 1260 homa·

236 1302 355 1400 gium.
374 1302 432 1378 Et
446 1310 505 1379 est
520 1327 654 1378 verum
669 1302 773 1399 quod
789 1327 879 1391 non,
896 1310 1059 1401 propter
1075 1327 1243 1378 errorem
1259 1327 1442 1400 personae,
1460 1303 1563 1402 cepit
1580 1303 1682 1379 enim
1697 1302 1827 1380 homa·

237 1420 346 1517 gium
362 1419 452 1496 talis
471 1444 643 1519 personae
662 1419 760 1497 sicut
779 1419 866 1494 filiae
885 1428 925 1496 et
942 1419 1090 1495 heredis
1108 1420 1209 1507 talis,
1230 1444 1313 1518 quae
1333 1445 1403 1496 nec
1423 1420 1501 1496 fuit
1519 1420 1600 1496 filia
1619 1446 1688 1497 nec
1707 1421 1827 1497 heres

238 1538 342 1616 Item
359 1538 408 1616 de
425 1546 646 1616 tenemento
664 1539 768 1636 quod
786 1538 834 1614 de
852 1563 897 1613 eo
916 1547 1047 1614 tenere
1065 1537 1198 1615 debuit
1217 1537 1320 1638 cepit
1338 1537 1571 1636 homagium,
1591 1539 1658 1617 sed
1677 1539 1829 1616 nullum

236 1666 500 1734 tenementum
520 1657 568 1733 de
586 1683 632 1733 eo
650 1666 781 1733 tenere
801 1655 933 1732 debuit
952 1681 1041 1732 cum
1060 1682 1139 1732 non
1158 1666 1256 1733 esset
1276 1656 1357 1732 filia
1376 1682 1446 1732 nec
1465 1657 1573 1735 heres
1594 1657 1662 1746 Β.,
1684 1667 1723 1734 et
1743 1659 1828 1735 ideo

237 1773 459 1873 homagium
484 1774 634 1850 nullum
659 1783 823 1874 propter
848 1799 1028 1862 errorem,
1056 1775 1146 1873 quia
1172 1774 1237 1872 qui
1264 1784 1368 1851 errat
1394 1801 1472 1851 non
1498 1776 1698 1852 consentit.
1727 1777 1828 1853 Cum

238 1901 368 1970 autem
380 1892 518 1969 mulier
532 1917 616 1991 quae
631 1918 670 1969 se
685 1891 807 1968 facit²²
822 1900 1100 1990 praegnantem,
1114 1893 1155 1968 in
1169 1891 1308 1968 iudicio
1322 1892 1496 1970 convicta
1512 1893 1561 1970 sit
1576 1892 1637 1970 vel
1653 1893 1830 1970 confessa

239 2013 341 2110 quod
358 2035 564 2111 praegnans
580 2036 659 2087 non
675 2009 736 2098 sit,
753 2020 847 2087 tunc
862 2010 1001 2087 habeat
1018 2036 1131 2086 verus
1147 2010 1255 2087 heres
1272 2011 1350 2088 tale
1368 2010 1481 2088 breve
1498 2010 1655 2111 capitali
1674 2011 1828 2088 domino

238 2129 426 2206 directum
446 2130 493 2206 de
511 2128 699 2227 capiendo
716 2127 939 2226 homagium
957 2154 1080 2205 suum.

339 2248 441 2325 Cum
456 2247 544 2325 talis
558 2246 694 2324 molier
706 2246 748 2322 iss
761 2247 901 2325 iudicio
915 2247 1089 2324 convicta
1102 2246 1223 2341 fuerit
1238 2245 1299 2324 vel
1313 2246 1489 2341 confessa
1504 2248 1608 2347 qaod
1620 2271 1830 2346 proponas

338 2390 418 2442 soa
432 2366 495 2454 sit,
512 2365 625 2443 breve
641 2366 689 2444 ds
704 2365 883 2460 faciendo
899 2365 1076 2442 saisinam
1094 2387 1185 2443 vero
1202 2365 1341 2443 heredi.

238 2486 335 2562 ltux
351 2484 421 2562 tali
438 2484 595 2583 capitali
611 2483 767 2560 domino
785 2483 959 2560 salutem.
980 2482 1118 2561 Sciatis
1136 2485 1239 2583 quod
1256 2484 1309 2559 A.
1329 2509 1413 2582 quae
1431 2483 1508 2561 fuit
1525 2509 1625 2560 uxor
1643 2484 1704 2574 Β.,
1723 2483 1831 2562 dedit

238 2602 348 2680 nobis
365 2601 432 2678 et²⁸
450 2602 606 2678 consilio
624 2610 757 2678 nostro
774 2602 946 2700 intellegi
965 2603 1068 2701 quod
1087 2627 1293 2701 praegnans
1312 2602 1389 2679 fuit
1408 2603 1457 2678 de
1475 2603 1659 2703 praedicto
1678 2603 1726 2678 B.
1747 2602 1829 2678 viro

239 2745 321 2810 suc,
337 2729 377 2796 et
393 2721 573 2820 quonism
589 2721 660 2796 hoc
675 2720 826 2798 dicebat
842 2722 893 2798 ad
908 2720 1243 2798 exheredationem
1260 2721 1318 2809 C..
1336 2720 1471 2797 fratris
1489 2731 1528 2798 et
1544 2720 1692 2797 heredis
1709 2719 1829 2820 ipsius

239 2840 288 2915 Β.
309 2839 340 2916 si
358 2839 542 2938 praedicta
558 2840 611 2916 A.
631 2837 780 2938 prolem
800 2840 951 2937 abipso
970 2839 1019 2914 Β.
1039 2864 1118 2914 non
1136 2838 1305 2928 haberet,
1323 2847 1368 2916 ut
1388 2839 1490 2915 idem
1511 2840 1556 2916 C.
1576 2838 1738 2928 dicebat,
1759 2864 1829 2915 nos

239 2957 290 3034 ad
318 2957 512 3056 querelam
538 2957 658 3056 ipsius
685 2958 730 3034 C.
759 2957 919 3034 fecimus
946 2982 1031 3034 eam
1057 2957 1179 3034 teneri
1206 2957 1278 3033 sub
1304 2955 1489 3046 custodia,
1517 2981 1715 3056 quousque
1742 2956 1830 3033 sciri

239 3075 389 3176 possit²⁴
410 3077 620 3152 secundum
641 3074 813 3152 debitum
833 3085 982 3152 naturae
1002 3085 1136 3152 utrum
1158 3100 1362 3175 praegnans
1384 3084 1484 3153 esset
1505 3100 1635 3151 necne.
1659 3075 1718 3150 Et
1740 3083 1830 3174 post

238 3194 382 3272 multas
399 3193 661 3293 inquisitiones
678 3194 836 3271 tandem
852 3192 1052 3271 didicimus
1071 3219 1141 3294 per
1158 3191 1437 3270 confessionem
1454 3193 1574 3292 ipsius
1594 3194 1659 3282 Α.,
1679 3192 1830 3293 publice

241 3311 387 3388 factam
412 3313 454 3388 in
479 3312 619 3388 iudicio
644 3336 774 3388 coram
800 3311 1012 3389 iustitiariis
1039 3321 1217 3400 etcetera,
1244 3320 1284 3389 et
1311 3311 1551 3412 perlegales
1579 3321 1619 3388 et
1647 3311 1829 3388 discretos

238 3430 409 3508 homines
427 3439 466 3507 et
484 3431 661 3508 mulieres
681 3456 704 3507 a
723 3431 860 3530 quibus
877 3431 959 3508 visa
979 3430 1056 3506 fuit
1075 3457 1147 3530 per
1164 3439 1401 3531 praeceptum
1421 3438 1608 3520 nostrum,
1628 3432 1732 3530 quod
1751 3454 1830 3505 non

240 3548 318 3625 fuit
334 3574 552 3650 praegnans,
570 3549 637 3626 sed
655 3550 759 3648 quod
777 3550 939 3648 decepta
957 3549 1046 3636 fuit,
1066 3549 1223 3626 credens
1242 3575 1282 3626 se
1301 3574 1381 3625 esse
1400 3547 1722 3647 impraegnatm²⁶
1742 3573 1830 3624 cum

238 3692 318 3743 non
337 3676 447 3746 esset.
469 3668 527 3746 Et
547 3667 633 3743 ideo
653 3666 760 3744 vobis
780 3667 1009 3744 mandamus
1030 3668 1134 3766 quod
1155 3676 1317 3766 propter
1338 3666 1445 3743 iham
1466 3667 1729 3766 deceptionem
1751 3692 1830 3743 non

239 3785 426 3862 omittatis
443 3786 537 3884 quin
553 3785 714 3885 capiatis
732 3784 954 3883 homagium
971 3785 1144 3884 praedicti
1164 3785 1222 3873 C.,
1241 3786 1306 3884 qui
1324 3784 1365 3860 in
1382 3784 1489 3861 curia
1507 3795 1642 3861 nostra
1659 3810 1829 3884 pronun·

239 3904 361 3982 tiatur
374 3904 482 3981 heres
497 3903 670 4002 praedicti
685 3904 733 3979 Β.
749 3902 956 4001 legitimus,
972 3912 1011 3980 et
1027 3903 1236 3979 secundum
1253 3903 1362 4000 regni
1378 3903 1500 3979 nostri
1515 3902 1830 3980 consuetudinem

241 4021 418 4099 scisinam
444 4023 492 4100 de
517 4021 730 4098 hereditate
757 4047 827 4097 sua
854 4045 970 4119 quam
998 4021 1045 4097 de
1072 4019 1182 4097 nobis
1208 4030 1339 4097 tenere
1368 4018 1509 4096 debet¹⁶
1537 4021 1619 4096 sine
1646 4019 1830 4097 dilatione

239 4140 379 4218 habere
394 4140 556 4217 faciatis.
574 4141 692 4216 Teste
707 4148 885 4216 etcetera.

339 4377 405 4454 De
420 4375 622 4454 heredibus
635 4375 891 4454 instituendis.

241 4494 271 4569 f.
286 4493 381 4587 71b]
426 4494 609 4571 Moaruo
617 4502 773 4569 tenente
782 4491 952 4580 alieuius,
963 4489 1150 4589 imprimis
1160 4489 1273 4566 debet
1282 4489 1459 4566 dominus
1468 4489 1643 4589 capitalis
1653 4491 1830 4568 seisirein

239 4639 398 4690 manum
415 4639 524 4690 suam
541 4614 700 4689 feodum
716 4638 828 4688 suum
845 4619 884 4688 et
900 4619 1163 4688 tenementum
1181 4611 1284 4709 quod
1301 4611 1349 4688 de
1365 4636 1411 4687 eo
1428 4610 1646 4688 immediate
1663 4620 1829 4701 tenetur,

240 4741 280 4809 et
293 4741 424 4809 tenere
437 4731 478 4807 in
490 4756 609 4808 manu
624 4757 694 4807 sua
707 4731 828 4806 donee
842 4730 876 4806 ei
890 4728 1104 4805 constiterit
1118 4729 1149 4804 si
1165 4728 1372 4804 defunctus
1386 4727 1565 4804 heredem
1578 4729 1755 4806 habuerit
1769 4729 1831 4806 vel

240 4875 336 4927 non:
355 4859 393 4928 et
410 4850 480 4926 hoc
498 4851 582 4926 dico
601 4851 632 4926 si
649 4874 810 4925 vacuam
827 4846 1015 4924 invenerit
1034 4846 1320 4946 possessionem.
1344 4846 1386 4921 Si
1407 4856 1535 4923 autem
1553 4846 1689 4923 heres²'
1709 4872 1830 4946 appa·

241 4994 329 5046 rens
351 4969 411 5059 sit,
432 4977 525 5045 tunc
546 4978 614 5045 aut
635 4992 736 5043 unus
756 4976 824 5043 aut
845 4966 987 5066 plures,
1009 4963 1168 5064 plures¹⁸
1190 4965 1255 5062 qui
1276 4973 1367 5042 sunt
1388 4965 1497 5062 quasi
1518 4991 1618 5041 unus
1638 4965 1747 5041 heres
1769 4964 1830 5041 vel

241 5183 254 5219 ⁸
265 5193 432 5265 supponet,
445 5187 526 5258 MA;
538 5188 735 5263 supponitur,
747 5183 828 5256 MB;
842 5186 1001 5262 supponit,
1014 5183 1081 5245 OB.
1114 5180 1283 5254 ‘fecerint
1296 5182 1365 5255 OB,
1379 5182 1455 5257 ΜΒ,
1471 5181 1530 5258 (-
1541 5181 1636 5259 MA).
1661 5181 1727 5217 Μ
1738 5191 1831 5260 esset,

242 5287 281 5362 V,
295 5287 364 5361 OB,
377 5288 453 5363 MA,
467 5286 542 5347 ΜΒ.
577 5284 604 5319 ¹²
617 5285 704 5360 fecit,
717 5286 785 5359 OA,
800 5285 866 5358 LA,
881 5285 954 5345 Mc,
990 5283 1017 5318 ¹⁸
1028 5283 1078 5358 de,
1092 5284 1168 5359 MA,
1182 5283 1247 5344 LA.
1284 5281 1310 5317 ²⁴
1322 5289 1438 5361 posset,
1452 5283 1521 5359 OA,
1534 5285 1602 5360 OC,
1617 5285 1831 5365 CE3poterit,

243 5386 317 5448 ΜΒ.
359 5385 601 5465 ¹⁵prregnstam,
621 5386 693 5459 LA3
714 5391 936 5465 praegnantem,
958 5387 1039 5458 MA;
1060 5390 1324 5464 impregnantem,
1346 5386 1420 5446 ΜΒ.
1463 5383 1593 5449 ²‘debet
1614 5390 1653 5462 ei,
1674 5388 1744 5464 OA,
1765 5389 1831 5464 LA,

243 5487 310 5564 OC,
324 5487 399 5564 MC,
413 5486 451 5547 V.
487 5485 513 5520 ²²
526 5486 606 5561 Om,
620 5487 689 5562 OB,
704 5488 780 5562 MA,
794 5486 869 5548 ΜΒ.
905 5485 1024 5561 1⁸0m.,
1039 5487 1107 5562 OC,
1122 5486 1199 5562 MG,
1215 5488 1255 5561 Y,
1271 5488 1344 5549 cM.
