4432 6336
642 494 704 553 DE
727 493 1030 566 ADQUIRENDO
1053 494 1211 556 RERUM
1234 493 1436 557 DOMINIO
1765 503 1837 572 119

248 653 377 720 autem
398 653 577 722 teneatur
598 646 648 721 ad
669 645 898 722 warantiam
919 646 1096 736 donator,
1116 656 1157 723 et
1179 645 1388 722 feoffatum
1410 670 1523 722 suum
1546 645 1586 720 in
1608 644 1746 723 seisina
1768 670 1839 723 sua

247 761 454 840 defendere
474 763 681 852 noluerit,⁴²
703 775 742 842 et
762 773 898 864 petens
919 773 1054 841 contra
1075 791 1163 842 eum
1184 764 1404 853 obtinuerit,
1425 772 1581 843 tenetur
1601 766 1766 842 donator
1788 765 1838 840 ad

247 881 486 958 excambium
520 884 570 958 ad
602 883 821 959 valentiam.
855 882 941 960 Et⁴²
973 883 1039 984 qui
1070 883 1303 962 teneantur⁴'
1337 883 1599 973 warantizare,
1631 892 1671 960 et
1704 884 1765 960 cui
1798 893 1839 961 et

247 1000 430 1100 quando⁴⁴
453 1013 492 1080 et
514 1001 697 1100 quando⁴⁸
720 1027 810 1092 non,
834 1003 983 1079 dicetur
1005 1001 1156 1102 plenius
1179 1003 1285 1080 infra
1307 1003 1350 1078 in
1371 1011 1542 1080 tractatu
1567 1003 1615 1080 de
1638 1004 1837 1092 warentia,

247 1121 351 1219 quod
375 1119 530 1220 quidem
554 1131 652 1199 esset
677 1123 839 1218 longum
864 1122 924 1197 hic
949 1121 1169 1198 enarrare.⁴³
1197 1123 1302 1198 Item
1326 1122 1466 1199 dicitur
1492 1123 1533 1199 in
1557 1131 1676 1211 carta,
1704 1132 1839 1199 contra

246 1265 378 1318 omnes
390 1251 538 1340 pentec,
551 1240 602 1317 ad
617 1242 720 1340 quod
733 1241 929 1318 sciendum
943 1242 1047 1340 quod
1061 1241 1206 1340 poterit
1218 1266 1319 1319 unus
1332 1241 1393 1317 vel
1409 1240 1540 1341 plures
1556 1241 1663 1319 atnli
1678 1267 1837 1341 genera·

245 1359 355 1437 litate
374 1369 488 1437 extra
505 1360 604 1459 capi,
624 1370 669 1437 nt
690 1361 720 1435 si
740 1360 902 1449 dicatur,
924 1359 1256 1438 warantizabimus
1277 1370 1412 1438 contro
1431 1385 1563 1439 omncs
1582 1372 1719 1460 pentes
1739 1384 1837 1460 proe-

248 1490 423 1577 torquant
445 1488 580 1556 contra
599 1478 707 1556 talea.
731 1481 834 1556 Item
855 1480 1064 1556 videndum
1085 1505 1172 1556 cum
1193 1479 1297 1556 dicat
1318 1479 1400 1556 ita⁴'
1422 1479 1682 1578 generaliter⁴⁸
1703 1489 1839 1556 contra

246 1625 377 1677 omnes
397 1608 544 1698 gentes
566 1623 617 1675 an
635 1598 718 1696 ipse
736 1607 776 1676 et
794 1597 951 1674 heredes
972 1599 1030 1675 sui
1049 1599 1300 1676 warrantizare
1319 1599 1485 1676 debeant
1505 1610 1641 1677 contra
1662 1627 1701 1677 se
1722 1599 1836 1699 ipsos.

247 1719 305 1796 Bt
333 1717 528 1796 sciendum
555 1719 659 1817 quod
686 1717 854 1794 subhac
881 1716 1134 1815 generalitate
1161 1743 1240 1794 non
1267 1718 1657 1818 comprehenduntur,
1687 1721 1777 1817 quia
1806 1719 1838 1797 si
1968 1718 1970 1722 ’

246 1844 392 1913 terram
417 1845 554 1936 petant
579 1837 621 1912 in
644 1837 834 1912 dominico
860 1845 995 1913 contra
1021 1836 1267 1914 donationem
1293 1847 1331 1914 et
1358 1847 1506 1915 cartam
1533 1864 1654 1927 suam,
1684 1838 1838 1915 eliditur

247 1954 347 2032 actio
365 1981 436 2054 per
453 1955 718 2054 exceptionem
736 1955 965 2045 donationis,
984 1980 1072 2033 cum
1090 1956 1145 2031 illi
1163 1965 1295 2055 petere
1314 1982 1392 2032 non
1411 1957 1560 2056 possint
1579 1959 1683 2056 quod
1702 1967 1838 2034 contra

247 2074 341 2151 alios
358 2072 499 2151 debent
516 2074 778 2152 warantizare.
796 2074 949 2151 Eodem
966 2075 1092 2165 modo,
1111 2076 1142 2152 si
1160 2075 1358 2152 servitium
1375 2084 1513 2175 petant
1530 2077 1754 2165 indebitum,
1773 2077 1836 2153 de

247 2195 276 2270 f.
291 2197 361 2289 88]
417 2195 628 2270 tendentur
652 2193 806 2270 feoffati
831 2219 902 2292 per
925 2203 1084 2283 cartam,
1109 2194 1170 2270 vel
1195 2194 1351 2272 dabitur
1374 2195 1428 2271 eis
1453 2195 1552 2272 actio
1576 2221 1625 2272 ne
1649 2195 1837 2273 indebitas

247 2312 406 2412 exigant
426 2313 720 2390 eonsuetudines
739 2321 779 2388 et
799 2312 964 2401 servitia,
985 2337 1054 2389 nec
1076 2321 1178 2390 stare
1198 2315 1343 2412 poterit
1364 2313 1477 2391 simul
1498 2314 1602 2413 quod
1623 2314 1706 2413 quis
1728 2322 1838 2413 petat

243 2431 323 2508 ubi²
339 2433 547 2508 defendere
562 2431 729 2521 deberet,
744 2456 813 2507 nec
828 2433 860 2507 si
875 2431 1062 2508 feoffator
1078 2442 1188 2531 petat
1206 2458 1338 2509 versus
1357 2432 1566 2509 leoffatum
1583 2432 1709 2510 suum²
1727 2459 1837 2510 num·

246 2574 363 2649 quam
382 2550 510 2628 locum
529 2549 697 2628 habebit·
718 2551 905 2650 placitum
924 2552 972 2627 de
992 2550 1180 2626 warantis
1199 2557 1325 2627 cartae.
1349 2550 1453 2627 Item
1474 2551 1626 2640 dieitur,
1647 2577 1719 2651 per
1738 2574 1837 2651 pra·

245 2669 392 2748 dictam
412 2671 621 2758 seruitium,
640 2670 679 2747 id
699 2680 758 2747 est
777 2696 848 2768 per
868 2669 1065 2746 servitium
1084 2669 1125 2746 in
1144 2679 1252 2746 carta
1271 2670 1488 2747 donationis
1509 2671 1838 2770 comprehensum,

248 2789 340 2886 quia
360 2788 391 2864 si
412 2788 563 2867 nullum
585 2798 684 2867 esset
706 2790 747 2865 in
767 2799 876 2866 carta
897 2813 1135 2888 expressum,
1158 2789 1356 2888 superflua
1377 2798 1478 2865 esset
1500 2789 1673 2878 adiectio,
1698 2790 1838 2866 scilieet

244 2935 316 3007 per
333 2910 560 3008 pradictum
578 2909 786 2986 servitium.
806 2909 865 2983 Et
880 2910 984 2985 unde
1002 2908 1156 2985 videtur
1173 2908 1276 3007 quod
1293 2909 1422 2983 omnia
1439 2908 1595 2984 servitia
1611 2905 1664 2984 et⁴
1681 2933 1836 2985 consue

245 3026 399 3104 tudines
413 3026 578 3126 exprimi
591 3026 732 3103 debent
744 3027 785 3102 in
798 3036 906 3103 carta
917 3025 1135 3103 donationis
1149 3051 1234 3125 qua
1246 3027 1441 3125 pertinent
1458 3028 1507 3102 ad
1522 3027 1720 3103 dontinum
1734 3027 1837 3126 capi·

246 3145 366 3221 talem
383 3144 645 3222 feoffatorem⁸
663 3145 726 3222 ex'
744 3155 964 3224 tenemento
982 3146 1086 3234 dato,
1106 3155 1145 3222 et
1164 3146 1267 3244 quod
1286 3145 1380 3222 nihil
1400 3144 1505 3222 aliud
1525 3146 1605 3244 peti
1624 3147 1746 3245 possit
1766 3147 1838 3223 nisi

249 3266 353 3364 quod
374 3266 415 3342 in
435 3275 544 3342 carta
564 3265 780 3342 donationis
801 3291 1026 3364 expressum
1048 3264 1179 3341 fuerit.
1203 3264 1371 3341 Videtur
1393 3265 1509 3341 etiam
1532 3290 1603 3364 per
1623 3264 1701 3340 haec
1723 3264 1841 3342 verba

250 3386 354 3484 quod
369 3385 534 3461 donator
550 3385 600 3462 ad
616 3384 843 3462 warentiam
858 3384 1053 3461 tenebitur
1069 3384 1242 3484 quamvis
1259 3384 1481 3482 homagium
1497 3410 1576 3461 non
1592 3385 1841 3463 intervenerit

249 3528 319 3579 nee
330 3502 507 3580 fidelitas.
521 3504 579 3580 Et
593 3503 775 3602 quoniam
786 3502 1001 3579 huiusmodi
1015 3502 1214 3601 scriptura
1226 3527 1305 3578 non
1316 3512 1416 3580 esset
1429 3503 1525 3580 fides
1539 3502 1755 3580 adhibenda
1768 3503 1840 3580 nisi

250 3625 404 3722 signum
418 3621 691 3710 interveniret:
708 3624 811 3720 quod
826 3619 914 3698 talis
930 3620 1087 3697 donatio
1103 3631 1142 3698 et
1158 3621 1350 3720 scriptura
1367 3648 1390 3697 a
1405 3621 1636 3698 conscientia
1651 3632 1690 3698 et
1706 3621 1840 3697 volun·
1965 3627 1970 3634 '

249 3751 330 3819 tate
349 3742 546 3819 donatoris
564 3748 773 3829 emanaret,
791 3739 877 3816 ideo
896 3740 937 3815 in
956 3739 1218 3816 testimonium
1237 3749 1276 3816 et
1296 3738 1628 3839 approbationem⁸
1648 3743 1703 3817 rei
1722 3750 1841 3839 gestae

250 3863 414 3962 apponit
439 3861 604 3939 donator
630 3863 784 3959 signum
810 3861 1007 3938 adiciendo
1032 3861 1073 3937 in
1099 3868 1207 3937 carta
1232 3860 1449 3937 donationis
1476 3859 1687 3939 clausulam
1714 3863 1839 3953 istam,

251 3983 370 4077 Quod
386 3992 431 4061 at
449 3992 578 4060 ratam
597 3984 646 4061 ait
664 3993 842 4060 etcetera.
861 3982 936 4059 Vel
956 3983 1019 4070 sic,
1038 3984 1092 4057 lo
1111 3982 1219 4058 aaut
1236 3983 1292 4059 rei
1311 3982 1571 4060 testimonum
1591 3981 1678 4059 baie
1695 3983 1839 4083 scripto

249 4103 420 4204 optilam
441 4129 569 4182 meam
593 4105 768 4204 apposni.
791 4103 949 4180 Debent
973 4104 1090 4180 etiam
1112 4112 1229 4180 testes
1253 4104 1302 4180 ad
1325 4103 1395 4178 hoc
1418 4104 1557 4193 vocari,
1580 4113 1626 4181 ut
1649 4106 1720 4181 sub
1744 4129 1839 4203 prae-

251 4224 538 4302 sentiaeon1m⁹
556 4226 684 4302 omnia
702 4250 789 4301 eum
808 4225 1062 4302 sollemnitate
1081 4227 1303 4324 procedant,
1323 4232 1369 4299 ut
1388 4225 1590 4302 veritatem
1609 4224 1733 4301 dicere
1752 4251 1839 4325 pos·

251 4344 328 4423 sint
342 4347 373 4424 si
387 4344 475 4424 inde
490 4346 637 4424 fuerint
651 4347 835 4446 requisiti,
850 4356 889 4423 et
904 4372 1037 4424 eorum
1051 4347 1207 4424 nomina
1223 4346 1363 4423 debent
1379 4346 1419 4423 in
1434 4357 1542 4423 carta
1557 4346 1838 4446 comprehendi.

251 4466 309 4544 Et
327 4467 358 4543 si
376 4467 416 4541 in
434 4467 673 4545 confectione
691 4475 807 4543 cartoe
824 4476 1030 4567 praesentes
1049 4493 1128 4544 non
1146 4468 1305 4557 fuerint,
1326 4467 1464 4546 suffieit
1483 4469 1514 4546 si
1533 4469 1781 4567 postmodum
1799 4468 1840 4544 in

251 4590 455 4688 prasentia
477 4589 674 4666 donatoris
698 4597 738 4666 et
761 4589 952 4666 donatarii
976 4589 1096 4666 fuerit
1120 4589 1281 4666 recitata
1304 4599 1344 4667 et
1368 4613 1556 4679 concessa,
1581 4599 1621 4667 et
1643 4589 1777 4667 utilius
1801 4599 1841 4666 et

251 4806 278 4842 ⁴¹
288 4806 431 4882 voluerit,
446 4809 486 4883 V,
501 4807 570 4885 OB,
586 4809 654 4882 LA,
670 4809 737 4885 ΟΕ,
753 4810 826 4870 MC.
864 4806 892 4841 ⁴²
903 4809 983 4885 Om.,
1000 4809 1078 4884 MG,
1095 4810 1168 4870 CM.
1207 4807 1233 4842 ⁴⁸
1245 4815 1399 4884 teneatur,
1415 4809 1484 4886 OA,
1501 4810 1568 4886 LA,
1585 4809 1652 4884 OC,
1670 4809 1745 4883 MC,
1762 4808 1840 4883 MG,

252 4909 331 4982 CM;
348 4917 503 4984 tenentur,
521 4911 595 4972 MA
633 4909 830 4988 “qnantum
846 4910 913 4985 LA,
932 4910 1005 4972 MC.
1045 4908 1159 4987 ⁴⁸quae,
1177 4911 1255 4984 MG,
1273 4911 1346 4972 CM.
1385 4907 1413 4942 ⁴⁸
1424 4929 1564 4985 narrare,
1581 4908 1650 4983 OB,
1668 4908 1745 4984 MA,
1764 4909 1838 4970 ΜΒ.

250 5008 317 5045 ⁴¹⁴⁸
327 5014 361 5074 in
377 5011 527 5090 generali,
543 5012 612 5087 OB,
628 5013 704 5088 MA,
722 5013 796 5073 MB.

334 5111 418 5174 ²aibi
437 5106 500 5189 nbi,
519 5113 565 5186 Y;
586 5111 645 5175 sibi
664 5113 756 5192 qnod,
777 5114 850 5186 0133
871 5111 924 5174 nbl
945 5112 1037 5192 qnod,
1057 5114 1139 5186 MA;
1159 5111 1229 5189 sibi,
1250 5113 1325 5173 ΜΒ.
1367 5110 1381 5144 ²
1393 5113 1473 5190 Om.,
1494 5112 1563 5189 OA,
1584 5111 1652 5184 LA,
1672 5109 1740 5188 OC,
1761 5111 1840 5190 MG,

250 5214 323 5275 CM.
364 5213 491 5290 ‘babet
510 5215 577 5289 LA,
595 5215 669 5275 MC.
709 5213 840 5291 ‘'⁸Om.,
858 5215 924 5288 LA,
944 5216 1007 5275 Mc
1031 5213 1119 5292 (†).
1159 5212 1226 5288 ‘et,
1245 5215 1324 5290 MG,
1343 5214 1416 5274 CM.
1457 5211 1694 5287 'intervenerit,
1713 5213 1753 5287 V,
1772 5212 1840 5289 OC,

250 5313 325 5391 OM,
344 5315 383 5376 Y.
425 5312 673 5394 ‘probationem
691 5315 761 5392 OA,
780 5315 848 5392 LA,
867 5316 934 5391 OC,
955 5315 1034 5389 MG,
1053 5316 1133 5388 CM;
1154 5317 1450 5393 appropriationem,
1472 5314 1552 5387 MC;
1573 5313 1786 5392 probationem
1807 5319 1840 5373 et

249 5416 515 5496 approbationem,
528 5418 567 5477 Y.
601 5416 614 5451 ⁰
625 5421 773 5495 ipsorum,
786 5416 855 5492 OB,
868 5415 945 5492 MA,
957 5416 1032 5477 MB.
