4432 6340
400 559 474 627 214
932 551 1155 613 BBACTON:
1177 551 1238 612 DE
1261 552 1454 614 LEGIBUS

399 701 539 779 habeas
552 702 594 779 in
605 702 676 778 hoc
689 702 846 800 negotio
861 711 1037 779 etcetera.
1055 704 1173 780 Teste
1188 710 1364 780 etcetera.
1380 703 1459 781 Est
1473 700 1617 779 etiam⁶⁶
1632 703 1708 779 alia
1723 704 1852 780 forma
1866 703 1990 780 brevis

400 826 448 901 de
468 825 688 901 extensione
711 825 889 901 facienda
908 826 957 902 de
978 850 1166 903 consensu
1186 826 1358 926 partium
1379 851 1452 926 per
1472 826 1726 914 concordiam,
1747 835 1789 904 et
1810 826 1992 924 dirigitur

399 944 621 1024 vicecomiti.

499 1073 629 1149 Breve
653 1071 703 1150 da
726 1070 866 1149 seiano
888 1070 1069 1166 socienda
1094 1071 1341 1149 coheredibus
1366 1096 1453 1148 man
1480 1072 1699 1150 convenerit
1725 1074 1828 1151 inter
1853 1098 1917 1152 eoa
1943 1075 1992 1152 da

499 1190 720 1289 partitione.

400 1316 498 1392 Rnx
520 1313 731 1390 vicecomiti
756 1313 930 1390 salutem.
959 1312 1094 1390 Scias⁵²
1120 1315 1224 1413 quod
1248 1315 1425 1393 convenit
1448 1315 1550 1392 inter
1574 1316 1628 1392 A.
1655 1325 1852 1414 petentem
1877 1325 1917 1394 et
1940 1318 1989 1394 Β.

400 1445 597 1515 tenentem
620 1436 669 1514 de
693 1435 764 1513 tali
787 1435 959 1512 manerio
983 1461 1072 1513 cum
1098 1437 1339 1535 pertinentiis
1364 1437 1405 1513 in
1430 1436 1500 1514 tali
1525 1439 1723 1527 comitatu,
1749 1437 1816 1515 et³⁸
1841 1440 1891 1515 dc
1917 1438 1991 1515 alio

400 1560 572 1636 manerio
596 1557 949 1658 compertinentiis
973 1560 1014 1634 in
1038 1559 1113 1635 alio
1136 1561 1322 1637 comitatu
1346 1557 1456 1648 tali,⁸⁹
1481 1568 1520 1636 et
1544 1560 1598 1637 sic
1622 1561 1653 1637 si
1677 1559 1792 1660 plura
1817 1560 1991 1640 fuerint⁸⁰

400 1685 572 1762 maneria
585 1684 625 1759 in
638 1682 796 1759 diversis
810 1681 1052 1758 comitatibus
1066 1682 1114 1758 de
1129 1681 1266 1781 quibus
1281 1683 1364 1758 fieri
1379 1682 1516 1759 debeat
1530 1681 1717 1781 partitio⁶²
1732 1683 1833 1761 inter
1847 1692 1990 1783 partes.

400 1807 459 1883 Et
473 1817 567 1884 tunc
580 1804 659 1883 sic‘2
674 1805 826 1883 dicatur
840 1805 993 1894 scilicet,
1009 1806 1114 1904 quod
1127 1805 1311 1882 medietas
1326 1805 1498 1882 omnium
1512 1815 1705 1882 terrarum
1720 1807 1992 1907 praedictarum

401 1937 598 2005 remaneat
614 1928 688 2027 ipsi
705 1929 758 2004 A.
775 1936 814 2005 et
831 1927 1033 2004 heredibus
1051 1927 1127 2005 suis
1145 1927 1300 2027 quieta⁸⁸
1317 1928 1366 2005 de
1382 1929 1466 2026 ipso
1483 1929 1532 2004 Β.
1551 1939 1591 2006 et
1606 1928 1808 2007 heredibus
1827 1928 1905 2006 suis
1922 1929 1991 2007 im·

400 2061 646 2150 perpetuum,
667 2061 706 2128 et
728 2051 803 2126 alia
823 2051 1007 2127 medietas
1028 2076 1116 2127 cum
1137 2051 1378 2149 pertinentiis
1399 2051 1440 2127 in
1462 2051 1637 2129 omnibus
1658 2052 1772 2129 rebus
1794 2062 1991 2131 remaneat

399 2172 552 2250 eidem⁸⁴
569 2174 619 2249 B.
637 2181 676 2250 et
693 2172 895 2249 heredibus
914 2173 991 2251 suis
1011 2173 1137 2272 quiete
1157 2175 1204 2250 de
1222 2175 1307 2274 ipso
1324 2172 1407 2249 A.⁶⁸
1426 2184 1465 2251 et
1482 2173 1683 2251 heredibus
1704 2175 1782 2252 suis
1800 2175 1991 2274 imperpe-

400 2304 525 2384 tuum,
549 2295 606 2373 ita
628 2304 761 2372 tamen
784 2297 889 2394 quod
913 2321 1001 2372 cum
1025 2321 1157 2373 omnes
1182 2306 1294 2373 terrae
1318 2305 1358 2374 et
1382 2297 1499 2373 feoda
1523 2297 1695 2374 omnium
1720 2297 1992 2396 praedictorum

400 2416 617 2494 honorum⁰⁶
635 2419 675 2494 in
694 2418 869 2495 omnibus
887 2419 1001 2496 rebus
1019 2445 1090 2518 per
1108 2418 1251 2517 legales
1269 2419 1452 2509 homines,
1472 2421 1521 2497 de
1539 2445 1726 2496 consensu
1744 2421 1918 2519 ipsorum
1937 2422 1989 2496 A.

401 2548 440 2615 et
456 2538 504 2613 Β.
521 2539 672 2628 electos
689 2549 849 2616 extensa
865 2539 1011 2617 fuerint
1029 2549 1068 2616 et
1085 2541 1306 2641 appretiata
1324 2539 1613 2630 rationabiliter,
1630 2542 1683 2617 A.
1701 2551 1741 2618 et
1758 2541 1914 2619 heredes
1933 2542 1991 2618 sui

400 2660 595 2738 habebunt
608 2660 854 2738 medietatem
866 2687 975 2738 suam
988 2662 1036 2738 de
1049 2661 1118 2738 tali
1132 2661 1275 2739 honore
1289 2671 1329 2739 et
1340 2660 1423 2750 tali,
1436 2659 1503 2738 et⁰'
1517 2662 1566 2737 B.
1583 2672 1621 2739 et
1635 2661 1791 2740 heredes
1805 2664 1864 2739 sui
1878 2661 1991 2740 habe·

401 2784 498 2861 bunt
516 2809 625 2860 suam
642 2782 888 2861 medietatem
904 2784 952 2859 de
968 2781 1038 2859 tali
1054 2782 1199 2858 honore
1215 2790 1255 2859 et
1272 2781 1382 2859 tali.⁶⁸
1400 2783 1459 2860 Et
1476 2783 1507 2860 si
1525 2783 1638 2859 alicui
1656 2784 1829 2883 ipsorum
1847 2783 1991 2884 aliquid

400 2907 585 2984 defecerit
601 2907 642 2982 in
657 2905 849 3007 praedictis
864 2903 1071 2980 honoribus
1089 2904 1137 2980 de
1152 2903 1357 2981 medietate
1375 2929 1456 2992 sua,
1474 2903 1513 2980 id
1531 2905 1635 3003 quod
1653 2905 1687 2981 ei
1705 2904 1885 2993 defuerit,
1904 2930 1991 3003 per·

401 3029 552 3106 ficietur
570 3029 605 3106 ei
626 3029 674 3105 de
693 3027 764 3105 tali
784 3027 926 3104 honore
946 3028 1030 3103 loco
1051 3026 1294 3126 competenti.
1317 3027 1376 3103 Et
1397 3025 1511 3102 ideo⁶⁹
1533 3027 1603 3103 tibi
1624 3027 1866 3127 precipimus
1888 3028 1992 3126 quod

401 3151 609 3250 assumptis
624 3160 753 3228 tecum
770 3159 947 3239 etcetera,
963 3159 1010 3228 ut
1026 3175 1156 3249 supra.
1175 3150 1279 3225 Item
1296 3148 1400 3225 aliud
1417 3150 1532 3226 breve
1548 3150 1597 3226 de
1614 3151 1747 3227 eodem
1766 3149 1798 3226 si
1815 3175 1887 3250 per
1903 3174 1991 3226 con·

400 3272 581 3349 cordiam.

500 3396 527 3471 1
528 3403 606 3472 tem
622 3394 728 3472 aliod
742 3395 790 3472 de
805 3396 939 3472 eodem
954 3395 987 3471 ai
1000 3395 1197 3493 particeps
1212 3403 1346 3472 tenena
1362 3393 1627 3492 recopooverit
1642 3393 1824 3493 participi
1839 3403 1992 3493 portem

501 3537 624 3601 mom,
640 3523 678 3591 et
693 3512 798 3613 qood
811 3513 881 3611 fiat
896 3512 1078 3590 cotentio.

403 3637 499 3712 Rux
524 3634 735 3713 vicecomiti
763 3637 937 3713 salutem.
969 3634 1104 3712 Scias²⁰
1131 3637 1235 3735 quod
1263 3661 1351 3712 cum
1378 3636 1431 3712 A.
1460 3635 1501 3712 in
1529 3635 1636 3712 curia
1662 3644 1797 3712 nostra
1825 3644 1992 3712 etcetera

401 3766 551 3855 peteret
569 3784 701 3834 versus
720 3758 769 3834 Β.
788 3767 940 3835 tantam
958 3768 1103 3835 terram
1121 3783 1208 3835 cum
1227 3757 1469 3856 pertinentiis
1488 3757 1529 3834 in
1547 3757 1617 3834 tali
1636 3757 1739 3846 villa,
1759 3767 1805 3834 ut
1824 3758 1992 3834 rationa-

402 3878 515 3955 bilem
531 3887 684 3978 partem
701 3904 820 3968 suam,
839 3903 922 3978 quae
939 3905 1027 3956 eum
1044 3878 1292 3977 contingebat
1308 3879 1356 3956 de
1371 3878 1583 3955 hereditate
1602 3879 1660 3967 0.,
1678 3878 1801 3977 patris
1818 3877 1880 3954 vel
1897 3877 1991 3955 alte-

402 3999 480 4076 rius
500 4009 783 4077 antecessorum
801 4000 1073 4100 praedictorum
1090 4000 1143 4076 A.
1164 4009 1204 4076 et
1222 4001 1284 4088 B,
1303 3999 1410 4077 cuius
1429 3999 1585 4076 heredes
1604 3999 1678 4099 ipsi
1699 4009 1800 4088 sunt,
1821 3999 1923 4076 idem
1942 4000 1991 4075 B.

401 4123 570 4200 venitin
594 4124 728 4200 eadem
752 4123 858 4198 curia
882 4131 921 4198 et
945 4122 1168 4220 recognovit
1192 4129 1316 4198 totam
1341 4121 1565 4220 predictam
1589 4130 1735 4197 terram
1761 4145 1849 4197 cum
1874 4121 1992 4219 perti·

401 4247 541 4324 nentiis
556 4273 638 4323 esse
653 4246 712 4322 ius
728 4245 849 4343 ipsius
864 4244 930 4332 A,
947 4253 992 4320 ut
1009 4242 1274 4320 rationabilem
1292 4250 1444 4341 partem
1462 4267 1571 4318 suam
1588 4267 1672 4340 quae
1690 4268 1778 4318 eum
1795 4241 1991 4339 continge·

401 4368 470 4444 bat
487 4368 536 4444 de
554 4367 738 4466 praedicta
755 4363 978 4452 hereditate,
997 4361 1213 4439 habendam
1232 4371 1272 4439 et
1290 4364 1497 4439 tenendam
1518 4363 1640 4440 eidem
1659 4363 1712 4438 A.
1735 4370 1911 4439 etcetera.
1934 4363 1993 4438 Et

311 4565 315 4574 ,
401 4488 487 4564 ideo
502 4487 572 4562 tibi
588 4486 829 4586 precipimus
846 4485 949 4583 quod
964 4484 1171 4583 assumptis
1188 4493 1316 4560 tecum
1331 4483 1518 4580 legalibus
1535 4493 1574 4560 et
1590 4484 1762 4560 discretis
1776 4483 1992 4559 hominibus

404 4602 451 4685 de
466 4608 643 4707 proximo
657 4606 806 4682 visneto
818 4606 907 4682 talis
922 4605 1033 4694 villae,
1048 4605 1088 4680 in
1103 4603 1264 4703 propria
1278 4614 1528 4703 personatus
1544 4603 1699 4681 accedas
1717 4606 1766 4681 sd
1782 4604 1900 4680 talem
1916 4615 1992 4682 ter·

402 4757 498 4819 ram,
517 4740 557 4807 et
574 4753 796 4830 percorum
816 4735 1098 4803 sacramentum
1115 4733 1261 4802 terram
1280 4726 1386 4802 illam
1406 4724 1561 4801 extendi
1581 4725 1701 4803 iacias
1721 4733 1761 4802 et
1781 4725 1993 4824 appretiari

403 4853 443 4930 in
459 4849 667 4939 dominicis,
684 4847 909 4947 villenagiis,
924 4857 964 4924 et
980 4846 1141 4923 servitiis
1156 4846 1365 4923 liberorum
1380 4845 1589 4936 hominum,
1606 4846 1647 4922 in
1662 4846 1843 4946 pasturis,
1860 4847 1993 4935 boscis,

402 5069 430 5105 00
442 5078 483 5147 et
503 5070 571 5144 OA,
592 5070 659 5144 LA,
681 5068 755 5144 MC,
777 5067 853 5129 MG.
895 5064 921 5100 00
933 5069 1050 5140 soiat's
1070 5066 1138 5141 OA,
1161 5064 1229 5142 OB,
1251 5065 1318 5139 OC,
1340 5065 1416 5139 MA,
1439 5064 1515 5138 ΜΒ,
1537 5065 1604 5141 LA,
1626 5066 1699 5126 CM.
1743 5063 1810 5100 ⁶⁶⁶⁶⁶
1822 5066 1902 5140 Om.,
1925 5066 1994 5141 OB,

405 5172 481 5245 MA,
506 5172 582 5245 ΜΒ,
606 5171 675 5246 ΟΕ,
700 5170 741 5245 Υ,
766 5169 842 5231 ΜΟ.
890 5165 1009 5242 00,οω
1035 5167 1104 5243 ΟΒ,
1131 5168 1206 5243 MA,
1233 5168 1315 5240 ΜΒ·
1342 5166 1480 5241 fuerunt,
1508 5165 1633 5228 LA.⁶
1635 5167 1870 5246 1participatio,
1899 5169 1993 5230 MSS.

504 5268 580 5345 ⁰²si,
596 5271 665 5345 OB,
681 5271 757 5343 MA,
774 5270 850 5343 ΜΒ,
867 5269 906 5343 Y,
923 5268 1001 5341 MG,
1017 5269 1089 5329 CM.
1129 5264 1248 5341 0οΟιιι,
1264 5267 1332 5340 ΟΒ,
1351 5268 1426 5341 MA,
1444 5269 1520 5341 ΜΒ,
1538 5269 1605 5343 ΟΕ,
1623 5271 1662 5344 Y,
1681 5267 1824 5332 Μο.0
1835 5275 1907 5349 ipsi,
1924 5270 1994 5344 ΟΒ,

402 5291 479 5446 MA,
495 5369 619 5432 MB.⁸
621 5369 725 5445 0οιιι,
742 5370 810 5446 OA,
826 5369 893 5444 LA,
909 5369 976 5444 OC,
993 5370 1067 5444 MC,
1083 5368 1150 5443 ΟΕ,
1166 5366 1284 5430 ΟΒ.0
1286 5365 1469 5446 ‘bonorum
1486 5370 1560 5446 CM,
1577 5370 1655 5445 MG,
1671 5372 1710 5432 Y.
1749 5369 1815 5405 00000
1827 5371 1908 5448 Οιιι.,
1925 5374 1994 5449 OA,

403 5468 1658 5550 OB,LA.⁸⁹„„.0nr013MAMBY²⁰setatu„,0A013MA‚,.Muoc
