4392 6352
844 501 905 564 na
928 501 1202 566 aenomaus
1748 511 1822 578 325

234 658 273 726 et
293 649 420 739 tertia,
442 651 533 749 quia
552 677 625 750 per
646 652 836 729 fossatum
857 653 954 730 illud
974 655 1120 753 poterit
1142 653 1301 731 alicuius
1324 679 1432 752 aquae
1455 678 1588 731 cursus
1610 653 1750 731 iniuste
1774 655 1824 730 ad

233 779 507 845 nocumentum
523 769 667 846 domini
683 770 831 848 diverti.
849 773 907 848 Et
923 772 1014 871 quia
1028 771 1107 849 ibi⁶²
1126 782 1216 849 sunt
1232 773 1363 871 plures
1380 771 1527 848 iniuriae
1543 798 1592 848 ex
1609 798 1687 849 uno
1706 775 1823 862 facto,

234 914 305 987 per
329 889 401 964 hoc
427 888 571 988 poterit
598 890 822 989 delinquens
850 890 1025 989 pluribus
1052 891 1264 968 actionibus
1292 890 1414 967 teneri
1442 891 1521 980 uni,
1549 901 1588 968 et
1617 892 1823 990 aliquando

233 1007 420 1105 pluribus.
444 1008 502 1084 Et
524 1007 669 1105 poterit
689 1008 752 1084 ille
774 1009 835 1084 cui
856 1009 1081 1086 iniuriatum
1103 1019 1160 1086 est
1182 1009 1358 1085 omnibus
1381 1010 1494 1086 simul
1517 1010 1548 1086 si
1570 1010 1735 1086 voluerit
1759 1036 1823 1086 ex·

232 1127 351 1226 periri
364 1127 426 1204 vel
439 1126 614 1203 vicissim.
631 1127 770 1204 Plures
785 1127 887 1204 enim
900 1127 1067 1204 actiones
1082 1129 1252 1226 poenales
1267 1129 1316 1204 de
1330 1128 1463 1205 eadem
1477 1155 1519 1204 re
1535 1129 1612 1204 sive
1627 1130 1676 1205 de
1690 1129 1824 1206 eodem

234 1245 340 1322 facto
360 1254 642 1335 concurrentes,
663 1271 742 1322 una
762 1246 878 1322 aliam
899 1272 977 1322 non
998 1246 1199 1335 consumit,
1222 1247 1313 1345 quia
1334 1257 1523 1345 quatenus
1545 1247 1671 1324 minus
1694 1272 1823 1324 conse·

233 1373 345 1441 cutus
369 1363 488 1441 fuerit
511 1389 581 1462 per
603 1389 722 1441 unam
745 1365 924 1462 consequi
947 1365 1090 1463 poterit
1115 1367 1146 1441 si
1169 1364 1334 1441 voluerit
1358 1391 1429 1462 per
1453 1365 1579 1455 aliam,
1604 1367 1635 1442 si
1660 1366 1824 1442 vicissim

233 1485 355 1581 egerit
373 1494 413 1561 et
432 1483 649 1561 successive.
672 1483 751 1560 Sed
769 1481 884 1558 cum¹⁵²
904 1483 1034 1582 plures
1053 1492 1276 1581 competant
1296 1483 1463 1560 actiones
1483 1510 1534 1560 ex
1551 1510 1631 1560 uno
1652 1485 1759 1560 facto
1778 1493 1823 1560 ut

233 1602 459 1701 pradictum
474 1612 544 1690 est,
558 1601 769 1678 videndum
783 1600 883 1676 eric*
899 1610 1031 1678 utrum
1047 1627 1177 1678 omnes
1192 1601 1338 1678 iniuriae
1353 1603 1467 1678 unica
1482 1602 1630 1679 actione
1646 1601 1824 1701 possint⁶⁴

232 1721 441 1798 terminari.
456 1721 562 1810 Quia
572 1745 660 1796 cum
670 1721 757 1797 lites
770 1721 1046 1818 restringenda
1058 1721 1147 1810 sint,
1159 1745 1238 1795 non
1251 1721 1408 1818 expedit
1422 1720 1597 1820 pluribus
1611 1721 1823 1797 actionibus

232 1839 262 1915 f.
278 1842 372 1933 115]
428 1841 593 1915 uticum
614 1865 693 1914 una
714 1837 876 1916 sufficiat
898 1865 970 1937 pro
992 1838 1178 1928 omnibus
1202 1840 1252 1916 ad
1273 1839 1556 1916 demoliendum
1578 1840 1674 1917 illud
1696 1849 1823 1917 totum

233 1963 337 2060 quod
351 1960 530 2037 iniuriose
546 1961 779 2047 factumest,
795 1966 834 2036 et
850 1960 900 2035 ad
916 1957 1135 2057 pristinum1
1153 1967 1297 2035 statum
1314 1959 1559 2048 reformetur,
1577 1961 1679 2058 quod
1695 1985 1756 2036 res
1773 1960 1823 2035 sit

232 2079 331 2156 sicut
348 2105 429 2156 esse
445 2079 541 2155 solet
558 2088 597 2155 et
614 2077 739 2154 debet.
757 2077 877 2152 Unde
894 2077 1149 2153 necessarium
1165 2078 1238 2154 erit
1256 2079 1359 2175 quod
1378 2079 1563 2175 procedat
1581 2077 1698 2154 assisa
1716 2103 1824 2153 novae

232 2197 448 2286 disseisinae,
470 2197 574 2296 quod
596 2197 786 2273 fossatum
807 2196 962 2271 omnino
985 2204 1266 2295 prosternatur,
1289 2205 1328 2272 et
1350 2196 1420 2273 fiat
1442 2206 1705 2274 tenementum
1727 2196 1823 2272 adeo

233 2318 395 2418 planum
409 2318 507 2394 sicut
522 2342 603 2394 esse
619 2317 726 2392 solet.
745 2315 824 2390 Per
839 2315 909 2390 hoc
925 2314 1026 2391 enim
1042 2314 1186 2413 poterit
1202 2314 1266 2390 via
1281 2314 1479 2391 obstructa
1495 2315 1648 2414 aperiri,
1666 2324 1706 2391 et
1723 2341 1824 2414 aqua

231 2435 481 2514 trestornata²
512 2435 681 2533 recipere
713 2458 868 2509 cursum
901 2432 1083 2508 debitum.
1118 2433 1176 2509 Et
1209 2433 1262 2509 sic
1295 2443 1480 2531 potenmt
1513 2459 1644 2511 omnes
1677 2432 1824 2509 iniuria

231 2556 344 2632 unica
370 2555 518 2631 actione
543 2553 754 2642 terminari,
781 2562 820 2629 et
846 2553 1056 2628 secundum
1082 2552 1343 2628 diversitatem
1370 2563 1689 2628 nocumentorum
1715 2562 1822 2652 pote·

231 2688 324 2755 runt
344 2678 488 2760 damna
506 2675 697 2752 aestimari.
722 2676 765 2751 Si
785 2684 915 2752 autem
935 2675 1060 2774 primo
1082 2684 1236 2751 tantum
1259 2685 1440 2772 ageretur
1461 2677 1509 2752 de
1530 2677 1592 2751 via
1614 2677 1822 2765 obstructa,

232 2800 356 2876 adhuc
389 2826 461 2899 pro
491 2825 636 2897 magna
667 2806 780 2898 parte
810 2823 1008 2874 remanere
1039 2797 1183 2896 poterit
1212 2797 1353 2874 iniuria
1382 2800 1429 2874 de
1461 2799 1608 2875 fossato
1637 2809 1678 2875 et
1709 2799 1823 2897 aqua⁸

232 2930 480 3011 trestornata,
496 2932 535 2999 et
550 2920 595 2999 si⁴
611 2921 737 3020 primo
752 2930 907 2998 tantum
922 2922 971 2997 de
986 2947 1087 3019 aqua
1101 2930 1348 3010 trestornata,
1366 2921 1490 2997 adhuc
1508 2922 1717 2998 remanere⁸
1735 2948 1822 3021 pos·

235 3046 346 3122 setin
360 3070 505 3143 magna
518 3055 630 3144 parte
646 3045 785 3120 iniuria
800 3045 847 3120 de
864 3046 1023 3133 fossato,
1039 3053 1078 3120 et
1094 3045 1210 3120 etiam
1225 3044 1380 3120 omnino
1397 3046 1445 3121 de
1460 3045 1523 3120 via
1538 3045 1746 3122 obstructa.
1765 3046 1823 3121 Et

233 3167 318 3242 ideo
337 3167 472 3244 melius
491 3167 562 3244 est⁶
580 3169 683 3266 quod
701 3193 772 3266 per
789 3167 942 3243 unicam
961 3167 1149 3243 actionem
1168 3192 1298 3243 omnes
1319 3166 1431 3243 simul
1450 3168 1708 3244 terminentur
1726 3168 1822 3243 iniu-

235 3291 310 3381 riae,
324 3317 441 3390 quam
454 3317 527 3391 per
540 3291 681 3390 plures.
699 3292 803 3367 Item
818 3315 866 3366 ex
880 3316 958 3366 uno
974 3290 1113 3366 delicto
1128 3289 1218 3366 sive¹
1236 3288 1355 3366 facto⁸
1370 3290 1501 3389 plures
1518 3289 1608 3365 oriri
1624 3288 1823 3389 poterunt⁹

234 3415 401 3491 actiones
421 3413 635 3490 criminales
655 3421 694 3489 et
715 3413 897 3512 poenales,
917 3422 956 3489 et
976 3424 1194 3511 competere
1214 3414 1389 3512 pluribus
1411 3415 1508 3490 sicut
1528 3413 1607 3502 uni,
1628 3423 1668 3490 et
1690 3425 1824 3492 contra

233 3562 356 3612 unum
373 3545 413 3613 et
430 3536 572 3635 plures,
593 3537 670 3612 sive
688 3545 897 3612 nascantm
916 3562 964 3610 ex
981 3562 1060 3611 uno
1080 3536 1186 3612 facto
1204 3535 1266 3611 vel
1284 3536 1471 3634 pluribus,
1491 3538 1702 3612 secundum
1720 3538 1824 3635 quod

234 3658 386 3757 plenius
399 3660 548 3736 dicetur
559 3659 665 3734 infra
678 3660 725 3735 de
738 3659 889 3756 placitis
903 3683 1062 3747 coronae,
1076 3659 1125 3734 de
1139 3658 1302 3757 appellis
1316 3669 1355 3736 et
1369 3658 1583 3756 poenalibus
1600 3659 1822 3735 actionibus.

236 3783 339 3859 Item
363 3807 413 3857 ex
436 3807 515 3858 uno
540 3782 646 3858 facto
669 3781 731 3857 vel
756 3782 894 3857 delicto
920 3783 1050 3879 plures
1077 3792 1240 3878 possunt
1265 3781 1356 3856 oriri
1382 3782 1549 3857 actiones
1575 3781 1757 3879 poenales,
1785 3790 1824 3858 et

234 3903 409 4002 pluribus
424 3914 641 4002 competere
657 3903 755 3980 sicut
770 3904 849 3992 uni,
864 3912 910 3980 ut
924 3904 955 3979 si
971 3904 1032 3978 cui
1048 3903 1187 3979 iniuria
1202 3902 1311 3979 illata
1328 3904 1447 3980 fuerit
1464 3928 1534 4001 per
1549 3903 1633 3979 illos
1651 3897 1824 4002 quisunt

235 4026 306 4101 sub
322 4025 419 4102 sua¹⁰
436 4034 639 4125 potestate,
657 4025 755 4118 sicut
772 4035 863 4102 sunt
879 4025 992 4114 filius,
1009 4025 1100 4114 filia,
1118 4026 1179 4102 vel
1196 4025 1259 4101 alii
1278 4025 1342 4123 qui
1360 4033 1451 4101 sunt
1468 4026 1516 4101 de
1534 4024 1692 4101 alicuius
1711 4025 1824 4101 fami·

234 4146 297 4237 lia,
320 4149 421 4225 etin
444 4147 598 4225 servitio
621 4175 690 4225 suo
713 4148 1010 4236 verberaverit,²¹
1035 4145 1333 4236 vulneraverit,²²
1357 4145 1423 4224 et²⁸
1448 4146 1547 4223 male
1571 4144 1823 4223 tractaverit¹⁴

234 4280 370 4347 contra
390 4295 537 4369 pacem,
559 4271 743 4370 competit
765 4272 919 4370 quidem
940 4271 974 4347 ei
995 4272 1094 4347 actio
1117 4271 1183 4369 qui
1203 4271 1302 4346 ictus
1324 4270 1506 4346 sustinuit
1528 4277 1568 4344 et
1589 4269 1761 4357 vulnera,
1785 4277 1824 4344 et

234 4392 386 4491 ipsam¹⁶
412 4391 662 4468 violentiam²⁸
690 4392 847 4482 directa,
875 4403 921 4470 ut
948 4391 1231 4491 consequatur¹'
1262 4418 1375 4468 suum
1402 4391 1585 4468 interesse
1614 4391 1823 4467 secundum

233 4609 260 4645 ⁸²
271 4610 335 4686 ubi,
353 4612 422 4688 OB,
439 4612 516 4688 MA,
533 4613 608 4674 MB.
647 4609 674 4646 ⁸²
686 4616 724 4688 ai,
742 4611 809 4687 OE,
826 4612 866 4675 Y.
906 4610 1002 4689 ⁸⁸eat,
1020 4613 1089 4690 OB,
1108 4612 1185 4687 MA,
1203 4613 1280 4690 MB,
1300 4611 1366 4688 ΟΕ,
1386 4612 1426 4687 Y,
1445 4612 1513 4688 LA,
1531 4612 1604 4673 MC.
1645 4609 1672 4644 ¹⁵⁴
1683 4618 1824 4689 possunt,

234 4713 301 4787 LA,
318 4713 393 4788 MA,
410 4714 488 4790 MG,
504 4715 545 4790 Y,
562 4715 629 4791 ΟΕ,
646 4715 721 4792 CM,
737 4715 811 4777 MC.

316 4813 516 4892 ²praeiatum
537 4815 609 4889 LA3
628 4819 771 4893 primum,
791 4815 860 4892 OB,
880 4817 956 4892 MA,
976 4816 1052 4892 MB,
1073 4815 1140 4890 CE,
1159 4816 1198 4876 Y.
1240 4813 1433 4889 'retornata,
1453 4815 1525 4887 003
1545 4812 1735 4887 bestornata,
1756 4812 1823 4886 LA,

233 4916 314 4989 MC;
335 4923 410 4978 tunc
429 4923 564 4992 tornata,
584 4917 662 4994 MG,
683 4917 762 4992 cM;
783 4923 988 4992 cresturnata,
1009 4916 1084 4977 MA.
1127 4914 1189 4978 ”de
1210 4935 1300 4992 aqua,
1322 4916 1390 4991 OB,
1412 4915 1488 4991 MA,
1509 4915 1584 4975 ΜΒ.
1627 4912 1732 4989 ⁴Om.,
1755 4913 1823 4988 OA,

234 5019 300 5091 LA,
322 5019 395 5092 MC,
416 5019 482 5092 OC,
504 5018 581 5093 MG,
602 5020 676 5093 cM,
698 5019 766 5092 OB,
786 5019 862 5093 MA,
884 5020 958 5079 ΜΒ.
1001 5016 1105 5093 ⁵om,
1127 5018 1193 5092 OC,
1214 5017 1292 5092 MG,
1313 5017 1387 5077 cM.
1429 5015 1534 5091 ⁶Om.,
1556 5017 1625 5090 OB,
1649 5015 1724 5090 MA,
1746 5015 1821 5074 ΜΒ.

233 5115 271 5151 '¹¹⁸
284 5115 363 5193 Ona,
378 5119 447 5193 OB,
460 5117 538 5194 MA,
552 5119 629 5194 MB,
644 5117 712 5194 OE,
724 5119 771 5194 Y;
786 5122 850 5180 aive
864 5139 902 5180 ex
917 5119 1013 5193 facto,
1028 5119 1066 5179 V.
1103 5116 1267 5197 'possunt
1282 5117 1351 5193 OB,
1367 5118 1443 5192 MA,
1460 5117 1536 5190 MB,
1553 5117 1620 5192 ΟΕ,
1636 5116 1675 5176 Y.
1713 5113 1740 5149 ²⁰
1751 5136 1822 5192 una,

235 5219 301 5294 OC,
328 5218 399 5292 Cll;
424 5238 526 5297 poena,
550 5220 619 5281 OB.
665 5219 691 5253 ²¹
703 5218 888 5296 verberavit,
914 5220 983 5294 OB,
1008 5220 1085 5295 MA,
1111 5220 1188 5295 MB,
1213 5221 1253 5294 Y,
1280 5218 1358 5294 MG,
1384 5218 1457 5278 cM.
1505 5215 1726 5291 ”vulneravit
1753 5215 1822 5290 OB,

233 5318 309 5394 MA,
331 5320 407 5397 MB,
428 5320 467 5382 Y.
510 5318 670 5397 ²²'²⁸Om.,
691 5319 770 5395 MG,
792 5321 865 5383 CM.
908 5319 934 5354 ²⁴
945 5324 1103 5395 tractavit,
1124 5322 1194 5395 OB,
1215 5321 1292 5395 MA,
1314 5321 1390 5397 MB,
1412 5320 1452 5381 Y.
1495 5317 1643 5397 ²⁵⁶¹⁸ipsa
1665 5317 1822 5395 violentia,

233 5420 311 5494 MG,
330 5422 402 5498 CM,
442 5420 468 5454 ²⁷
480 5429 636 5499 aequatur,
655 5423 730 5498 MA,
748 5423 827 5494 cM;
846 5429 1024 5500 exequatur,
1042 5423 1119 5484 MG.
