4432 6336
373 398 423 467 96
903 388 1126 451 BRAC'I'ON:
1149 388 1209 450 DE
1234 387 1425 452 LEGIBUS

374 541 472 618 senti
500 551 539 618 et
566 541 762 639 ignoranti
790 548 830 617 et
857 538 974 617 etiam
1002 539 1208 618 dormienti
1235 565 1307 639 per
1335 563 1489 616 servum
1516 535 1583 614 et²⁸
1612 543 1903 637 procuratorem
1932 535 1963 612 si

372 661 527 737 nomine
546 659 690 737 domini
710 657 983 758 stipulentur,²¹
1005 668 1044 737 et
1064 659 1181 736 etiam
1201 657 1298 736 sicut
1318 657 1535 756 adquiritur
1555 681 1646 733 vero
1666 655 1796 732 heredi
1817 656 1964 733 absenti

374 803 446 878 per
469 778 668 856 custodem
692 804 779 855 cum
805 778 958 855 nomine
981 778 1063 855 veri
1087 778 1236 855 heredis
1262 776 1449 855 fueritin
1474 775 1722 876 possessione.
1751 775 1855 852 Item
1881 773 1965 852 fieri

373 897 519 998 poterit
545 897 702 974 donatio
728 897 909 995 legitimae
935 894 1154 974 concubine
1181 921 1259 974 suoe
1286 905 1326 974 et
1353 893 1484 995 pueris
1512 891 1617 971 suis²⁸
1645 893 1897 994 presentibus
1925 904 1965 970 et

374 1017 605 1107 absentibus,
623 1016 725 1095 natis
742 1025 782 1094 et
800 1015 1015 1106 nascituris,
1035 1026 1074 1093 et
1093 1017 1123 1093 si
1143 1039 1274 1093 omnes
1293 1015 1400 1092 infra
1418 1023 1570 1091 atatem
1589 1013 1800 1102 extiterint,
1820 1013 1965 1112 poterit

373 1147 498 1215 mater
514 1162 596 1214 esse
613 1137 654 1212 in
671 1134 808 1213 seisina
825 1136 980 1212 nomine
997 1133 1185 1234 proprio²⁹
1203 1143 1243 1211 et
1260 1133 1414 1212 nomine
1431 1157 1644 1233 puerorum
1663 1130 1847 1209 suorum⁸⁰
1867 1131 1965 1208 sieut

372 1256 497 1332 tutrix
518 1263 558 1331 et
577 1253 761 1343 curatrix,
781 1263 822 1331 et
842 1253 895 1331 sic
915 1254 1059 1353 poterit
1079 1255 1165 1354 ipsa
1184 1254 1324 1330 hahere
1344 1253 1508 1330 liberum
1527 1260 1790 1329 tenementum
1811 1252 1965 1328 nomine

373 1374 545 1474 proprio,
567 1382 607 1450 et
626 1373 864 1450 curationem
887 1374 1039 1449 nomine
1060 1373 1268 1449 liberorum
1289 1373 1329 1448 in
1351 1373 1485 1449 eodem
1506 1379 1738 1461 tenemento,
1760 1380 1800 1448 et
1822 1372 1875 1448 sic
1898 1371 1963 1448 ad·

373 1493 524 1593 quirere
543 1493 687 1592 poterit
706 1490 776 1569 sibi
794 1491 868 1591 ipsi
887 1491 1050 1569 liberum
1067 1499 1331 1570 tenementum
1350 1516 1438 1567 cum
1459 1489 1579 1568 fuerit
1598 1490 1638 1566 in
1659 1489 1895 1590 possessione
1914 1514 1965 1566 ex

372 1637 490 1688 causa
511 1611 729 1689 donationis
752 1611 906 1688 nomine
930 1609 1101 1709 proprio,
1125 1620 1165 1688 et
1190 1611 1319 1710 pueris
1344 1610 1422 1688 suis
1448 1609 1623 1686 omnibus
1647 1618 1730 1686 tam
1754 1609 1965 1686 minoribus

373 1756 490 1830 quam
510 1729 729 1819 maioribus,
750 1737 796 1805 ut
815 1728 1042 1829 praedictum
1061 1738 1133 1818 est,
1155 1755 1204 1806 ex
1225 1754 1295 1806 sua
1315 1729 1597 1829 procuratione.
1620 1727 1678 1805 Et
1698 1729 1802 1805 unde
1824 1728 1855 1804 si
1876 1753 1965 1804 cum

373 1848 414 1926 in
443 1848 681 1948 possessione
709 1849 857 1926 fuerint
885 1847 1072 1926 eiciantur
1101 1847 1258 1947 quidam
1286 1847 1348 1924 vel
1376 1871 1520 1936 omnes,
1549 1847 1735 1946 competit
1763 1847 1816 1924 eis
1846 1847 1965 1924 assisa

372 1993 481 2043 novae
497 1967 701 2045 disseisinoe
717 1968 767 2044 ad
784 1967 960 2044 seisinam
977 1993 1087 2044 suam
1104 1966 1419 2065 recuperandam,
1436 1976 1580 2044 etcum
1598 1965 1773 2043 absentes
1789 1967 1965 2043 venerint

373 2097 413 2164 et
430 2111 509 2163 non
527 2087 785 2164 admittantru
803 2088 937 2164 eodem
955 2086 1070 2163 modo
1089 2085 1274 2185 competit
1292 2085 1347 2162 eis
1366 2085 1496 2175 assisa,
1517 2085 1691 2185 quamvis
1711 2111 1782 2185 per
1801 2111 1841 2163 se
1859 2086 1964 2184 ipsos

374 2204 628 2303 personaliter
649 2205 757 2304 prius
779 2205 820 2280 in
842 2205 979 2282 seisina
999 2228 1078 2281 non
1099 2204 1311 2293 extiterint,
1334 2203 1425 2304 quia
1448 2202 1587 2281 sufficit
1608 2205 1639 2282 si
1663 2203 1760 2281 alius
1783 2202 1964 2280 nomine⁸²

373 2351 507 2402 eorum
522 2325 620 2402 sicut
636 2332 866 2422 procurator
880 2323 941 2400 vel
958 2332 1124 2414 curator,
1142 2323 1232 2422 quia
1248 2349 1319 2421 per
1335 2332 1626 2423 procuratorem
1643 2323 1860 2423 adquiritur
1876 2349 1964 2422 pos·

375 2442 491 2521 sessio
515 2443 674 2532 absenti,
698 2450 737 2518 et
760 2442 950 2519 retinetur
973 2443 1070 2519 sicut
1095 2466 1255 2541 corpore
1281 2441 1451 2541 proprio.
1480 2443 1586 2534 <Et
1612 2441 1811 2519 similiter⁸²
1837 2443 1965 2519 animo

374 2561 634 2662 procruatoris
670 2561 767 2638 sicut
801 2561 929 2637 animo
965 2561 1136 2661 proprio,
1171 2586 1259 2637 cum
1293 2561 1444 2661 adquiri
1479 2562 1603 2660 possit
1636 2561 1832 2660 ignoranti
1867 2563 1967 2639 sicut

375 2682 520 2771 scienti,
535 2689 575 2757 et
590 2681 738 2757 absenti
755 2680 852 2758 sicut
868 2681 1108 2780 prasenti>
1128 2680 1233 2758 Item
1249 2681 1332 2757 fieri
1349 2680 1493 2780 poterit
1511 2679 1667 2758 donatio
1685 2679 1860 2780 pluribus
1879 2704 1964 2780 per·

375 2800 476 2878 sonis
498 2801 610 2877 simul
631 2800 824 2878 extraneis
846 2801 943 2877 sicut
964 2799 1165 2910 parentela
1186 2800 1409 2889 coniunctis,
1431 2810 1476 2877 ut
1498 2825 1628 2898 supra,
1650 2808 1697 2876 ut
1718 2800 1751 2876 si
1770 2801 1824 2875 A.
1846 2799 1965 2876 dona-

372 2919 519 2996 tionem
534 2919 670 2996 fecerit
685 2919 733 2995 Β.
752 2929 790 2996 et
808 2919 853 2995 Ο.
870 2919 996 3009 simul,
1012 2919 1077 3018 qrri
1095 2944 1175 2996 sese
1191 2944 1269 2995 non
1285 2920 1529 3017 contingunt,
1546 2929 1585 2996 et
1602 2944 1735 2996 eorum
1751 2917 1965 3009 heredibus,

375 3039 441 3138 qui
455 3039 485 3116 si
498 3038 656 3115 heredes
668 3037 873 3115 habuerint
885 3037 1040 3116 cuilibet
1053 3064 1186 3115 eorum
1200 3038 1305 3115 locus
1319 3038 1392 3116 erit
1406 3038 1618 3138 partitioni.
1636 3038 1679 3114 si
1694 3048 1825 3115 autem
1839 3036 1966 3115 alter⁸⁸

374 3157 548 3256 ipsorum
570 3165 737 3247 tantum,
760 3157 881 3256 ipsius
903 3157 1061 3234 heredes
1085 3156 1321 3234 succedunt⁸⁴
1346 3157 1386 3232 in
1411 3157 1575 3235 solidum
1599 3166 1761 3257 propter
1786 3159 1967 3234 unionem

376 3274 592 3352 donationis
608 3284 647 3352 et
664 3261 724 3352 ius
739 3277 986 3352 accrescendi.
1002 3275 1061 3352 Et
1078 3277 1110 3352 si
1125 3274 1279 3352 nullos⁸⁵
1295 3275 1511 3365 habuerint,
1529 3276 1736 3353 revertitur
1751 3284 1858 3352 terra
1873 3278 1968 3354 data

376 3395 427 3469 ad
442 3395 679 3470 donatorem.
696 3396 800 3471 Item
815 3395 846 3471 si
861 3393 1037 3493 pluribus
1051 3396 1122 3472 fiat
1136 3395 1293 3471 donatio
1309 3395 1407 3472 sicut
1422 3395 1505 3471 viro
1520 3403 1560 3472 et
1575 3394 1688 3471 uxori
1704 3395 1817 3473 simul
1832 3404 1871 3472 et
1889 3420 1968 3472 non

376 3539 448 3613 per
467 3539 519 3602 se,
539 3523 578 3591 et
599 3539 732 3590 eorum
751 3513 964 3603 heredibus,
986 3523 1025 3590 et
1047 3538 1125 3590 non
1146 3512 1214 3590 in⁸⁶
1234 3514 1483 3611 maritagium
1505 3515 1572 3591 sed
1594 3522 1640 3590 ut
1660 3540 1804 3614 purum
1826 3515 1965 3591 feoffa·

375 3641 562 3723 mentum,
582 3640 676 3708 tunc
694 3632 817 3709 refert
835 3640 969 3709 utrum
989 3633 1103 3709 certis
1122 3641 1161 3710 et
1182 3632 1363 3710 coartatis
1383 3633 1596 3722 heredibus,
1618 3633 1680 3709 vel
1700 3633 1967 3710 universaliter

378 3751 566 3828 omnibus.
599 3751 642 3828 Si
671 3761 802 3827 autem
830 3751 1012 3828 coartatis
1043 3760 1082 3828 et
1111 3751 1237 3840 certis,
1267 3751 1341 3828 illis
1372 3750 1635 3829 deficientibus
1667 3753 1875 3830 revertitur
1905 3777 1966 3828 res

376 3873 521 3947 donata
538 3870 589 3946 ad
605 3872 831 3948 donatorem
849 3871 1022 3970 quamvis
1041 3869 1104 3946 alii
1121 3870 1332 3947 extiterint.
1353 3871 1395 3947 Si
1414 3880 1544 3948 autem
1561 3871 1828 3949 universaliter
1846 3870 1966 3948 omni·

376 3992 459 4080 bus,
477 4000 571 4068 tunc
589 3991 620 4068 si
637 4015 857 4067 communes
875 4014 1008 4067 corum
1026 3989 1183 4067 heredes
1202 3989 1401 4067 extiterint
1419 3989 1517 4067 tales
1537 3990 1620 4067 aliis
1640 3991 1914 4088 preferuntur,
1936 3990 1966 4066 si

377 4119 508 4187 autem
528 4109 751 4198 defecerint,
775 4118 869 4185 tunc
891 4107 1087 4207 separati⁸⁷
1110 4118 1156 4186 ut
1178 4107 1333 4183 videtur
1355 4107 1652 4186 admittantur.⁸⁸
1677 4109 1720 4186 Si
1744 4119 1873 4186 autem
1896 4111 1967 4186 fiat

376 4229 520 4306 mentio
539 4230 643 4327 quod
661 4239 766 4305 terra
785 4229 878 4305 data
898 4228 947 4304 sit
965 4227 1006 4303 in
1024 4226 1272 4339 maritagn'um
1292 4252 1380 4304 cum
1398 4253 1520 4304 uxore
1540 4236 1580 4304 et
1600 4254 1733 4306 eorum
1752 4228 1966 4315 heredibus,

376 4373 596 4424 communes
617 4347 774 4424 heredes
798 4347 846 4423 de
868 4370 1029 4444 corpore
1051 4345 1251 4444 utriusque
1274 4344 1575 4434 admittuntur,⁸⁹
1599 4346 1665 4446 qui
1689 4347 1720 4424 si
1743 4347 1967 4436 defecerint,

377 4467 585 4543 revertitur
604 4475 710 4543 terra
730 4473 769 4541 et
791 4463 854 4540 ulii
875 4463 1097 4542 remotiores
1119 4464 1390 4556 excluduntur,
1413 4465 1502 4563 quia
1524 4491 1585 4542 res
1608 4467 1701 4543 data
1723 4477 1782 4543 est
1805 4465 1967 4542 liberum

376 4590 641 4662 tenementum
655 4583 786 4660 uxoris
803 4590 843 4659 et
857 4607 936 4658 non
952 4582 1036 4671 viri,
1053 4608 1142 4659 cum
1158 4608 1236 4658 non
1252 4584 1391 4660 habeat
1407 4583 1480 4660 nisi
1497 4585 1712 4662 custodiam
1728 4610 1817 4660 cum
1833 4610 1965 4661 uxore.

380 4704 423 4782 Si
439 4711 570 4780 autem
584 4702 637 4779 sic
652 4701 766 4778 detur
781 4711 886 4779 terra
900 4703 940 4776 in
956 4700 1205 4800 maritagium
1219 4702 1302 4778 viro
1319 4727 1407 4779 cum
1423 4727 1543 4780 uxore
1560 4713 1750 4781 eteorum
1765 4703 1967 4782 heredibus

378 4902 460 4980 20ιιι,
479 4903 518 4978 V,
537 4903 620 4977 Μῦς
638 4910 672 4965 et
688 4923 755 4982 per,
774 4903 803 4964 V
826 4902 909 4982 (ιιι),
927 4903 994 4979 LA,
1013 4903 1088 4977 ΟΜ,
1106 4903 1180 4964 ΜΟ.
1220 4901 1246 4936 ²²
1259 4903 1436 4982 stipuletur,
1456 4903 1495 4978 V,
1515 4904 1584 4980 OB,
1604 4904 1680 4979 MA,
1701 4905 1776 4980 MB,
1797 4905 1871 4980 cM,
1893 4905 1965 4965 ΜΟ.

378 5001 497 5078 ²⁸0m,
517 5003 595 5080 MG,
614 5004 688 5065 ΟΜ.
729 5003 756 5038 ²⁹
767 5023 833 5081 suo,
853 5003 931 5080 MG,
951 5004 1024 5065 ΟΜ.
1066 5002 1093 5038 ⁸⁰
1104 5004 1185 5079 Om,
1206 5005 1283 5081 MG,
1303 5005 1376 5066 ΟΜ.
1419 5004 1538 5082 ⁸¹Om.,
1558 5006 1627 5082 OB,
1648 5007 1724 5083 MA,
1745 5007 1820 5068 ΜΒ.
1862 5004 1967 5082 ⁸²nec,

379 5104 456 5178 MG,
478 5105 551 5166 ΟΜ.
595 5103 735 5181 “uhrah
757 5106 802 5178 V;
825 5106 927 5181 alteri,
949 5106 1016 5180 LA,
1038 5106 1111 5167 ΜΟ.
1156 5105 1368 5180 “succedent
1390 5108 1459 5183 OB,
1481 5108 1556 5169 ΜΒ.
1602 5106 1628 5141 ⁸¹⁵
1639 5109 1741 5170 nullos
1764 5107 1905 5184 heredes,
1928 5108 1965 5169 V.

377 5201 405 5237 ⁸⁶
415 5211 460 5279 ut,
475 5204 514 5279 V,
527 5202 596 5282 OB,
610 5206 686 5282 MA,
700 5207 777 5282 ΜΒ,
790 5208 829 5267 Y.
863 5204 890 5240 ³⁷
902 5211 1083 5284 separatim,
1096 5207 1164 5284 LA,
1178 5210 1246 5284 OB,
1262 5208 1336 5282 CM,
1351 5209 1417 5270 OC.
1454 5208 1481 5243 ⁸⁸
1491 5209 1708 5285 admittuntur,
1724 5211 1791 5287 LA,
1805 5211 1873 5287 OC,
1889 5211 1967 5286 MG,

377 5304 451 5365 cu.
490 5303 745 5382 ‘mansuras
760 5308 801 5381 v,
818 5306 893 5367 us.
