4374 6366
387 532 461 601 434
918 526 1142 588 annosos:
1164 525 1225 586 ue
1249 525 1442 589 suerrus

388 673 487 773 per¹‘
501 673 650 773 plegios
664 673 884 752 dimittendi
900 675 971 752 nisi
987 701 1036 752 ex
1052 675 1206 774 speciali
1222 684 1415 775 praecepto
1433 676 1576 753 domini
1593 676 1705 775 regis.
1723 677 1782 754 Et
1797 687 1891 755 tunc
1907 678 1978 755 fiat

388 792 436 869 de
456 793 509 869 eis
530 793 739 869 secrmdum
760 792 863 891 quod
883 791 1059 892 superius
1079 794 1124 870 fit
1145 795 1192 872 de
1212 792 1306 870 aliis.
1331 795 1373 872 si
1396 795 1498 871 forte
1519 796 1719 893 contingat
1741 796 1845 894 quod
1865 795 1978 895 quis‘⁰

388 911 429 986 in
453 911 560 986 curia
585 936 654 986 sua
679 910 740 987 vel
764 911 968 988 comitatus
995 911 1056 988 vel
1081 911 1318 1000 iustitiariua
1344 913 1417 990 nisi
1444 913 1494 989 ad
1519 913 1591 989 hoc
1617 913 1737 991 fuerit
1763 914 1978 1012 specialiter

388 1029 515 1116 datus,
534 1029 733 1127 appellum
751 1029 919 1105 tenuerit
937 1029 1221 1128 deprobatum,
1240 1030 1445 1107 comitatus
1464 1041 1503 1107 et
1521 1030 1629 1108 curia
1647 1031 1789 1107 enmt⁸²
1809 1033 1849 1108 in
1868 1032 1977 1108 mise·

388 1147 564 1235 ricordia‚
588 1157 627 1224 et
650 1147 875 1225 iustitiarius
899 1147 1200 1246 redarguendus.
1226 1149 1284 1226 Et
1308 1149 1402 1225 siin
1426 1149 1532 1224 curia
1556 1148 1710 1227 baronis
1733 1149 1804 1225 hoc
1830 1150 1978 1226 factum

389 1265 520 1353 fuerit,
539 1273 828 1342 summoneatur
844 1266 1045 1342 recordum
1063 1292 1133 1364 per
1151 1266 1221 1342 boc
1238 1266 1362 1342 breve.

489 1383 536 1461 Si
555 1383 759 1460 comitatae
779 1383 841 1460 vel
861 1383 968 1460 eurio
987 1382 1146 1460 alicuius
1167 1385 1338 1482 potentie
1358 1383 1557 1483 appellem
1580 1385 1746 1462 tenuerit
1768 1386 1817 1463 de
1839 1384 1978 1484 probo·

490 1509 586 1590 tore,
599 1502 728 1580 veniat
742 1502 942 1578 recordant
957 1503 1008 1579 ad
1020 1501 1166 1579 cariem
1179 1502 1281 1600 repis
1293 1527 1366 1602 per
1379 1503 1456 1580 tale
1471 1502 1595 1581 breve.

388 1620 485 1697 lux
504 1619 714 1696 vicecomiti
735 1620 909 1698 salutem.
931 1620 1141 1697 Ostensum
1162 1629 1219 1698 est
1240 1621 1348 1697 nobis
1369 1622 1473 1719 quod
1494 1647 1581 1698 cum
1602 1621 1760 1720 quidam
1778 1621 1867 1698 talis
1889 1646 1978 1720 cap

388 1737 481 1815 tus⁸²
496 1739 545 1815 sit
560 1738 602 1814 in
615 1739 801 1815 comitatu
816 1748 886 1816 tuo
901 1764 989 1815 cum
1004 1739 1215 1827 latrocinio,
1233 1739 1293 1815 vel
1309 1739 1416 1815 infra
1430 1739 1646 1817 libertatem
1663 1739 1764 1827 talis,
1782 1747 1821 1816 et
1837 1763 1977 1837 cogno-

388 1856 514 1934 verit⁸⁸
528 1857 771 1934 latrocinium
786 1867 825 1934 et
839 1857 1025 1957 probator
1040 1857 1246 1946 devenerit,
1263 1867 1303 1934 et
1317 1857 1449 1957 plures
1465 1856 1720 1957 appellaverit
1734 1857 1782 1934 de
1799 1857 1979 1934 societate

389 1983 429 2052 et
442 1975 654 2064 latrocinio,
668 1977 872 2052 comitatus
887 1975 948 2051 vel
962 1975 1092 2052 ballivi
1107 1976 1155 2051 de
1169 1976 1238 2051 tali
1252 1975 1453 2052 hundredo
1468 1976 1529 2053 vel
1544 1976 1592 2052 de
1607 1975 1677 2052 teli
1693 1976 1810 2064 curia,
1827 1984 1866 2052 et
1882 1975 1979 2052 tales

388 2093 527 2170 milites
549 2104 587 2169 et
605 2093 723 2170 libere
743 2103 917 2170 tenentes
937 2095 985 2170 de
1005 2093 1139 2170 eodem
1159 2093 1359 2170 hundredo
1379 2093 1440 2170 vel
1460 2094 1594 2170 eadem
1616 2095 1721 2170 curia
1741 2095 1979 2172 tenuerimt⁸¹

389 2212 581 2312 loquelam
597 2210 715 2301 illam,
734 2220 773 2288 et
791 2212 990 2311 appellum
1009 2213 1057 2288 de
1075 2213 1208 2288 eodem
1226 2212 1434 2310 probatore
1453 2211 1724 2300 audiverunt,⁸‘
1743 2214 1857 2290 etita
1876 2215 1980 2313 quod

389 2355 460 2429 per
476 2331 675 2430 appellum
691 2329 787 2406 illud
803 2339 863 2407 tot
880 2329 1050 2406 homines
1068 2331 1241 2406 danmati
1259 2329 1444 2407 fuerant⁸⁸
1461 2330 1502 2406 in
1518 2331 1684 2428 praefato
1700 2331 1901 2408 hundredo
1919 2331 1980 2408 vel

388 2453 496 2528 curia
509 2453 589 2530 sine
603 2460 797 2553 praecepto
810 2461 954 2540 nostro,
969 2460 1008 2529 et
1022 2451 1102 2528 sine
1116 2461 1290 2528 waranto
1304 2452 1408 2550 quod
1422 2451 1511 2528 inde
1524 2451 1719 2528 haberent.
1736 2453 1794 2530 Et
1809 2453 1895 2529 ideo
1909 2453 1979 2530 tibi

388 2575 632 2674 praecipimus
649 2575 753 2673 quod
771 2574 977 2673 assumptis
995 2584 1123 2650 tecum
1141 2574 1271 2673 probis
1289 2573 1505 2650 hominibus
1523 2583 1562 2651 et
1580 2574 1801 2651 custodibus
1820 2575 1979 2674 placito·

389 2723 477 2774 rum
494 2722 642 2774 coronae
660 2705 810 2785 nostrae,
830 2696 911 2773 sine
930 2695 1113 2773 dilatione
1131 2696 1333 2772 convenire
1353 2695 1472 2772 facias
1492 2697 1718 2795 praedictum
1737 2697 1980 2773 hundredum

389 2829 428 2897 et
452 2819 677 2919 predictam
699 2818 858 2908 curiam,
883 2826 922 2895 et
946 2817 1031 2896 illos
1055 2843 1186 2894 coram
1209 2816 1374 2916 quibus¹²
1399 2817 1599 2917 appellum
1622 2817 1719 2894 illud
1744 2817 1980 2894 deductum⁸⁸

390 2939 508 3030 fuit?
530 2951 570 3019 et
590 2966 721 3018 coram
741 2939 847 3018 vobis
869 2941 953 3016 fieri
975 2940 1095 3017 facias
1119 2941 1320 3016 recordum
1343 2939 1450 3028 illud,
1474 2940 1639 3039 qualiter
1662 2939 1861 3039 appellum
1884 2938 1980 3016 illud

390 3064 600 3141 deductum
614 3062 719 3140 fuit⁴⁰
734 3064 775 3138 in
789 3062 973 3162 praedicto
988 3062 1188 3138 hundredo
1203 3062 1264 3138 vel
1279 3061 1397 3150 curia,
1414 3061 1480 3138 et*1
1497 3061 1661 3161 qualiter
1677 3062 1779 3138 idem
1795 3062 1982 3161 probator

390 3186 420 3262 f.
436 3187 529 3281 154]
585 3185 788 3285 predictos
801 3185 972 3262 homines
988 3185 1241 3284 appellaverit
1256 3195 1295 3261 et
1310 3209 1381 3283 per
1396 3209 1480 3283 quae
1494 3185 1622 3272 verba,
1639 3195 1678 3261 et
1694 3211 1770 3283 qua
1786 3184 1981 3260 occasione

390 3308 563 3409 predicti
579 3308 749 3385 homines
767 3308 939 3384 damnati
958 3307 1129 3383 fuerunt.
1147 3307 1206 3383 Et
1223 3307 1424 3383 recordum
1441 3306 1538 3382 illud
1555 3305 1708 3382 habeas¹
1726 3331 1855 3382 coram
1873 3305 1981 3382 nobis

392 3433 442 3508 ad
458 3431 577 3509 talem
591 3430 800 3507 terminum
818 3430 889 3505 sub
907 3427 1046 3526 sigillo²
1063 3438 1133 3506 tuo
1150 3437 1189 3506 et
1209 3427 1292 3504 sub⁸
1310 3427 1459 3526 sigillis‘
1477 3428 1748 3529 praedictorum
1766 3428 1981 3516 custodum,

391 3565 430 3632 et
450 3579 520 3654 per
541 3561 707 3652 quatuor
725 3552 869 3649 legales
889 3549 1059 3628 homines
1081 3548 1143 3626 ex'
1164 3549 1252 3626 illis⁸
1272 3550 1337 3649 qui
1358 3551 1517 3627 recordo
1537 3548 1606 3626 illi⁷
1627 3550 1900 3627 interfuerunt.
1923 3549 1982 3624 Et

392 3676 523 3754 statim
540 3674 787 3774 probatorem
805 3673 914 3750 illum
931 3673 1092 3773 recipias
1111 3699 1134 3749 a
1151 3672 1300 3750 ballivis
1318 3672 1392 3750 illis
1410 3683 1449 3749 et
1469 3673 1574 3749 salvo
1593 3671 1797 3759 custodias,
1815 3680 1856 3748 et
1873 3669 1982 3747 illum

391 3800 532 3876 habeas
549 3823 679 3875 coram
696 3796 804 3874 nobis
822 3796 883 3873 vel
901 3795 1113 3873 iustitiariis
1132 3794 1272 3873 nostris
1291 3805 1468 3872 etcetera.
1489 3795 1546 3871 Et
1565 3819 1696 3872 omnes
1715 3793 1800 3870 illos
1820 3818 1915 3892 quos
1935 3794 1982 3869 de

393 3923 572 4000 societate
587 3919 841 4020 appellaverit
855 3930 893 3996 et
906 3917 1118 4006 latrocinio,
1134 3917 1183 3994 ad
1199 3917 1510 4016 respondendum
1525 3917 1559 3992 ei
1573 3917 1614 3992 in
1628 3915 1812 4014 praedicto
1828 3914 1982 4014 appello

393 4045 496 4121 unde
510 4070 574 4121 eos
590 4042 774 4142 appellat.

491 4167 599 4243 ltem
618 4165 731 4243 breve
751 4163 962 4242 vicecomiti
980 4162 1085 4262 qaod
1103 4160 1350 4260 probatorem
1372 4159 1509 4237 babeat
1530 4184 1659 4237 eorem
1679 4184 1771 4258 repe
1793 4169 1831 4236 et
1852 4183 1983 4236 omnes

493 4309 590 4384 quoe
603 4284 687 4382 ipae
702 4281 956 4382 appellaverit
972 4282 1021 4358 de
1036 4280 1228 4368 societate,
1245 4279 1336 4379 qaia
1351 4278 1484 4377 pleree
1499 4288 1662 4378 propter
1677 4277 1876 4378 appellem
1892 4303 1982 4378 pro·

494 4402 692 4480 betoricae
706 4399 950 4478 subtrabunt.

396 4527 516 4604 Sunr
535 4523 710 4600 nonnulli
728 4522 795 4621 qui
812 4519 897 4620 per⁸
916 4519 1115 4618 appellum
1134 4518 1351 4619 probatoris
1372 4543 1412 4594 se
1431 4518 1674 4608 subtrahunt,
1694 4528 1734 4596 et
1754 4520 1984 4619 quandoque

394 4743 421 4778 ¹⁹
432 4743 500 4817 sub,
517 4743 586 4817 OB,
603 4741 677 4800 MB.
717 4738 743 4773 ⁸⁰
755 4739 877 4816 aliquia,
893 4739 934 4813 V,
951 4736 1028 4810 MG,
1044 4737 1111 4800 OC.
1150 4735 1258 4812 uerit,
1276 4737 1315 4811 V,
1333 4737 1401 4798 OB.
1441 4733 1467 4768 ⁸¹
1479 4735 1560 4810 Om,
1577 4735 1645 4812 OB,
1664 4737 1740 4811 MA,
1758 4738 1832 4798 MB.
1873 4735 1984 4815 ⁸'cog-

393 4848 490 4918 novit,
511 4843 550 4919 V,
570 4841 648 4916 MG,
669 4839 734 4901 OC.
778 4837 804 4873 ⁸⁴
815 4842 981 4914 tenuerint,
1002 4837 1069 4914 OC,
1090 4838 1164 4913 CM,
1185 4838 1260 4910 OB;
1281 4839 1426 4911 tenuerit,
1450 4838 1526 4898 MG.
1570 4835 1596 4870 ⁸⁵
1609 4836 1793 4912 audiverint,
1815 4839 1885 4913 OB,
1907 4841 1984 4916 ΜΒ,

394 4943 461 5019 CE,
477 4944 552 5017 CM,
568 4941 645 5004 MG.
683 4939 709 4974 ⁸⁸
722 4941 850 5014 fuerint,
868 4941 948 5012 MB;
967 4939 1104 5015 fuerunt,
1122 4938 1197 5013 MA,
1214 4939 1253 5000 Y.
1289 4935 1357 4972 ⁸⁸⁸⁸⁸
1369 4938 1478 5016 quibus
1496 4939 1611 4999 dictum
1629 4961 1702 5018 app.
1721 4939 1897 5016 deductum,
1914 4942 1984 5017 OB,

394 5046 472 5119 MA,
498 5044 574 5117 ΜΒ,
600 5043 680 5114 cM;
708 5061 736 5119 q.
765 5039 945 5120 predictum
971 5059 1045 5119 app.
1073 5038 1154 5115 ded,
1181 5039 1259 5112 MG,
1287 5040 1352 5101 OC.
1402 5038 1556 5114 ⁸⁹fueret,
1584 5041 1653 5115 OB,
1681 5043 1757 5118 ΜΒ,
1786 5043 1852 5103 MA
1883 5041 1984 5119 (—et

394 5164 497 5206 coram
519 5189 527 5204 .
550 5187 558 5204 .
582 5188 589 5204 .
612 5141 681 5204 ded.
699 5140 790 5218 fuit).
830 5138 855 5173 ⁴⁰
868 5139 983 5216 fuerat,
999 5140 1068 5215 OB,
1089 5138 1203 5218 (MA),
1221 5140 1295 5201 MB.
1335 5139 1362 5174 ⁴²
1374 5141 1453 5218 0m.,
1472 5142 1541 5217 OB,
1559 5143 1635 5218 MA,
1653 5144 1728 5203 MB.

432 5227 434 5232 '
477 5242 583 5316 ¹0m.‚
602 5241 671 5318 oa,
691 5243 768 5315 un,
788 5243 864 5316 Ma,
883 5241 950 5316 cu,
971 5242 1045 5316 cu,
1065 5241 1132 5302 on
1175 5239 1299 5319 urguo,
1319 5241 1388 5316 oa,
1409 5242 1483 5304 ua.
1526 5241 1631 5319 ⁸om,
1652 5243 1719 5319 oc,
1740 5246 1816 5308 uo.
1859 5244 1984 5327 urguo,

394 5346 464 5421 OB,
482 5345 557 5422 CM,
576 5346 641 5407 ΜΒ
664 5343 809 5423 (sigula).
850 5339 981 5416 ⁸⁴0m,
999 5342 1077 5419 MG,
1097 5343 1163 5404 OC.
1204 5339 1294 5418 lilio,
1313 5344 1381 5420 OC,
1399 5345 1469 5421 OB,
1488 5344 1564 5420 ΜΒ,
1583 5345 1657 5407 cM.
1699 5344 1983 5423 ⁸0m.,LA,OC;

394 5455 535 5528 propter,
553 5447 630 5521 MG,
646 5447 685 5508 Y.
1969 5465 1971 5470 ·
