4394 6342
366 493 417 562 26
897 483 1121 547 BRACTON:
1142 484 1204 546 DE
1227 483 1420 546 LEGIBUS

366 637 563 735 inquibus
582 636 752 714 homines
772 645 910 737 petant
929 635 1081 712 veniam
1101 660 1259 712 suorum
1278 642 1535 734 peccatorum.
1557 632 1734 732 Expedit
1755 633 1857 710 enim
1878 657 1959 710 esse

367 755 595 845 sacerdotes,
619 781 643 832 a
668 755 806 855 quibus
829 755 878 831 de
904 753 1236 855 peccatisnostris
1262 753 1531 854 poenitentiam
1557 752 1800 851 accipiamus,
1827 761 1866 830 et
1892 752 1958 850 qui

366 883 478 952 orent
491 900 565 974 pro
579 875 687 952 nobis
703 884 743 952 et
756 875 817 952 dei
832 874 941 951 nobis
956 873 1190 952 adiutorium
1206 872 1441 972 adquirant⁶¹
1457 883 1496 949 et
1511 871 1805 973 providentiam.
1823 873 1957 970 Expe-

367 993 425 1071 dit
440 993 584 1071 etia1n⁶⁸
600 993 850 1092 magistratus
865 993 920 1070 rei
935 993 1098 1093 publicae
1112 991 1305 1082 constitui,
1323 992 1414 1092 quia
1429 989 1528 1092 per⁵‘
1544 1016 1609 1068 eos
1625 992 1691 1091 qui
1706 992 1781 1068 iuri
1798 991 1958 1067 dicendo

366 1113 566 1211 praenmt⁶⁶
583 1112 744 1190 effectus
759 1113 814 1189 rei
827 1112 1026 1212 accipitur.
1043 1113 1193 1189 Parum
1207 1121 1265 1189 est
1280 1111 1383 1189 enim
1396 1112 1455 1188 ius
1470 1111 1511 1186 in
1525 1110 1681 1188 civitate
1695 1136 1777 1188 esse
1793 1110 1864 1187 nisi
1881 1111 1958 1188 sint

367 1232 433 1329 qui
447 1231 596 1330 possint
610 1232 696 1309 iura
709 1230 883 1330 regere.⁶⁶

469 1351 576 1445 Quo
590 1352 641 1429 sit
654 1350 715 1428 ior
730 1352 938 1450 priunum.

368 1473 444 1548 Ius
459 1481 589 1548 autem
604 1470 800 1570 privatum
815 1477 873 1546 est
888 1471 992 1570 quod
1006 1469 1056 1546 ad
1072 1468 1314 1566 singulorum
1329 1468 1497 1568 pertinet
1513 1465 1721 1545 utilitatem
1736 1466 1957 1567 principali·

366 1598 438 1680 ter,
452 1600 492 1667 et
507 1589 732 1704 secundariq
746 1590 915 1688 pertinet
932 1591 982 1665 ad
997 1587 1300 1687 rempublicam,
1316 1589 1419 1665 unde
1435 1587 1592 1664 dicitur:
1609 1586 1786 1687 Expedit
1804 1588 1958 1687 quidem

366 1708 422 1784 rei
438 1707 600 1807 publieae
615 1733 664 1786 ne
680 1707 764 1806 quis
781 1733 822 1782 re
839 1732 909 1784 sua
923 1706 1024 1785 male
1040 1716 1187 1784 utatur.
1205 1706 1265 1784 Et
1281 1706 1334 1784 sic
1350 1706 1430 1785 vice
1446 1706 1584 1784 versa⁸²
1603 1707 1707 1806 quod
1723 1707 1779 1784 rei
1796 1706 1958 1806 publieae

366 1829 631 1930 principaliter
650 1829 810 1905 interest
831 1827 934 1926 quod
955 1827 1007 1903 sic
1029 1826 1254 1904 secundario
1274 1825 1455 1926 respiciat
1475 1826 1684 1903 utilitatem
1705 1825 1956 1924 singulorum.

366 1949 444 2026 Est
459 1947 604 2024 etiam⁵⁸
618 1946 835 2023 huiusmodi
850 1948 910 2023 ius
926 1945 1123 2045 privatum
1138 1945 1333 2046 tripertito
1348 1946 1550 2023 collectum
1566 1955 1635 2022 aut
1651 1971 1699 2022 ex
1716 1945 1957 2022 naturalibus

366 2069 568 2168 praeceptis
584 2074 652 2143 aut
665 2065 841 2165 gentium
855 2075 924 2144 aut
939 2065 1122 2142 civilibus.

416 2287 580 2362 Dictum
602 2293 660 2363 est
683 2311 802 2384 supra
824 2285 873 2362 de
893 2285 977 2361 iure
999 2284 1154 2383 publico
1177 2293 1216 2362 et
1239 2285 1404 2384 privato.
1429 2284 1548 2359 Nunc
1571 2294 1702 2360 autem
1726 2281 1957 2359 dicendum⁸⁹

367 2404 460 2503 quid
478 2403 528 2481 sit
545 2404 605 2480 ius
624 2405 813 2492 naturale,
833 2401 894 2479 vel
912 2403 1099 2501 gentium,
1120 2403 1180 2478 vel
1200 2403 1319 2490 civile,
1341 2403 1444 2501 quod
1464 2401 1537 2478 dici
1557 2402 1701 2501 poterit
1721 2403 1957 2479 consuetudo

365 2521 608 2621 quandoque.
629 2523 687 2600 Et
707 2523 768 2598 cui
787 2531 826 2600 et
845 2521 1028 2621 quando⁶⁰
1048 2547 1119 2620 per
1138 2521 1453 2598 consuetudinem
1472 2522 1534 2598 vel
1554 2547 1627 2621 per
1645 2519 1957 2598 constitutionem

366 2641 552 2740 principis
568 2643 788 2738 derogetur,
806 2642 848 2718 in
865 2640 1109 2740 sequentibus
1128 2639 1358 2716 dicendum⁸¹
1377 2638 1474 2717 est.⁰¹

468 2762 576 2856 Quid
589 2763 639 2839 at
653 2763 713 2839 ios
727 2759 915 2839 naturale.

368 2884 443 2958 Ius
456 2891 586 2958 autem
598 2881 775 2957 nattuale
789 2880 964 2978 pluribus
978 2879 1102 2956 modis
1116 2879 1266 2956 dicitur.
1281 2877 1466 2955 Primus⁰⁸
1480 2888 1596 2956 estut
1612 2879 1762 2955 dicatur
1778 2905 1801 2954 a
1815 2886 1957 2955 natura

366 3000 525 3077 animati
551 3007 679 3078 motus
706 2997 890 3098 quidam⁸⁴
916 2998 1121 3076 instinctus
1146 2997 1386 3098 proveniens,
1414 3024 1491 3096 quo
1519 2997 1671 3095 singula
1699 2998 1879 3074 animalia
1906 2997 1956 3073 ad

367 3120 511 3218 aliquid
532 3118 752 3197 faciendum
772 3118 1019 3207 inducuntur,
1042 3128 1081 3196 et
1103 3118 1205 3194 unde
1227 3117 1367 3194 dicitur
1389 3117 1458 3194 sic:
1481 3118 1551 3193 Ius
1573 3117 1750 3193 naturale
1772 3127 1831 3194 est
1853 3117 1957 3216 quod

366 3250 518 3330 natura,
533 3241 573 3317 id
587 3248 645 3317 est
657 3240 739 3338 ipse
752 3240 859 3327 deus,
873 3237 1003 3314 docuit
1015 3235 1145 3314 omnia
1159 3236 1349 3312 animalia.
1366 3237 1424 3313 Et
1437 3236 1494 3312 ita
1506 3246 1565 3313 est
1579 3235 1684 3312 istud
1698 3262 1838 3313 nomen
1852 3237 1957 3334 qood

366 3357 571 3434 accusativi
597 3383 720 3445 casus,
746 3367 786 3433 et
812 3357 884 3431 boc
910 3381 1050 3432 nomen
1077 3364 1218 3431 notura
1245 3356 1318 3431 erit
1346 3353 1483 3431 casus⁶⁶
1512 3353 1749 3432 nominativi.
1778 3356 1854 3430 Vel
1882 3355 1956 3432 dici

366 3479 510 3580 poterit
524 3478 627 3577 quod
641 3503 781 3553 nomen
794 3475 890 3552 illud
903 3476 1007 3574 qood
1021 3475 1070 3552 sit
1083 3473 1307 3551 nominativi
1322 3499 1443 3564 casus,
1458 3482 1503 3551 ut
1518 3475 1668 3550 dicatur
1683 3475 1746 3563 sic,
1762 3474 1955 3551 videlicet:

367 3600 438 3676 Ius
461 3597 650 3685 naturale,
675 3597 778 3694 quod
800 3594 931 3671 docuit
954 3595 1084 3670 omnia
1107 3591 1287 3669 animalia
1311 3601 1463 3682 natura,
1489 3593 1612 3670 idest
1636 3618 1707 3693 per
1732 3593 1955 3671 instinctum

366 3725 526 3794 naturae.
540 3716 598 3792 Et
610 3715 665 3792 ita
676 3715 748 3790 boc
760 3739 900 3790 nomen
913 3722 1055 3790 notura
1067 3713 1140 3789 erit
1153 3737 1261 3789 casus
1276 3711 1443 3788 ablativi.
1459 3713 1517 3788 Et
1529 3712 1600 3788 boc
1614 3721 1672 3790 est
1686 3715 1790 3811 quod
1804 3713 1955 3802 dicitur,

366 3836 481 3935 primi
500 3842 627 3911 motus
647 3859 726 3909 non
746 3842 837 3909 sunt
857 3831 899 3906 in
918 3837 1051 3908 nostra
1071 3840 1275 3932 potestate,
1296 3830 1480 3908 secundi⁰⁸
1500 3857 1592 3908 vero
1613 3841 1715 3908 sunt.
1739 3834 1797 3910 Et
1817 3832 1903 3908 ideo
1924 3832 1954 3909 si

365 3981 426 4032 res
448 3953 633 4054 procedat
654 3953 696 4028 in
718 3952 1009 4028 delectationem
1031 3960 1070 4027 et
1094 3951 1416 4028 oblectamentum
1438 3958 1594 4028 tantum
1617 3960 1656 4029 et
1679 3977 1758 4027 non
1782 3951 1954 4041 ulterius,

364 4073 512 4150 veniale
529 4083 684 4149 tantum
701 4071 941 4148 contrahitur
960 4078 1171 4169 peccatum.
1194 4070 1237 4147 si
1256 4069 1413 4146 autem⁶⁷
1431 4071 1593 4148 ulterius
1612 4072 1887 4170 progrediatur
1906 4070 1956 4147 ad

366 4190 509 4291 aliquid
526 4191 846 4291 componendum,
864 4199 909 4266 ut
927 4199 1102 4266 exerceat
1120 4188 1204 4288 quis
1222 4191 1326 4288 quod
1342 4189 1511 4287 turpiter
1528 4189 1725 4288 cogitavit,
1745 4200 1838 4267 tunc
1856 4189 1955 4266 dice-

364 4319 431 4386 tur
450 4311 588 4388 tertius
607 4319 736 4387 motus
757 4319 797 4386 et
816 4309 979 4386 mortale
1000 4308 1252 4385 contrahere⁰⁸
1274 4318 1486 4408 peccatum.
1511 4309 1588 4385 Est
1610 4308 1677 4384 et⁶⁹
1699 4299 1796 4386 illud
1817 4319 1954 4386 notan·

366 4430 395 4505 f.
410 4430 454 4522 4]
511 4429 615 4517 dum,
635 4430 739 4527 quod
758 4454 835 4527 qua
853 4427 1002 4504 ratione
1021 4426 1167 4503 iustitia
1187 4436 1244 4504 est
1263 4428 1454 4516 voluntas,
1475 4427 1606 4503 habito
1625 4437 1803 4526 respectu
1824 4428 1873 4504 ad
1894 4454 1955 4505 ra·

364 4546 537 4624 tionalia1
553 4556 719 4636 tantum,
736 4546 870 4623 eadem
885 4546 1033 4622 ratione
1049 4546 1190 4621 dicitur
1204 4547 1264 4623 ius
1281 4547 1458 4622 naturale
1474 4555 1614 4635 motus,
1631 4546 1761 4622 habito
1778 4557 1956 4646 respectu

365 4715 578 4794 ⁶¹adquirent,
600 4716 636 4789 P,
659 4715 731 4776 CM.
773 4713 902 4789 ⁶⁸enim,
924 4715 1001 4789 MA,
1022 4714 1091 4777 OB.
1134 4713 1349 4789 “secundum,
1371 4714 1448 4788 MG,
1470 4716 1544 4776 CM.
1588 4713 1614 4748 ⁵⁶
1626 4722 1766 4792 possunt,
1789 4714 1858 4792 OB,
1882 4717 1954 4776 CM.

366 4815 523 4895 ⁶⁶regere,
547 4815 614 4890 OC,
637 4815 711 4891 HA,
736 4815 813 4890 MG,
837 4816 911 4890 CM,
935 4817 973 4891 P,
996 4815 1078 4889 Azo;
1102 4835 1221 4895 gerere,
1245 4816 1314 4890 OA,
1338 4816 1407 4891 OB,
1432 4817 1508 4892 MA,
1533 4818 1609 4892 ΜΒ,
1634 4817 1701 4893 CE,
1724 4819 1792 4894 LA,
1815 4818 1856 4894 Y,
1881 4820 1956 4892 ΗΒ,
2014 4853 2017 4859 1

367 4917 439 4977 MC.
487 4914 553 4950 ⁶¹⁴⁸
564 4935 654 4976 versa
679 4914 803 4994 publice
827 4915 1027 4994 singulorum.
1053 4925 1085 4978 et
1110 4921 1213 4992 etiam,
1240 4916 1317 4990 MG,
1342 4917 1416 4977 CM.
1463 4916 1664 4979 ⁵⁹dieendum
1690 4926 1748 4992 est,
1775 4920 1851 4994 ΜΒ,
1877 4921 1955 4995 MG,

366 5017 403 5092 P,
423 5017 495 5078 HA.
536 5013 623 5077 iocui
642 5023 673 5076 et
692 5016 852 5095 quomodo,
872 5018 953 5090 MB;
972 5017 1122 5096 quomodo
1142 5025 1174 5078 et
1194 5024 1243 5079 eui
1262 5027 1295 5078 et
1312 5018 1446 5096 quando,
1466 5020 1504 5081 V.
1547 5018 1613 5053 ⁶⁶⁶⁶⁶
1626 5021 1705 5095 Ona,
1726 5021 1794 5084 OB.
1836 5019 1955 5099 ⁸²0m.,

291 5115 310 5140 ⁹
366 5117 435 5194 OA,
455 5119 532 5193 MB,
550 5117 617 5196 CE,
637 5119 705 5194 LA,
723 5118 797 5179 MC.
837 5115 986 5196 ⁰⁸primo,
1007 5119 1084 5196 MG,
1104 5120 1177 5180 CM.
1219 5117 1339 5194 ⁰⁴Om.,
1358 5119 1433 5193 OB;
1452 5119 1585 5199 quidem,
1607 5124 1644 5199 P,
1665 5122 1745 5196 ΗΑ;
1765 5123 1857 5201 quod,
1878 5125 1954 5186 ΜΒ.

365 5217 485 5295 ⁸⁵0m,
506 5219 585 5294 MG,
607 5220 681 5281 CM.
724 5217 800 5298 “ai,
823 5220 901 5296 MG,
924 5220 997 5281 CM.
1040 5217 1160 5296 ⁸²0m,
1184 5221 1261 5296 MG,
1285 5222 1358 5282 CM.
1402 5219 1522 5300 ⁰⁸Om.,
1545 5224 1623 5300 MG,
1648 5225 1728 5297 cM;
1751 5223 1955 5300 contrabitur,

365 5320 406 5398 Y,
422 5321 495 5394 cE;
511 5319 663 5397 contrabi,
679 5321 751 5394 00;
768 5319 935 5398 contrahit,
952 5323 1026 5382 MA.
1065 5319 1093 5356 ⁶⁰
1104 5325 1207 5399 etiam,
1224 5322 1290 5396 00,
1308 5323 1348 5397 Y,
1365 5323 1403 5397 P,
1421 5323 1494 5385 HA.

450 5421 681 5498 ²rationabilia,
700 5423 740 5498 V,
759 5423 836 5498 MA,
855 5423 892 5498 P,
910 5423 951 5499 Y,
970 5423 1037 5500 OC,
1057 5422 1130 5484 HA.
