4374 6366
770 514 831 574 DE
855 513 1059 576 PLACITIS
1083 501 1271 577 CORONAE
1743 527 1819 602 878
1937 486 1939 491 ·

230 664 314 763 quis
331 690 372 740 se
385 663 603 740 defenderit
618 663 731 753 licite,
748 664 866 762 recipi
881 664 994 741 debet
1011 667 1061 740 ad
1076 666 1244 763 gratiam
1261 677 1300 744 et
1317 669 1367 744 ad
1384 692 1519 767 pacem
1535 669 1643 746 sine²⁸
1660 671 1819 748 difficul-

229 791 322 870 tate,
337 782 466 880 gratia
479 791 611 858 tamen
624 781 808 881 principis
824 784 1042 859 comitante.

328 901 434 977 Item
448 899 557 976 nullo
571 900 726 976 ommno
741 925 866 978 cauca.

230 1018 342 1094 Iram
361 1018 401 1093 in
418 1042 509 1093 casu
526 1017 592 1094 ubi
610 1017 718 1094 nulla
735 1017 865 1095 subest
883 1043 1009 1108 causa,
1028 1019 1116 1096 licet
1136 1029 1267 1096 tamen
1285 1022 1480 1120 utlagaria
1499 1023 1548 1100 sit
1567 1023 1670 1102 iusta
1688 1034 1727 1102 et
1747 1026 1819 1102 rite

229 1137 347 1225 facta,
364 1136 481 1235 recipi
498 1135 611 1212 debet
626 1137 711 1235 quis
727 1137 777 1211 ad
792 1161 927 1234 pacem
943 1138 991 1214 de
1007 1138 1135 1235 gratia
1150 1148 1189 1215 et
1207 1139 1286 1215 sine
1304 1139 1528 1218 difficultate
1545 1151 1585 1219 et
1601 1142 1817 1242 aliquantu-

227 1255 310 1332 lum
328 1255 376 1330 de
394 1253 517 1330 iure.²⁴
536 1255 637 1331 Cum
656 1263 786 1331 autem
804 1255 1000 1353 utlagaria
1017 1256 1102 1354 ipso
1121 1255 1203 1333 iure
1221 1257 1330 1334 nulla
1349 1284 1394 1333 eo
1414 1260 1518 1357 quod
1537 1269 1673 1336 contra
1692 1261 1819 1360 legem

227 1381 340 1449 terrae
362 1381 402 1449 et
425 1373 739 1449 consuetudinem
762 1373 873 1471 regni
896 1375 1156 1473 promulgata,
1183 1376 1260 1451 sive
1286 1374 1477 1453 subiuerit
1502 1402 1618 1454 causa
1640 1404 1732 1455 vera
1757 1380 1818 1456 vel

227 1491 504 1591 praesumptiva
521 1491 601 1568 sive
619 1491 773 1567 omnino
792 1491 911 1580 nulla,
930 1493 1139 1568 secundum
1158 1494 1262 1591 quod
1281 1495 1470 1593 perpendi
1489 1496 1632 1594 poterit
1652 1523 1701 1573 ex
1721 1522 1817 1596 prae-

226 1609 362 1698 missia,
377 1609 467 1687 talis
485 1611 533 1686 de
550 1609 632 1686 iure
649 1609 766 1708 recipi
783 1609 896 1687 debet
914 1612 964 1686 ad
980 1610 1149 1708 gratiam
1167 1621 1205 1687 et
1224 1613 1272 1688 de
1290 1612 1371 1688 iure
1389 1614 1439 1689 ad
1457 1614 1586 1690 omnia
1604 1615 1754 1692 restitui
1773 1640 1818 1691 ac

228 1727 351 1804 sinon
365 1737 464 1805 esset
479 1727 527 1803 ab
543 1727 651 1804 initio
665 1727 906 1825 utlagatus²⁸

326 1849 370 1924 N
371 1872 423 1924 oo
436 1846 653 1924 restituitur
668 1847 752 1945 qais
767 1847 840 1923 oiri
856 1855 1008 1922 tantam
1025 1847 1075 1923 ad
1090 1871 1236 1946 pacem.

228 1967 283 2042 IN
297 1965 472 2042 omnibus
484 1990 576 2041 vero
588 1963 736 2040 casibus
750 1964 941 2063 praedictis
957 1963 1270 2063 qualiscumque²⁶
1286 1965 1406 2042 fuerit
1420 1990 1546 2056 causa,
1562 1992 1650 2044 cum
1663 1968 1815 2066 utlaga·

226 2085 282 2161 tio
296 2084 369 2160 rite
386 2084 494 2160 iacta
509 2084 558 2160 sit
574 2092 613 2160 et
630 2083 840 2159 secundum
855 2082 981 2181 legem
998 2093 1121 2172 terrae,
1140 2109 1217 2158 non
1235 2083 1451 2160 restituitur
1468 2085 1553 2183 quis
1571 2085 1642 2162 nisi
1661 2094 1817 2163 tantum

226 2203 277 2279 ad
290 2227 435 2303 pacem,
450 2203 554 2301 quod
567 2202 622 2276 ire
637 2200 757 2300 possit
773 2210 811 2277 et
826 2202 950 2277 redire
964 2210 1003 2277 et
1018 2202 1065 2278 de
1079 2226 1179 2276 novo
1193 2201 1428 2278 contrahere.
1445 2204 1539 2278 Non
1555 2203 1655 2280 enim
1671 2205 1815 2302 poterit

225 2319 292 2396 id²⁷
318 2322 421 2420 quod
445 2345 517 2419 per
540 2319 774 2416 utlagariam
797 2317 902 2394 fuit²⁸
927 2319 1156 2396 dissolutum
1179 2345 1251 2418 per
1275 2319 1504 2417 inlegariam
1528 2321 1710 2419 coniungi
1736 2322 1815 2398 sine

225 2464 326 2515 nova
343 2439 544 2514 voluntate
563 2463 696 2514 eorum
715 2438 780 2536 qui
800 2438 907 2536 prius
927 2445 1215 2514 contraxerunt.
1238 2439 1332 2512 Non
1351 2438 1453 2514 enim
1472 2439 1617 2537 poterit
1636 2465 1706 2515 rex
1726 2465 1815 2538 gra-

224 2557 320 2634 tiam
333 2557 461 2633 iacere
472 2580 561 2633 cum
571 2556 711 2632 iniuria
722 2554 788 2631 et²⁹
802 2557 944 2632 damno
956 2554 1129 2631 aliorum.
1145 2556 1297 2632 Poterit
1311 2555 1465 2654 quidem
1480 2558 1573 2633 dare
1586 2559 1690 2656 quod
1703 2583 1817 2634 suum
1871 2608 1873 2612 -

225 2685 295 2765 est,
315 2676 386 2751 hoc
407 2685 465 2752 est
486 2699 621 2773 pacem
643 2699 763 2762 suam,
786 2699 903 2772 quam
924 2673 1123 2772 utlagatus
1146 2673 1272 2750 amisit
1295 2684 1459 2773 propter
1481 2675 1619 2772 fugam
1641 2685 1681 2752 et
1705 2701 1816 2752 suam

224 2793 515 2882 contumaciam,
531 2793 634 2891 quod
649 2789 807 2869 autem⁸⁰
822 2791 990 2868 alienum
1004 2801 1061 2868 est
1078 2793 1170 2867 dare
1184 2816 1263 2866 non
1279 2800 1408 2890 potest
1423 2818 1495 2891 per
1510 2817 1619 2872 suam
1634 2794 1813 2891 gratiam.

227 2911 377 3003 <Cum
397 2910 616 3010 appellatus
637 2909 785 3007 fugerit
804 2916 845 2984 et
864 2908 1066 3008 appellans
1086 2908 1159 2986 rite
1179 2909 1432 3008 prosecutus⁸¹
1455 2909 1602 2985 fuerit⁸²
1622 2937 1742 3009 usque
1764 2910 1815 2986 ad

223 3029 515 3127 utlagationem,
539 3029 784 3129 praesumitur
807 3027 1052 3104 vehementer
1074 3036 1237 3126 propter
1261 3035 1403 3105 sectam
1428 3038 1467 3105 et
1490 3037 1654 3127 propter
1676 3029 1814 3127 fugam

224 3149 328 3247 quod
348 3147 567 3246 appellatus
588 3146 788 3245 culpabilis
809 3146 869 3235 sit,
890 3155 928 3221 et
948 3146 1035 3220 huic
1054 3145 1345 3244 presumptioni
1367 3147 1548 3222 standum
1569 3147 1642 3223 erit
1664 3172 1815 3244 semper

224 3267 327 3364 quod
340 3265 559 3365 appellatus
572 3291 651 3340 non
663 3263 835 3363 poterit⁸⁸
848 3263 1027 3340 restitui⁸⁴
1039 3264 1112 3340 nisi
1125 3265 1175 3340 ad
1189 3287 1323 3363 pacem
1335 3272 1501 3352 tantum,
1516 3273 1555 3340 et
1568 3264 1671 3362 quod
1686 3263 1815 3339 omnia

223 3383 368 3461 amittit
382 3385 502 3460 donec
514 3381 728 3482 probetur³⁶
742 3380 1018 3470 contrarium,⁸⁶
1032 3381 1172 3458 scilicet
1187 3383 1290 3480 quod
1305 3382 1454 3458 factum
1467 3381 1619 3458 nullum
1634 3382 1694 3471 sit,
1710 3382 1814 3481 quod

223 3503 319 3579 bene
333 3503 415 3578 fieri
429 3501 584 3601 poterit,
598 3510 643 3577 ut
657 3501 688 3577 si
700 3501 764 3576 ille
777 3501 843 3599 qui
855 3501 1018 3577 interfici
1033 3499 1164 3576 debuit
1178 3510 1267 3599 post
1282 3499 1561 3598 utlagationem
1575 3500 1814 3598 producatur

223 3619 343 3695 vivus.
360 3620 419 3695 Et
433 3619 537 3718 qud*
552 3618 671 3694 casu⁸⁸
685 3618 884 3717 utlagatus
900 3615 1153 3694 restituetur³⁰
1169 3619 1218 3694 ad
1235 3617 1364 3693 omnia
1378 3617 1470 3716 quia
1486 3619 1634 3694 factum
1650 3616 1813 3706 nullum,

223 3748 262 3815 et
276 3739 379 3814 unde
393 3737 482 3814 talis
497 3764 590 3814 vera
605 3736 782 3837 probatio
797 3736 915 3813 vincit
930 3735 1280 3835 praesumptionem.
1300 3735 1342 3811 Si
1360 3743 1490 3811 autem
1505 3734 1705 3832 utlagatus
1723 3744 1814 3811 ante

221 3857 422 3945 moriatur,
444 3854 636 3932 forisfacit
658 3853 813 3932 omnia⁴⁰
835 3854 912 3932 suis
932 3853 1134 3930 heredibus
1156 3853 1228 3929 nisi
1249 3854 1296 3930 de
1318 3853 1474 3928 consilio
1496 3862 1535 3928 et
1557 3851 1685 3950 gratia
1708 3851 1813 3928 aliud

222 3974 304 4050 fiat.

309 3979 428 4168 {tem
441 4092 541 4169 torte
554 4091 755 4189 otiapatua
769 4102 808 4168 et
822 4091 895 4167 rite
909 4113 988 4165 aon
1003 4089 1220 4166 restituitor
1234 4089 1308 4167 mat
1323 4096 1476 4164 tantam
1493 4087 1544 4165 ad
1558 4111 1692 4187 pacem
1709 4087 1814 4186 qaod

322 4211 378 4287 ire
394 4211 517 4310 poerit
534 4219 572 4286 et
588 4210 712 4287 redire
730 4218 769 4286 et
785 4233 920 4308 pacem
938 4207 1088 4296 babere,
1107 4217 1146 4284 et
1164 4207 1215 4284 ad
1233 4207 1401 4284 actiones
1419 4205 1569 4283 restitui
1587 4230 1665 4281 ooo
1682 4213 1812 4303 potest
1925 4201 1929 4207 ’

323 4353 393 4405 nec
413 4329 463 4405 ad
484 4327 571 4416 alio,
592 4327 682 4427 qaia
702 4337 759 4404 est
780 4329 890 4426 qooaa’
908 4327 1039 4420 intona
1061 4325 1174 4402 modo
1195 4325 1351 4422 penitae
1372 4333 1413 4401 et
1432 4323 1544 4399 bomo
1567 4323 1676 4422 quaet
1698 4323 1811 4399 modo

351 4445 487 4523 etatae.

224 4472 349 4640 Im?
358 4564 464 4639 non‘²
486 4564 630 4662 poterit
652 4561 869 4660 inlagaria⁴²
891 4561 1092 4638 restituere
1114 4563 1165 4638 ad
1187 4560 1354 4637 actiones
1378 4569 1416 4636 et
1439 4558 1691 4657 obligationes
1715 4582 1811 4658 prae-

223 4741 249 4777 ²⁸
261 4741 318 4806 boc
334 4746 411 4817 sine,
427 4742 505 4815 MG,
522 4741 595 4803 CM.
632 4738 659 4774 ²⁴
670 4743 737 4800 iure
753 4745 780 4800 si
796 4737 882 4800 nulla
898 4757 991 4799 causa
1007 4743 1048 4798 ait
1064 4736 1118 4798 sed
1133 4735 1338 4795 infortunium
1355 4738 1421 4796 sine
1438 4731 1566 4808 felonia,
1583 4731 1623 4808 V,
1640 4733 1718 4808 MG,
1737 4732 1811 4807 CM,

222 4844 288 4905 OC.
338 4841 457 4917 ²“Om.,
485 4842 554 4914 OB,
582 4842 660 4917 MA,
687 4841 763 4900 ΜΒ.
814 4838 840 4873 ²⁶
852 4837 1124 4918 qualitercumque,
1151 4837 1219 4912 OC,
1248 4836 1322 4895 CM.
1373 4832 1502 4910 ²²idem,
1531 4834 1609 4908 MG,
1638 4835 1713 4908 CM,
1743 4833 1809 4894 OC.

222 4943 248 4980 ¹⁸
260 4943 367 5020 fuerit,
382 4944 460 5019 MG,
476 4942 550 5016 ΟΜ,
565 4942 632 5016 LA,
646 4942 687 5017 Y,
703 4940 775 5001 MC.
814 4937 932 5014 ²'Om.,
948 4939 1017 5014 OB,
1034 4940 1108 4998 ΜΒ.
1146 4934 1370 5013 ⁸⁰enim,MG,
1386 4936 1461 5010 ΟΜ,
1477 4934 1542 4996 OC.
1581 4934 1810 5012 ⁸¹persecutua,

222 5046 300 5120 MG,
317 5046 384 5118 LA,
402 5044 474 5104 ΜΟ.
514 5041 633 5114 ⁸²Om.,
651 5042 720 5116 OB,
738 5040 814 5116 MA,
832 5040 907 5101 ΜΒ.
948 5037 1100 5116 ⁸⁸poteat,
1118 5039 1157 5114 V,
1176 5038 1242 5112 ΟΕ,
1260 5038 1305 5111 Y;
1323 5041 1437 5116 potuit,
1455 5039 1529 5098 ΟΜ.
1569 5035 1670 5096 ⁸⁴non
1689 5039 1810 5116 restitui

226 5146 321 5226 (non)
343 5143 435 5206 debet
452 5146 523 5217 nisi,
541 5143 618 5217 MA,
636 5143 718 5214 MB;
737 5160 799 5201 non
817 5143 991 5201 restituitur
1008 5142 1079 5213 nisi,
1099 5139 1167 5200 OB.
1208 5137 1326 5213 ⁸⁶Om.,
1346 5139 1415 5214 OB,
1436 5139 1512 5213 MA,
1532 5139 1607 5199 ΜΒ.
1649 5137 1719 5199 ”in
1739 5159 1809 5199 con-

220 5249 361 5323 trarium,
379 5246 457 5321 MG,
475 5245 549 5317 ΟΜ,
567 5242 632 5305 OC.
673 5237 738 5276 ⁸⁷⁴⁸
750 5261 810 5320 qua
827 5261 931 5316 causa,
949 5241 1026 5314 MG,
1045 5240 1118 5300 ΟΜ.
1157 5236 1185 5272 ⁸⁹
1196 5242 1389 5314 restituatur,
1407 5240 1446 5314 V,
1466 5241 1549 5314 MG;
1569 5243 1721 5316 restituet,
1741 5241 1808 5302 OA.

220 5347 248 5383 ⁴⁰
260 5349 301 5410 ad
316 5350 428 5422 omnia,
445 5344 523 5420 MG,
541 5343 615 5418 CM,
631 5341 697 5402 OC.
736 5339 855 5415 ⁴1Om.,
872 5340 941 5414 OB,
959 5341 1033 5401 MA.
1073 5338 1100 5372 ⁴²
1111 5338 1293 5418 inlegatum,
1311 5341 1381 5416 OB,
1399 5342 1475 5418 ΜΒ,
1493 5341 1560 5418 LA,
1576 5341 1607 5402 Y
1614 5364 1623 5415 ;
1641 5341 1809 5420 inlegatus,

221 5449 296 5524 ΜΟ,
313 5447 390 5510 MG.
