4392 6352
634 525 695 586 DE
718 524 1021 597 ADQUIRENDO
1044 525 1201 586 RERUM
1225 525 1427 588 DOMINIO
1754 534 1829 609 277

238 676 450 774 resistendi,
475 676 647 776 quamsi
671 701 749 752 non
773 676 949 752 habuerit
973 686 1011 753 et
1037 675 1190 752 resistat
1214 701 1285 775 per
1308 675 1506 765 malitiam,
1532 676 1661 754 omnia
1686 678 1828 754 damna

237 793 415 871 restituet
432 794 582 871 mulieri
601 795 750 892 petenti
769 795 978 870 secundum
996 795 1165 870 valorem
1184 795 1304 870 totius
1325 795 1424 870 dotis
1444 795 1550 871 illam
1569 796 1827 894 contingentis

238 939 260 988 a
279 921 454 1011 tempore
471 912 606 989 mortis
624 912 696 988 viri
715 912 785 1001 sui,
806 922 845 988 et
864 938 977 988 omne
996 913 1177 989 interesse
1198 923 1387 1011 quatenus
1408 939 1477 989 sua
1497 914 1676 990 interfuit
1697 916 1827 991 dotem

238 1055 348 1108 suam
368 1030 543 1107 habuisse
563 1056 685 1129 usque
706 1031 757 1105 ad
777 1030 879 1107 diem
901 1056 976 1129 quo
999 1030 1175 1106 seisinam
1197 1057 1306 1106 suam
1329 1056 1400 1130 per
1420 1031 1603 1108 iudicium
1625 1057 1827 1132 recupera·

237 1149 347 1238 verit,
362 1156 401 1224 et
415 1148 659 1225 nihilominus
673 1159 869 1226 warantus
884 1149 925 1224 in
939 1148 1198 1224 misericordia
1212 1149 1434 1225 remanebit.
1451 1150 1509 1226 Et
1525 1151 1620 1226 illud
1637 1151 1738 1227 idem
1755 1153 1827 1228 erit

238 1267 374 1342 sicum
392 1275 477 1343 tota
493 1268 562 1343 dos
579 1267 773 1343 vacaverit
791 1268 851 1343 die
869 1293 945 1365 quo
963 1268 1125 1344 maritus
1142 1267 1289 1356 obierit,
1309 1276 1348 1343 et
1366 1268 1459 1343 nihil
1479 1269 1599 1345 fuerit
1618 1270 1827 1346 alienatum

237 1386 278 1461 in
294 1386 375 1463 vita
393 1411 473 1474 sua,
493 1386 524 1462 si
541 1411 641 1461 uxor
658 1412 698 1462 se
715 1386 756 1460 in
773 1386 903 1462 dotem
920 1385 1159 1462 nominatam
1177 1386 1360 1483 posuerit,
1381 1395 1420 1462 et
1439 1387 1527 1462 inde
1546 1397 1638 1464 ante
1657 1389 1826 1486 assigna·

236 1505 381 1580 tionem
401 1505 520 1581 eiecta
541 1504 671 1592 fuerit,
692 1529 762 1579 nec
782 1503 902 1580 fuerit
922 1504 956 1579 ei
976 1504 1219 1580 satisfactum
1241 1505 1321 1580 sine
1342 1504 1484 1602 placito
1506 1513 1545 1581 et
1566 1507 1765 1583 dilatione:
1787 1517 1827 1584 et

236 1623 307 1696 hoc
328 1647 478 1721 semper
500 1622 709 1698 tenendum
730 1621 803 1698 nisi
824 1622 932 1698 heres
954 1623 1015 1698 vel
1038 1631 1164 1698 custos
1187 1623 1328 1699 iustam
1349 1622 1517 1699 habeant
1539 1649 1695 1700 causam
1717 1626 1826 1702 resis-

237 1743 355 1818 tendi.
378 1742 486 1817 Illud
505 1741 621 1818 etiam
642 1741 715 1817 erit
736 1741 767 1816 si
788 1767 810 1816 a
830 1750 1049 1817 tenemento
1071 1742 1174 1839 quod
1195 1741 1229 1817 ei
1252 1742 1490 1838 assignatum
1512 1751 1570 1818 est
1592 1744 1641 1818 ad
1663 1769 1825 1841 quaren-

236 1869 367 1936 tenam
383 1884 492 1936 suom
508 1868 597 1936 ante
612 1860 911 1957 assignationem
927 1859 1026 1935 dotis
1043 1859 1213 1948 eiciatur,
1230 1859 1336 1936 infra
1352 1870 1630 1958 quarentenam
1646 1863 1706 1937 vel
1724 1871 1824 1962 post.

238 1979 343 2054 Item
356 1978 452 2053 illud
464 1977 566 2054 idem
579 1978 610 2053 si
624 1978 778 2053 omnino
793 1987 905 2054 extra
917 1986 1095 2054 teneatur
1110 1978 1214 2075 quod
1228 2002 1306 2053 non
1318 1979 1458 2054 habeat
1472 1979 1538 2053 ubi
1551 1989 1671 2079 caput
1687 1979 1826 2055 suum²⁴

235 2095 433 2173 reclinet.²⁸
466 2096 508 2173 Si
539 2105 669 2172 autem
699 2121 786 2172 cum
815 2105 900 2171 tota
928 2095 1120 2172 vacaverit
1150 2104 1189 2172 et
1218 2097 1326 2172 heres
1357 2097 1588 2173 contendere
1617 2098 1725 2186 nolit,
1758 2099 1825 2174 sed

235 2215 358 2312 gratis
381 2223 420 2290 et
442 2214 522 2291 sine
544 2215 687 2314 placito
710 2213 743 2290 ei
766 2215 896 2290 dotem
919 2214 1119 2290 restituere
1141 2214 1245 2302 velit,
1268 2215 1477 2291 videndum
1501 2225 1558 2291 est
1582 2241 1666 2315 quae
1690 2217 1767 2293 sint
1791 2216 1825 2292 ei

236 2331 390 2434 nomine
412 2332 512 2407 dotis
534 2331 782 2409 restituenda.
806 2332 865 2408 Et
888 2332 919 2408 si
940 2333 988 2408 de
1009 2332 1155 2408 incerta
1179 2341 1291 2432 parte
1313 2333 1384 2409 fiat
1407 2333 1507 2410 dotis
1530 2335 1752 2411 constitutio
1776 2336 1826 2411 ad

236 2450 377 2526 ostium
397 2451 572 2540 eeclesia,
593 2452 641 2526 de
662 2449 861 2549 adquisitis
883 2449 948 2526 et²⁶
970 2451 1228 2548 adquirendis,
1249 2451 1477 2528 conveniens
1499 2452 1572 2529 erit
1594 2454 1697 2551 quod
1718 2453 1826 2529 heres

236 2570 271 2644 ei
293 2569 463 2666 assignet
483 2570 524 2645 in
545 2571 675 2645 dotem
696 2570 852 2645 tertiam
875 2578 1028 2668 partem
1049 2570 1169 2645 totius
1190 2569 1299 2644 liberi
1322 2571 1541 2659 tenementi,
1565 2571 1670 2669 quod
1692 2571 1827 2648 habuit

238 2698 453 2766 antecessor
473 2715 564 2765 suus
585 2689 625 2764 in
646 2688 835 2764 dominico
857 2713 925 2763 suo
947 2697 993 2764 ut
1014 2689 1061 2763 de
1082 2688 1197 2763 feodo
1219 2687 1280 2764 die
1302 2714 1378 2785 quo
1400 2714 1484 2764 eam
1506 2689 1764 2786 desponsavit,
1787 2699 1826 2766 et

237 2806 293 2881 ita
310 2807 351 2882 in
369 2805 558 2881 dominico
577 2805 643 2882 et²²
664 2807 779 2883 feodo
798 2806 902 2904 quod
920 2831 1006 2882 eam
1023 2805 1113 2881 inde
1133 2806 1267 2882 dotare
1287 2805 1426 2903 potuit.
1449 2807 1507 2883 Et
1526 2806 1604 2882 hoec
1624 2833 1717 2883 vera
1736 2816 1826 2883 sunt

236 2926 308 3002 nisi
330 2926 553 3002 constitutio
574 2925 674 3001 dotis
696 2924 771 3000 alio
790 2926 905 3000 modo
927 2933 1101 3023 tempore
1121 2923 1404 3000 constitutionis
1428 2926 1477 3000 ad
1499 2925 1641 3002 ostium
1663 2925 1826 3002 ecclesia

237 3045 343 3120 facta
366 3042 497 3132 fuerit,
519 3053 559 3120 et
580 3069 656 3141 quo
679 3067 770 3118 casu
793 3043 986 3140 sequenda
1009 3043 1082 3118 erit
1104 3042 1327 3118 constitutio
1349 3067 1437 3118 cum
1461 3044 1509 3118 de
1531 3070 1577 3120 ea
1599 3044 1824 3122 constiterit.

237 3165 399 3260 Integre
423 3163 524 3238 enim
548 3171 587 3238 et
610 3187 688 3237 non
713 3187 783 3261 per
807 3160 1017 3258 particulas
1041 3160 1102 3236 νε]
1126 3160 1166 3235 in
1191 3159 1331 3258 parte²⁸
1356 3160 1439 3236 fieri
1465 3162 1578 3238 debet
1604 3162 1825 3259 assignatio,

237 3282 378 3358 sedicet
400 3282 448 3356 de
470 3280 646 3356 omnibus
668 3279 780 3356 terris
803 3287 843 3355 et
865 3279 1091 3355 tenementis
1116 3279 1325 3354 secundum
1349 3280 1506 3354 modum
1531 3280 1825 3369 constitutionis,

237 3401 277 3475 in
303 3399 511 3488 dominicis,
535 3398 761 3496 villenagiis,
787 3398 910 3474 feodis
935 3397 1112 3486 militum,
1139 3397 1337 3495 homagiis,
1364 3407 1403 3473 et
1429 3398 1591 3474 servitiis
1619 3398 1826 3474 liberorum

235 3518 444 3607 hominum,
464 3517 505 3592 in
525 3515 836 3593 advocationibus
855 3514 1109 3591 ecclesiarum.
1132 3515 1190 3591 Et
1211 3516 1420 3591 secundum
1440 3517 1544 3614 quod
1565 3516 1685 3592 fuerit
1705 3517 1825 3592 nomi·

237 3639 358 3714 natim
376 3638 513 3712 dotata
527 3636 588 3712 vel
605 3660 684 3710 non
701 3633 939 3722 nominatim,
957 3657 1046 3709 cum
1064 3633 1314 3709 advocatione
1332 3633 1394 3709 vel
1412 3634 1504 3722 sine,
1524 3644 1563 3711 et
1582 3635 1661 3710 sive
1679 3635 1729 3709 ibi
1749 3636 1826 3711 sint

236 3758 367 3857 plures
388 3754 655 3832 advocationes
676 3753 754 3829 sive
774 3777 864 3839 una,
886 3776 1037 3850 semper
1056 3751 1097 3826 in
1117 3751 1389 3828 constitutione
1411 3752 1511 3828 dotis
1534 3753 1635 3829 etin
1656 3752 1825 3851 assigna·

236 3877 342 3953 tione
358 3875 431 3952 erit
448 3875 536 3950 inde
552 3872 728 3949 habenda
745 3872 856 3960 ratio,
874 3880 920 3947 ut
936 3870 997 3946 vel
1014 3895 1132 3945 unam
1149 3896 1198 3946 ex
1215 3870 1390 3969 pluribus
1409 3872 1572 3948 retineat
1590 3872 1650 3948 vel
1670 3872 1772 3970 quod
1792 3872 1825 3947 ei

236 3995 325 4071 inde
342 3993 498 4069 aliunde
513 3988 704 4068 satisfiat²⁹
721 3990 773 4065 ad
787 3987 1006 4077 valentiam,
1024 4014 1111 4064 cum
1128 3989 1395 4064 advocationes
1413 3990 1619 4087 aliquando
1637 4015 1716 4065 non
1733 3991 1824 4066 reci·

237 4114 348 4212 piant
364 4111 596 4187 divisionem.
614 4109 672 4184 Et
688 4133 839 4207 semper
853 4107 1042 4182 tenendus
1059 4116 1117 4182 est
1132 4107 1269 4182 modus
1286 4108 1578 4184 constitutionis.
1598 4108 1656 4184 Et
1672 4108 1761 4184 licet
1778 4109 1826 4183 de

237 4228 548 4307 advocationibus
566 4227 607 4302 in
624 4225 896 4302 constitutione
913 4224 1013 4301 dotis
1030 4223 1137 4300 nulla
1155 4225 1299 4301 mentio
1318 4225 1424 4300 facta
1442 4225 1491 4302 sit
1510 4250 1579 4302 nec
1597 4226 1638 4301 in
1655 4226 1825 4323 assigna·

236 4349 352 4436 tione,
366 4372 436 4423 nec
450 4346 499 4423 sit
514 4347 554 4422 in
567 4345 779 4422 hereditate
792 4344 865 4428 nisi
878 4342 992 4417 unica
1006 4343 1172 4431 ecclesia,
1189 4341 1304 4418 cum³⁰
1319 4353 1409 4442 post
1423 4352 1587 4419 mortem
1603 4344 1674 4420 viri
1690 4345 1729 4419 in
1745 4344 1826 4420 vita

236 4465 367 4542 uxoris
381 4490 460 4540 non
472 4462 613 4540 debet⁸1
625 4462 735 4538 heres
748 4462 796 4536 de
808 4461 891 4537 iure
904 4460 1010 4536 illam
1023 4461 1199 4537 conferre
1213 4461 1294 4536 sine
1307 4487 1465 4537 assensu
1478 4461 1621 4538 uxoris.
1640 4462 1718 4538 Sed
1734 4462 1826 4561 quid
1899 4557 1903 4563 Ι

237 4585 268 4659 si
285 4583 452 4660 noluerit
469 4580 704 4658 consentire?
722 4579 852 4655 Heres
871 4578 937 4677 qui
956 4580 1052 4654 duas
1072 4587 1203 4678 partes
1222 4579 1337 4655 habet
1354 4579 1395 4654 in
1414 4579 1709 4678 praesentatione
1729 4605 1825 4679 prae-

237 4703 397 4790 feretur,
422 4701 512 4800 quia
536 4698 710 4798 quamvis
734 4697 892 4773 ecclesia
914 4698 1046 4794 magni
1071 4696 1211 4772 valoris
1237 4696 1419 4785 extiterit,
1445 4696 1605 4773 tamen⁸²
1630 4699 1827 4774 occasione

237 4819 337 4896 dotis
352 4844 431 4895 non
446 4817 641 4904 dividitur,
658 4814 842 4915 quianon
857 4814 1007 4912 patitur
1024 4814 1239 4903 sectionem,
1257 4823 1296 4890 et
1312 4815 1479 4891 maxime
1494 4815 1584 4914 quia
1600 4815 1649 4891 ab
1666 4816 1825 4913 antiquo

237 4936 358 5014 divisa
376 4961 456 5012 non
476 4935 606 5011 fuerit.
629 4934 672 5010 Si
693 4942 823 5009 autem
843 4933 891 5009 de
912 4932 1160 5008 advocatione
1180 4957 1258 5007 non
1279 4933 1329 5007 sit
1348 4932 1497 5008 mulieri
1519 4933 1631 5009 aliter
1651 4933 1824 5009 satisfac-

235 5064 332 5144 tum,
348 5054 502 5130 videtur
517 5052 643 5152 prima
659 5050 757 5127 facie
773 5052 877 5150 quod
893 5050 979 5127 siin
995 5050 1075 5127 vita
1091 5050 1210 5149 ipsius
1227 5059 1288 5125 ter
1304 5050 1508 5139 vacaverit,
1526 5051 1629 5149 quod
1646 5051 1694 5126 de
1711 5051 1824 5148 aequi·

236 5243 262 5280 u
274 5245 354 5320 om„
372 5243 441 5318 on,
458 5243 525 5318 m,
542 5241 610 5315 oc,
627 5239 700 5301 no.
737 5237 914 5313 unauna,
933 5238 1011 5311 no,
1028 5238 1068 5310 v,
1086 5237 1158 5298 ou.
1199 5235 1225 5270 ²⁶
1237 5237 1355 5299 semea
1372 5244 1415 5312 a,
1433 5238 1501 5312 on,
1521 5200 1587 5312 rh,
1606 5239 1680 5314 no,
1699 5238 1766 5313 cr,
1785 5240 1823 5302 v.

235 5344 305 5405 ’τά
326 5349 370 5418 in,
391 5344 458 5418 cE,
480 5342 553 5404 Mc,
596 5339 752 5420 ”paneg
775 5338 853 5415 MG,
876 5338 949 5399 CM.
993 5336 1020 5372 ²⁹
1031 5337 1216 5414 satisfaciat,
1238 5338 1278 5414 V,
1300 5339 1367 5413 OC,
1391 5338 1459 5413 OB,
1483 5339 1559 5415 MA,
1582 5341 1658 5417 ΜΒ,
1681 5341 1722 5416 Y,
1747 5341 1824 5418 MG,

236 5447 309 5508 CM.
346 5444 497 5518 ⁸⁰tamen,
511 5442 578 5516 CE,
592 5443 631 5502 Y.
666 5438 692 5473 ⁸²
705 5438 826 5513 debeat,
840 5440 909 5514 OB,
925 5439 1001 5514 MA,
1015 5440 1091 5500 ΜΒ.
1126 5437 1423 5517 ⁸²cum,MG,CM.
