4432 6336
662 484 723 546 DE
745 484 1047 557 ADQUIRENDO
1071 484 1229 546 RERUM
1252 483 1454 546 DOMINIO
1803 491 1851 559 91

262 635 463 712 heredibus
493 635 582 713 suis.
613 636 705 725 Quo
734 660 826 711 casu
857 635 916 712 si⁸⁴
945 636 1103 712 heredes
1134 657 1213 712 non
1243 635 1630 733 comprehendantvu,
1662 659 1732 710 nec
1764 659 1852 734 pro-

263 755 388 831 visum
419 754 470 832 sit
502 754 552 831 a⁸⁸
584 757 770 831 donatore
802 755 843 830 in
875 755 956 830 vita
988 754 1183 832 donatoris
1216 754 1278 831 vel
1312 755 1514 842 donatarii,
1548 754 1760 831 remanebit
1793 779 1854 830 res

264 875 357 950 data
381 874 423 950 in
447 875 563 951 feodo
589 899 676 950 cum
701 873 786 972 ipso
812 875 1025 951 donatario.
1055 875 1099 950 Si
1124 883 1254 951 autem
1280 873 1479 973 provisum
1505 873 1553 950 sit
1580 875 1621 949 in
1646 873 1740 950 vita·
1752 873 1853 971 ipso·

263 991 390 1080 rum,³⁸
422 993 628 1069 revertitur
658 1003 764 1071 terra
794 994 887 1068 data
918 993 968 1067 ad
999 991 1154 1092 ipsum⁸⁷
1186 994 1413 1068 donatorem
1444 1017 1515 1091 per
1545 993 1703 1068 modum
1736 994 1854 1068 dona·

262 1112 388 1189 tionis.
411 1112 454 1188 Si
472 1121 602 1189 autem
620 1111 995 1211 comprehendantur
1013 1120 1168 1188 tantum
1186 1112 1343 1189 heredes
1363 1110 1559 1188 donatoris
1578 1119 1618 1188 et
1637 1137 1716 1188 non
1734 1112 1853 1187 dona·

263 1230 364 1320 tarii,
382 1241 421 1309 et
438 1233 602 1309 donator
619 1257 688 1308 nec
703 1232 812 1308 heres
829 1232 909 1308 eius
927 1231 1167 1330 providerint
1184 1231 1385 1308 donatario
1404 1233 1497 1309 dum
1516 1231 1624 1320 vixit,
1642 1229 1855 1308 remanebit

263 1375 323 1428 res
345 1351 439 1428 data
460 1350 662 1427 donatario
683 1361 722 1428 et
742 1349 943 1427 heredibus
966 1351 1043 1427 suis
1066 1352 1107 1426 in
1128 1351 1257 1439 feodo,
1280 1350 1453 1449 quamvis
1476 1350 1633 1427 heredes
1657 1350 1854 1427 donatoris

263 1472 324 1548 vel
340 1472 507 1548 donator
521 1480 610 1570 post
626 1478 791 1546 mortem
806 1469 999 1546 donatarii
1015 1468 1144 1569 parati
1161 1467 1266 1546 sint⁸⁸
1282 1468 1483 1546 heredibus
1501 1469 1621 1569 ipsius
1640 1468 1853 1569 providere.

266 1591 309 1668 Si
330 1599 461 1668 autem
481 1590 562 1666 vice
583 1615 693 1666 versa
714 1596 868 1666 tantum
890 1590 1161 1665 contineantur
1181 1589 1337 1666 heredes
1360 1590 1551 1666 donatarii
1574 1599 1612 1667 et
1634 1613 1713 1665 non
1735 1590 1853 1666 dona·
1897 1625 1901 1634 ·

262 1709 370 1800 toris,
394 1710 425 1787 si
447 1710 612 1786 donator
635 1708 847 1807 providerit
870 1707 1072 1784 donatario
1094 1707 1156 1784 vel
1179 1708 1259 1784 eius
1282 1707 1495 1797 heredibus,
1520 1708 1727 1784 revertitur
1748 1717 1855 1786 terra

264 1831 316 1906 sie
332 1830 425 1906 data
440 1829 490 1904 ad
506 1828 743 1916 donatorem,
761 1836 800 1903 et
815 1828 848 1903 si
864 1828 1028 1903 donator
1043 1828 1085 1903 in
1100 1827 1181 1903 vita
1197 1853 1267 1904 sua
1283 1853 1362 1903 non
1378 1826 1601 1926 providerit,
1618 1852 1698 1903 non
1716 1826 1854 1904 sufficit

264 1948 294 2024 si
319 1958 410 2046 post
434 1957 599 2023 mortem
625 1944 762 2022 suam³⁹
787 1944 908 2022 velint
933 1945 1090 2022 heredes
1117 1946 1330 2045 providere,
1358 1971 1446 2022 eum
1471 1946 1608 2023 modus
1636 1947 1853 2024 donationis

264 2093 303 2144 se
325 2067 464 2144 habeat
485 2067 527 2141 in
547 2066 795 2141 contrarium.
822 2066 866 2140 Si
889 2075 1018 2141 autem
1042 2065 1083 2141 in
1106 2065 1311 2142 donatione
1335 2065 1384 2141 ab
1408 2064 1516 2143 initio
1541 2064 1648 2143 nulla
1673 2066 1779 2142 iacta
1804 2067 1853 2142 sit

262 2185 406 2262 mentio
421 2186 469 2262 de
483 2184 697 2274 heredibus,
712 2182 800 2292 siin
813 2184 896 2260 vita
910 2182 1110 2283 ipsorum⁴⁰
1126 2184 1323 2260 donatoris
1339 2194 1378 2261 et
1395 2184 1585 2260 donatarii
1600 2210 1679 2260 non
1697 2185 1746 2261 sit
1763 2211 1851 2284 pro-

262 2305 398 2394 visum,
419 2312 526 2380 terra
546 2304 598 2380 sic
620 2304 713 2379 data
732 2328 812 2379 non
832 2303 1039 2379 revertitur
1060 2304 1110 2380 ad
1131 2304 1358 2380 donatorem
1379 2328 1450 2379 nec
1473 2302 1550 2378 ad⁴²
1571 2304 1728 2380 heredes
1752 2329 1852 2392 suos,

263 2423 329 2499 sed
345 2448 434 2499 cum
450 2422 652 2500 heredibus
669 2423 860 2499 donatarii
877 2423 918 2498 in
936 2424 1051 2500 feodo
1068 2423 1291 2500 remanebit.
1312 2423 1357 2498 Si
1374 2432 1504 2499 autem
1522 2423 1678 2500 donatio
1697 2423 1766 2500 fiat
1785 2423 1852 2499 ali·

262 2543 323 2618 cui
340 2543 391 2620 ad
405 2542 527 2620 vitam
544 2542 735 2620 donatarii
752 2552 791 2618 et
809 2568 887 2618 non
904 2541 1112 2631 donatoris,
1130 2549 1224 2617 tunc
1242 2543 1315 2619 erit
1333 2551 1439 2619 terra
1457 2544 1550 2618 data
1567 2543 1730 2619 liberum
1748 2551 1852 2619 tene-

262 2671 436 2738 mentum
450 2661 570 2760 ipsius
587 2661 790 2738 donatarii.
811 2662 853 2737 Si
871 2670 1000 2737 autem
1017 2689 1037 2738 e
1055 2662 1259 2750 contrario,
1278 2670 1372 2736 tunc
1389 2661 1462 2738 erit
1478 2661 1641 2738 liberum
1658 2670 1852 2739 tenemen-

261 2789 347 2859 tum
366 2781 562 2857 donatoris
581 2789 619 2857 et
638 2806 717 2856 non
737 2780 939 2870 donatarii,
959 2780 1049 2879 quia
1068 2781 1108 2856 in
1128 2780 1208 2856 vita
1228 2781 1419 2856 donatarii
1439 2781 1609 2857 revocari
1629 2780 1755 2880 poteri
1775 2779 1801 2815 ⁴²
1822 2781 1853 2858 si

262 2899 530 2997 praemoriatur
548 2900 723 2976 donator.
745 2898 913 2991 <Hoc⁴⁸
932 2909 990 2976 est
1009 2898 1097 2997 quia
1115 2899 1146 2977 si
1163 2899 1329 2974 donator
1348 2899 1388 2974 in
1406 2899 1486 2976 vita
1504 2900 1696 2976 donatarii
1714 2901 1852 2976 moria·

261 3026 339 3107 tur,
365 3018 496 3095 statim
521 3018 728 3095 revertitur
753 3044 814 3096 res
840 3018 1013 3094 donata⁴⁴
1038 3018 1089 3093 ad
1113 3018 1270 3095 heredes
1296 3017 1504 3108 donatoris,
1531 3029 1570 3096 et
1597 3019 1649 3096 sic
1674 3045 1753 3096 non
1779 3019 1852 3098 erit

261 3138 423 3216 liberum
438 3149 700 3217 tenementum
716 3139 933 3216 donatarii⁴⁶
951 3141 1042 3239 quia
1055 3140 1096 3215 in
1111 3140 1191 3215 vita
1207 3166 1278 3216 sua
1293 3145 1555 3230 revocatur>
1575 3140 1617 3216 Si
1635 3149 1765 3218 autem
1781 3143 1852 3219 fiat

262 3260 418 3337 donatio
436 3261 528 3350 sic,⁴⁶
547 3263 596 3337 ad
614 3262 735 3337 vitam
753 3262 950 3338 donatoris
968 3262 1170 3337 donatario
1188 3272 1227 3339 et
1245 3260 1447 3339 heredibus
1467 3262 1556 3350 suis,
1577 3263 1607 3339 si
1627 3263 1851 3341 donatarius

263 3384 292 3459 f.
307 3386 376 3477 27]
432 3385 711 3482 praemoriatur,
740 3383 898 3460 heredes
925 3383 959 3459 ei
989 3386 1197 3461 succedunt
1226 3383 1382 3459 tenendi
1412 3383 1461 3459 ad
1491 3385 1611 3460 vitam
1642 3384 1849 3462 donatoris.

263 3505 369 3597 <Et
389 3532 460 3604 per
479 3505 636 3582 assisam
654 3505 789 3582 mortis
810 3504 1058 3582 antecessoris
1078 3505 1375 3603 recuperabunt¹
1397 3506 1487 3604 quia
1508 3505 1601 3583 obiit
1622 3505 1786 3582 seisitus'
1806 3515 1851 3583 ut

260 3628 309 3703 de
327 3628 453 3704 feodo.
473 3627 531 3704 Et
550 3628 580 3703 si
599 3628 764 3704 donator
782 3627 1061 3726 praemoriatur,
1081 3635 1174 3702 tunc
1193 3636 1238 3703 ut
1257 3627 1365 3726 prius
1384 3629 1457 3703 erit
1475 3628 1639 3704 liberum
1657 3637 1850 3704 tenemen-

260 3758 345 3826 tum
361 3747 558 3826 donatoris
574 3759 613 3826 et
628 3774 707 3824 non
724 3749 916 3825 donatarii
932 3747 1117 3846 praedicta
1133 3749 1293 3825 ratione.
1314 3748 1392 3825 Sed
1409 3757 1571 3848 propter
1587 3749 1744 3826 heredes
1762 3749 1851 3826 inde

260 3871 438 3947 ordinare
458 3896 537 3946 non
556 3870 700 3969 poterit
719 3878 764 3946 ut
784 3871 832 3948 de
851 3871 1028 3958 termino,
1048 3871 1146 3946 sicut
1167 3870 1207 3945 in
1228 3870 1353 3969 primo
1373 3894 1477 3958 casu,
1498 3871 1589 3968 quia
1609 3871 1740 3947 statim
1761 3879 1851 3970 post
1884 3919 1886 3922 -

259 4002 423 4070 mortem
435 3992 631 4069 donatoris
643 3990 885 4068 revocabitur
896 4017 957 4068 res
970 3990 1187 4081 donata⁸>
1205 3991 1391 4067 Si-autem
1403 3989 1510 4067 nulla
1524 3992 1630 4067 facta
1644 3991 1694 4068 sit
1706 3991 1851 4068 mentio

260 4115 307 4191 de
321 4112 524 4190 heredibus
539 4111 742 4201 donatarii,
758 4120 890 4188 tamen
903 4136 984 4188 non
999 4113 1131 4189 statim
1146 4113 1354 4188 revertitur
1368 4135 1429 4187 res
1446 4111 1539 4188 data
1556 4113 1606 4188 ad
1624 4112 1850 4188 donatorem

259 4235 332 4312 nisi
352 4235 576 4312 donatarius
596 4235 801 4310 intestatus
823 4232 1051 4321 decesserit*
1070 4233 1132 4309 vel
1151 4233 1183 4310 si
1204 4257 1292 4329 cum
1312 4241 1587 4309 testamentum
1609 4233 1742 4308 fecerit
1764 4232 1848 4308 nul·

259 4357 338 4432 lam
352 4357 400 4432 de
413 4357 483 4432 tali
495 4364 715 4433 tenemento
729 4356 838 4453 quasi
853 4355 904 4430 ad
917 4353 1126 4430 terminum
1142 4380 1331 4431 annorum
1347 4353 1416 4430 sibi
1431 4353 1564 4430 relicto
1581 4351 1728 4429 fecerit⁵
1744 4378 1849 4430 men-

259 4475 430 4566 tionem,⁶
451 4479 554 4576 quod
573 4477 728 4576 quidem
748 4475 792 4553 si⁷
812 4476 901 4552 inde
920 4475 975 4550 in⁸
995 4484 1226 4553 testamento
1246 4474 1481 4553 ordinaverit
1503 4475 1600 4552 sicut
1621 4475 1669 4552 de
1689 4475 1849 4564 catallis,

259 4696 554 4774 “0m.‚MG‚cM.
590 4696 838 4774 ⁸⁸in,MG,cM
856 4696 995 4774 (-sit).
1029 4694 1359 4773 ⁸⁸eorum,MG,CM.
1396 4694 1693 4772 ⁸⁷0m.,MG,cM.
1729 4693 1849 4772 ³⁸aunt,

260 4799 300 4874 V,
314 4800 382 4875 ΟΕ,
396 4801 470 4861 CM.
507 4798 626 4875 ⁸⁹Om.,
641 4799 710 4873 OB,
726 4798 803 4873 MA,
818 4799 894 4873 ΜΒ,
910 4799 950 4874 Υ,
965 4798 1031 4859 CE.
1069 4796 1188 4871 ⁴⁰0m.,
1204 4798 1273 4874 OB,
1290 4799 1366 4859 MG.
1404 4797 1431 4832 ⁴¹
1443 4799 1523 4872 Om,
1538 4800 1578 4874 V,
1595 4799 1662 4874 LA,
1679 4799 1756 4874 MG,
1774 4799 1848 4860 Me.

259 4899 412 4978 “potest
429 4900 469 4975 V,
486 4901 555 4976 OA,
573 4900 640 4974 LA,
657 4900 736 4973 Mc;
755 4920 824 4975 om,
842 4899 914 4973 CE3
932 4919 995 4961 non
1011 4903 1137 4977 poterit,
1157 4899 1235 4974 MG,
1253 4900 1325 4961 cM.
1366 4898 1495 4975 “ratio,
1516 4901 1593 4976 MG,
1612 4901 1685 4961 cM.
1725 4898 1752 4934 ⁴⁴
1763 4899 1849 4975 data,

260 4999 343 5074 Μῦς
362 5019 429 5078 quae
444 5000 548 5074 datur,
566 5000 639 5062 cM.
680 4997 706 5033 ‘⁶
717 4999 875 5076 donatum,
894 5000 971 5075 MG,
990 5001 1070 5073 cM;
1089 5000 1255 5078 donatarii,
1273 5001 1313 5076 V,
1332 5002 1398 5076 LA,
1418 5003 1497 5075 MC3
1517 5001 1664 5063 donatum
1682 5001 1849 5077 donatarii,

260 5100 325 5163 OC.
362 5098 390 5135 ⁴⁸
401 5101 482 5176 ona,
497 5101 575 5176 MG,
590 5101 663 5162 cM.

342 5199 573 5279 ¹recuperahit,
594 5201 677 5275 MG;
699 5208 871 5280 recuperet,
893 5202 959 5262 OC.
1002 5201 1107 5279 ²Om.,
1129 5204 1195 5277 LA,
1217 5203 1284 5280 OC,
1306 5205 1379 5266 MC.
1423 5204 1532 5282 ‘data
1555 5207 1632 5283 MG,
1653 5207 1727 5269 CM.
1771 5205 1848 5268 ⁴de·

259 5305 362 5377 cessit,
374 5301 444 5377 OB,
457 5303 533 5378 MA,
547 5302 620 5376 003
633 5301 786 5378 discessit,
801 5304 875 5366 ΜΒ.
901 5301 939 5336 Μ
951 5308 1135 5365 mentionem
1150 5306 1279 5381 faciens,
1293 5305 1371 5381 MG,
1386 5307 1459 5368 CM.
1486 5305 1536 5368 'si
1549 5312 1693 5383 moriens,
1707 5308 1746 5370 V.
1771 5306 1812 5342 Μ
1821 5311 1849 5370 ai

259 5407 392 5466 moriana
406 5407 449 5480 in,
463 5402 541 5478 MG,
555 5403 628 5464 CM.
