4432 6340
647 489 708 549 DE
730 488 1033 561 ADQUIRENDO
1056 488 1215 551 RERUM
1238 488 1440 550 DOMINIO
1767 495 1842 570 287

251 636 480 727 reviviscit,⁸¹
497 638 570 715 nisi
586 638 657 714 hoc
673 638 723 716 sit
740 665 789 716 ex
805 665 907 716 nova
923 663 1039 716 causa
1055 647 1095 716 et
1111 639 1153 715 in
1169 637 1371 737 personis⁸¹
1389 637 1563 715 aliorum.
1583 640 1687 715 Item
1704 649 1841 716 notan·

251 758 344 834 dum
364 758 468 857 quod
487 783 566 834 non
584 767 714 856 potest
733 757 909 834 dominus
930 757 1106 856 capitalis
1124 757 1316 857 wayviare
1335 757 1559 855 homagium
1579 756 1646 833 et⁸⁸
1667 783 1842 834 recusare

250 876 448 953 servitium
460 885 595 953 contra
609 876 822 953 volutatem
834 876 1000 954 tenentis
1015 874 1113 964 sui,⁸‘
1127 876 1343 975 quominus
1357 883 1537 953 teneatur
1550 877 1601 952 ad
1615 877 1843 952 warentiam

249 993 337 1070 vel⁸⁵
352 995 603 1071 excambium.
621 994 706 1071 Nec
719 995 836 1071 etiam
850 1005 984 1072 tenens
1000 995 1081 1070 vice
1094 1020 1216 1084 versa,
1233 1020 1308 1092 quo
1324 995 1450 1071 minus
1467 994 1586 1071 faciat
1602 996 1756 1071 domino
1772 1021 1841 1072 suo

249 1111 447 1190 servitium
466 1113 649 1202 debitum,
669 1088 870 1230 quamdpff·
871 1115 1039 1190 tenuerit
1058 1123 1321 1190 tenementum
1340 1122 1503 1212 propter
1523 1113 1627 1213 quod
1647 1113 1842 1211 obligatur

250 1232 301 1307 ad
327 1231 535 1308 servitium.
567 1231 646 1308 Sed
672 1241 802 1330 potest
829 1231 1028 1308 dominum
1056 1257 1169 1308 suum
1197 1230 1432 1307 deadvocare
1460 1256 1549 1308 cum
1576 1239 1840 1308 tenementum

248 1352 428 1429 tenuerit.
447 1351 525 1428 Sed
539 1351 611 1426 hoo
626 1360 671 1428 ut
687 1351 913 1449 pradictum
928 1359 986 1427 est
1002 1351 1075 1428 erit
1092 1375 1204 1427 suum
1222 1351 1416 1427 damnum.
1435 1351 1588 1426 Poterit
1605 1351 1721 1427 etiam
1737 1376 1841 1450 way-

248 1469 353 1547 viare
371 1478 646 1557 tenementum,
666 1494 755 1546 cum
772 1494 889 1545 causa
907 1468 967 1545 rel
988 1469 1079 1558 sine,
1100 1479 1140 1545 et
1159 1469 1211 1546 sic
1232 1469 1461 1545 dissolvetur
1480 1469 1714 1567 homagium.
1737 1470 1841 1546 Item

248 1588 409 1664 reddere
424 1588 568 1687 poterit
585 1588 739 1664 domino
755 1613 824 1664 suo
840 1587 1063 1685 homagium
1079 1614 1192 1664 suum
1208 1587 1321 1664 simul
1338 1611 1426 1664 cum
1442 1595 1662 1664 tenemento
1678 1597 1841 1686 propter

248 1707 433 1809 capitales
447 1707 674 1796 inimicitias,
688 1716 733 1783 ut
748 1706 902 1782 liberius
918 1715 1175 1806 prosequatur
1191 1705 1390 1804 appellum
1405 1731 1528 1795 suum,
1544 1715 1584 1782 et
1600 1705 1652 1782 sic
1669 1705 1839 1782 dissolvi·

247 1835 315 1904 tur
329 1826 563 1924 homagium.

348 1946 395 2023 Si
407 1944 585 2022 domim
599 1953 797 2021 ottoroore
810 1944 933 2042 possit
947 1943 1169 2041 homagium
1185 1952 1223 2020 et
1236 1943 1435 2020 servitium
1450 1943 1615 2020 tenentia
1630 1943 1690 2020 rai
1705 1953 1840 2018 contro

348 2062 588 2142 volantatem
605 2061 783 2141 teneura.

250 2183 361 2258 Irurr
380 2181 590 2258 videndum
606 2181 637 2258 si
656 2180 833 2258 dominus
852 2188 1049 2258 attoruare
1069 2180 1192 2278 possit
1210 2180 1324 2257 alicui
1341 2179 1564 2278 homagium
1583 2189 1623 2257 et
1642 2179 1840 2256 servitium

248 2301 414 2378 tenentis
438 2299 497 2378 sui
520 2309 656 2376 eontra
679 2299 920 2376 voluntatem
944 2299 1064 2398 ipsius
1088 2299 1266 2376 tenentis.
1293 2299 1351 2375 Et
1376 2298 1530 2376 videtur
1554 2298 1658 2396 quod
1683 2323 1773 2388 non,
1798 2307 1839 2376 et

247 2419 413 2496 maxime
438 2419 672 2517 homagium,
699 2418 790 2518 quia
814 2417 892 2495 tale
918 2426 1141 2517 sequeretur
1167 2417 1435 2494 inconveniens
1462 2417 1566 2516 quod
1593 2425 1724 2516 posset
1750 2442 1839 2494 eum

247 2537 454 2638 subiugare
468 2537 625 2638 capitali
638 2537 791 2614 inimico
807 2562 888 2626 suo,
903 2545 943 2614 et
958 2563 1030 2636 per
1045 2537 1148 2634 quod
1163 2545 1361 2613 teneretur
1376 2544 1659 2612 sacramentum
1675 2535 1837 2612 fidelita-

246 2658 297 2734 tis
311 2657 438 2733 facere
452 2657 486 2733 ei
500 2657 566 2755 qui
579 2683 668 2732 eum
683 2655 929 2733 daumificare
942 2655 1170 2732 intenderet.
1186 2654 1304 2731 Levis
1319 2663 1450 2731 autem
1463 2654 1661 2731 inimicitia
1674 2680 1754 2731 non
1768 2655 1837 2730 im·

246 2775 355 2875 pedit
370 2776 411 2852 in
426 2774 655 2874 quibusdam
671 2773 820 2850 casibus
836 2770 1046 2871 exceptis,⁸⁰
1064 2774 1105 2848 in
1122 2771 1259 2871 quibus
1278 2771 1449 2871 poterit⁸⁷
1467 2772 1644 2849 dominus
1662 2771 1837 2871 capitalis

246 2893 468 2992 homagium
479 2901 518 2970 et
531 2892 729 2969 servitirun
741 2891 850 2968 liberi
862 2891 1025 2968 hominis
1039 2891 1098 2968 sui
1112 2890 1223 2966 alteri
1236 2899 1434 2967 attornare
1448 2899 1585 2966 contra
1596 2890 1837 2968 voluntatem

246 3011 412 3088 tenentis
432 3011 525 3088 velit
546 3009 655 3098 nolit,
678 3007 848 3086 scilicet⁸⁸
869 3035 940 3108 per
962 3010 1079 3084 finem
1102 3009 1252 3086 factum
1274 3008 1316 3085 in
1337 3008 1443 3084 curia
1466 3009 1610 3085 domini
1633 3009 1746 3108 regis,
1771 3009 1837 3085 ubi

246 3128 544 3207 summouendus
565 3139 623 3206 est
642 3128 706 3205 ille
726 3127 833 3204 cuius
852 3127 1076 3226 homagium
1097 3136 1136 3204 et
1157 3127 1355 3205 servitium
1376 3127 1487 3204 alteri
1508 3126 1769 3216 conceditur,³⁹
1791 3137 1836 3204 ut

244 3249 274 3325 f.
291 3249 360 3341 82]
402 3247 454 3323 ibi
466 3256 714 3345 recognoscat
725 3245 947 3344 homagium
960 3256 998 3323 et
1011 3246 1208 3324 servitium
1221 3271 1345 3335 suum,
1358 3256 1397 3323 et
1408 3245 1487 3322 ubi¹
1501 3246 1702 3323 ostendere
1715 3247 1837 3346 possit

245 3365 434 3443 rationem
452 3392 573 3465 quare
591 3391 670 3442 non
688 3365 825 3442 debeat
844 3365 1066 3463 homagium
1087 3365 1226 3454 facere,
1247 3366 1351 3463 quod
1371 3365 1403 3441 si
1424 3391 1502 3442 non
1521 3365 1643 3463 possit
1664 3374 1835 3442 attorna-

245 3484 350 3562 bitur
365 3484 458 3562 velit
473 3484 582 3561 nolit.
601 3485 704 3561 Item
720 3485 761 3559 in
777 3483 852 3560 alio
869 3509 972 3573 casu,
990 3493 1034 3560 ut
1053 3484 1083 3561 si
1100 3484 1185 3582 quis
1203 3493 1348 3560 terram
1364 3483 1513 3560 dederit
1530 3485 1570 3559 in
1587 3484 1835 3583 maritagium

244 3628 333 3680 cum
353 3602 432 3680 filia
452 3628 521 3679 sua
540 3628 628 3680 cum
647 3602 826 3700 homagio
846 3610 885 3677 et
906 3602 1059 3680 servitio
1081 3602 1239 3678 alicuius
1259 3602 1368 3678 liberi
1388 3603 1561 3678 hominis.
1586 3603 1689 3678 Item
1711 3603 1742 3678 si
1762 3627 1835 3701 pro

245 3721 508 3820 redemptione
526 3722 697 3820 corporis
716 3722 786 3810 sui,
805 3729 844 3798 et
861 3721 903 3798 in
920 3721 1057 3820 quibus
1076 3721 1224 3796 casibus
1245 3721 1505 3798 attornabitur
1522 3720 1615 3797 velit
1635 3721 1743 3808 nolit,
1763 3720 1835 3798 nisi

244 3864 378 3916 causas
391 3839 643 3939 praetendere¹
655 3839 814 3938 poterit⁸
827 3864 946 3938 quare
959 3864 1037 3914 non
1050 3837 1198 3914 debeat.
1213 3839 1291 3915 Est
1303 3849 1341 3915 et
1356 3838 1433 3914 alia
1444 3863 1559 3915 causa
1573 3865 1692 3937 quare
1704 3839 1834 3915 homa·

244 3957 352 4056 gium
372 3967 411 4034 et
432 3958 628 4035 servitium
650 3958 852 4035 attoruari⁴
873 3982 952 4034 non
971 3956 1141 4056 poterit,⁸
1163 3966 1207 4034 ut
1229 3957 1261 4033 si
1280 3957 1373 4032 velit
1393 3956 1615 4055 homagium
1637 3966 1835 4034 attornare

243 4076 314 4152 tali
335 4077 400 4175 qui
419 4076 513 4152 nihil
531 4074 684 4153 habeat⁰
704 4077 745 4152 in
765 4076 874 4152 bouis
894 4076 997 4152 unde
1017 4073 1160 4174 posset*
1182 4075 1444 4164 warantizare,
1467 4075 1685 4163 defendere,
1708 4085 1747 4152 et
1769 4101 1834 4152 ex·

244 4193 434 4270 cambium
450 4195 588 4270 facere.
605 4195 673 4269 Ex
688 4195 759 4270 hoc
775 4192 889 4271 enim⁸
905 4193 1048 4293 posset⁹
1065 4193 1223 4292 quilibet
1241 4194 1418 4270 dominus
1434 4191 1608 4291 capitalis
1625 4218 1835 4269 exonerare

244 4311 312 4389 se²⁰
329 4337 402 4410 pro
419 4312 619 4390 voluntate
635 4338 716 4403 sua,
734 4312 810 4389 ne²²
829 4339 898 4390 suo
916 4312 1081 4389 feoffato
1098 4322 1295 4389 teneretur
1313 4314 1364 4387 ad
1381 4310 1608 4387 warantiam
1626 4320 1665 4387 et
1684 4335 1833 4387 excam-

243 4430 350 4506 bium
368 4431 416 4508 de
434 4441 588 4509 centum
606 4431 754 4509 libratis
772 4441 884 4508 terrae
902 4457 975 4530 pro
994 4456 1073 4507 uno
1090 4430 1248 4506 denario
1268 4432 1316 4506 de
1334 4429 1499 4507 servitio.
1521 4430 1579 4506 Et
1598 4430 1684 4505 ideo
1703 4430 1743 4505 in
1763 4430 1834 4505 hoc

244 4601 270 4636 ⁸²
282 4606 452 4679 resisteret,
471 4605 539 4678 OA,
558 4604 632 4678 ΜΟ,
650 4604 688 4664 V.
728 4601 909 4682 ”persona
927 4602 997 4676 OB,
1015 4603 1091 4679 MA,
1109 4604 1186 4678 ΜΒ,
1205 4603 1282 4678 ΜΟ,
1302 4601 1369 4676 ΟΕ,
1388 4602 1463 4676 ΟΜ,
1482 4602 1521 4662 Υ.
1562 4600 1589 4635 ⁸⁸
1600 4599 1660 4678 vel,
1679 4602 1747 4676 OA,
1767 4601 1834 4676 LA,

244 4701 318 4778 MC,
331 4703 397 4778 OC,
409 4703 447 4765 V.
481 4701 508 4736 ⁸⁴
519 4703 600 4778 Om,
613 4704 681 4778 OB,
696 4705 772 4781 MA,
786 4703 860 4765 MB.
895 4702 921 4738 ⁸⁶
933 4711 975 4778 et,
988 4703 1056 4778 OA,
1070 4705 1136 4779 LA,
1150 4704 1259 4779 OC,Y
1277 4704 1404 4782 (corn),
1418 4704 1455 4764 V.
1492 4702 1672 4781 “superius
1685 4706 1833 4779 exceptis,

244 4801 322 4876 MG,
339 4803 378 4864 V.
417 4801 443 4837 ⁸⁷
454 4811 571 4881 posset,
588 4804 662 4878 ΟΜ,
679 4805 725 4876 Υ;
742 4811 856 4882 potest,
874 4805 951 4864 MG.
992 4802 1094 4878 ⁸⁸sed,
1112 4805 1181 4881 OB,
1200 4805 1275 4880 ΜΒ,
1294 4803 1360 4880 ΟΕ,
1379 4805 1424 4876 Υ;
1443 4807 1470 4866 si
1488 4824 1556 4882 per,
1575 4805 1656 4876 MA;
1674 4804 1749 4863 licet
1765 4822 1833 4881 per,

243 4902 321 4963 MG.
362 4901 387 4936 ⁸⁹
399 4903 590 4979 concederet,
609 4904 678 4979 OB,
697 4905 774 4980 MA,
792 4906 873 4978 MB;
893 4904 1076 4966 concedetur
1099 4905 1168 4982 (ubi
1187 4905 1266 4966 hom.
1288 4926 1347 4967 rec.
1369 4903 1480 4982 hom),
1502 4907 1585 4977 MG;
1605 4904 1834 4975 concederetur,

244 5001 289 5075 Y;
303 5003 370 5064 vult
383 5002 559 5077 concedere,
573 5004 639 5064 ΟΕ.

326 5100 421 5179 ²nisi,
441 5102 510 5177 OB,
529 5103 595 5179 ΟΕ,
615 5105 655 5180 Υ,
675 5104 753 5179 ΜΟ,
773 5105 848 5181 ΟΜ,
868 5104 940 5166 ΜΟ.
982 5102 1020 5138 ¹'⁸
1032 5104 1204 5182 precedere
1224 5111 1333 5184 possit,
1354 5105 1422 5182 OA,
1443 5108 1509 5182 LA,
1530 5106 1602 5180 003
1623 5106 1833 5185 praetendent,

243 5201 312 5278 OB,
326 5203 403 5278 MA,
417 5205 493 5279 ΜΒ,
506 5205 584 5280 ΜΟ,
598 5205 643 5277 Υ;
658 5205 816 5284 praeeedit,
830 5207 903 5266 ΟΜ.
940 5204 1134 5281 ‘attornarq
1148 5207 1188 5284 V,
1202 5208 1279 5280 MA,
1294 5208 1371 5282 MG,
1385 5209 1425 5270 Y.
1460 5207 1594 5286 ‘possit
1609 5208 1649 5285 V,
1666 5209 1743 5285 MG,
1758 5209 1833 5284 ΟΜ,

242 5303 282 5366 Y.
317 5303 445 5381 ‘habet
460 5305 537 5382 MG,
552 5306 627 5381 CM,
640 5307 679 5368 Y.
716 5305 850 5385 'possit
865 5308 934 5384 OA,
949 5309 1015 5381 LA,
1030 5309 1097 5383 OC,
1114 5309 1187 5370 ΜΟ.
1224 5307 1328 5384 ⁸Om.,
1345 5311 1422 5385 MG,
1439 5311 1513 5386 CM,
1529 5310 1567 5370 Y.
1605 5308 1738 5388 'possit
1755 5311 1832 5385 MG,

242 5404 309 5466 ΟΟ.
348 5395 466 5480 10Ὀιιι,
481 5407 550 5482 OB,
566 5407 642 5483 MA,
659 5409 735 5469 ΜΒ.
773 5406 856 5483 ¹¹ut,
873 5409 949 5485 MA,
967 5409 1101 5483 MB3ut
1123 5453 1130 5470 .
1154 5453 1162 5470 .
1185 5455 1193 5470 .
1215 5429 1288 5485 non,
1305 5411 1373 5472 OB.
