4394 6342
400 453 449 521 58
931 443 1153 506 BRACTON:
1175 444 1237 504 DE
1261 443 1453 507 LEGIBUS

400 596 462 674 vel
483 596 592 674 bonis
615 596 707 674 fisci.
733 596 837 672 Item
859 595 944 672 dari
967 621 1046 673 non
1068 605 1255 696 poterunt
1279 595 1391 672 alicui
1415 593 1602 694 singulari
1625 618 1799 694 personae
1822 620 1883 671 res
1908 619 1992 693 quae

399 727 492 795 sunt
510 717 774 819 spiritualibus
794 742 964 807 annexae,
984 717 1082 794 sicut
1102 717 1278 794 corrodia
1295 742 1345 793 ex
1366 717 1527 794 abbatiis
1547 726 1588 794 et
1608 716 1784 794 domibus
1805 715 1991 814 religiosis

400 839 658 938 percipienda,
679 847 719 917 et
738 838 966 930 huiusmodi,
986 838 1027 916 in
1048 837 1185 938 quibus
1205 839 1336 916 nullus
1357 838 1428 915 sibi
1448 839 1642 915 vindicare
1663 838 1808 938 poterit
1828 838 1991 916 liberum

398 959 689 1038 tenementum.⁶
710 962 837 1037 Sacra
856 961 1016 1060 enimet
1035 960 1220 1058 religiosa
1239 968 1330 1038 sunt
1349 986 1410 1038 res
1429 986 1514 1060 quoe
1533 963 1606 1037 rite
1624 960 1677 1036 et'
1698 985 1770 1061 per
1789 961 1991 1060 pontifices

399 1084 471 1159 deo
489 1092 580 1160 sunt
596 1091 825 1160 consecrata
843 1093 881 1161 et
900 1083 1093 1173 dedicata,
1113 1083 1211 1161 sicut
1228 1092 1320 1161 sunt
1338 1083 1501 1160 ecclesiae
1518 1092 1600 1160 tam
1617 1082 1855 1160 cathedrales
1874 1107 1991 1183 quam

398 1208 595 1305 regulares
618 1215 658 1284 et
680 1206 838 1284 rurales.
863 1207 966 1283 Item
987 1207 1042 1284 eis
1065 1206 1230 1284 annexa⁸
1253 1205 1471 1283 coemiteria
1492 1216 1532 1283 et
1556 1204 1632 1281 alia
1653 1206 1738 1281 loca
1759 1205 1825 1282 ubi
1848 1206 1991 1283 mortui

399 1326 622 1404 urseruntur
639 1326 728 1404 licet
746 1352 825 1403 non
843 1328 1031 1417 dedicata,
1052 1328 1150 1405 sicut
1167 1336 1342 1425 tempore
1362 1327 1566 1404 interdicti.
1589 1328 1692 1404 Item
1711 1328 1796 1404 loca
1816 1327 1882 1403 ubi
1901 1353 1989 1404 oon·

399 1447 615 1525 stituuntur
635 1448 797 1525 abbatiae
816 1457 855 1526 et
875 1449 1071 1548 prioratus
1091 1459 1130 1527 et
1151 1449 1234 1526 alise
1255 1451 1391 1526 domus
1412 1448 1609 1547 religiosae,
1631 1474 1715 1550 quoe
1735 1449 1777 1526 in
1797 1448 1906 1527 bonis
1928 1450 1990 1527 dei

398 1580 501 1660 sunt,
515 1580 555 1648 et
567 1573 685 1648 etiam
698 1571 828 1649 dinato
841 1572 1000 1648 oedificio
1013 1572 1138 1649 adhuc
1152 1571 1258 1649 locus
1272 1597 1378 1648 sacer
1390 1579 1533 1648 manet.
1551 1573 1654 1648 Item
1668 1570 1777 1670 quasi
1793 1598 1853 1649 res
1869 1596 1988 1661 sacra,

396 1694 457 1771 ut⁹
468 1695 565 1771 liber
575 1695 689 1771 homo
701 1693 766 1794 qui
779 1694 893 1772 vendi
906 1719 985 1769 non
997 1700 1137 1793 potest,
1151 1718 1239 1771 cum
1251 1694 1407 1771 libertas
1421 1719 1500 1770 non
1514 1694 1673 1794 recipiat
1686 1694 1987 1771 aestimationem.

397 1815 503 1892 Est¹⁰
523 1814 667 1892 etiam¹²
687 1841 747 1893 res
767 1816 875 1914 quasi
894 1840 1004 1892 sacra
1022 1841 1083 1893 res
1103 1816 1253 1906 fiscalis,
1273 1841 1358 1914 quae
1378 1817 1462 1892 dari
1483 1841 1561 1892 non
1581 1824 1710 1916 potest
1731 1841 1855 1914 neque
1875 1816 1988 1892 vendi

397 1963 522 2037 neque
539 1938 589 2014 ad
607 1937 726 2016 alium
742 1939 947 2015 transferri
966 1937 1017 2015 a²²
1035 1937 1210 2037 principe
1227 1940 1288 2015 vel
1307 1965 1330 2014 a
1348 1963 1440 2042 rege
1458 1947 1657 2037 regnante,
1677 1947 1718 2015 et
1736 1963 1821 2037 quae
1839 1938 1988 2014 faciunt

396 2061 522 2160 ipsam
537 2085 718 2137 coronam
734 2070 773 2138 et
789 2085 1030 2137 communem
1046 2059 1283 2161 respiciunt²³
1300 2060 1520 2149 utilitatem,
1538 2061 1635 2139 sicut
1652 2070 1710 2138 est
1727 2086 1808 2161 pax
1824 2068 1864 2138 et
1880 2061 1987 2138 iusti·

396 2181 452 2258 tia
468 2208 553 2281 quae
566 2181 709 2260 multas
724 2181 896 2259 habent¹⁴
911 2183 1067 2281 species,
1083 2183 1293 2259 secundum
1309 2183 1413 2281 quod
1430 2182 1518 2259 alibi
1536 2182 1685 2260 dicetur
1702 2181 1864 2283 plenius.
1886 2182 1988 2259 Sunt

397 2304 514 2380 etiam
532 2302 615 2380 aliae
632 2330 692 2381 res
710 2329 794 2403 quae
812 2305 1009 2403 pertinent
1026 2305 1077 2380 ad
1095 2329 1276 2380 coronam
1295 2301 1458 2404 propter
1476 2305 1721 2404 privilegium
1740 2305 1854 2402 regis,
1874 2314 1913 2382 et
1932 2305 1988 2381 ita

397 2449 639 2502 communem
663 2450 742 2502 non
767 2425 1005 2525 respiciunt¹⁵
1031 2425 1251 2515 utilitatem,
1277 2427 1371 2525 quin
1397 2427 1480 2503 dari
1508 2425 1698 2526 possunt²⁶
1726 2435 1765 2503 et
1792 2427 1843 2503 ad
1870 2426 1988 2503 alium

396 2547 613 2638 transferri,
638 2547 729 2646 quia
752 2549 783 2624 si
806 2547 1095 2626 transferatur²²
1120 2547 1323 2626 translatio
1347 2547 1443 2624 nulli
1468 2548 1541 2626 erit
1566 2550 1762 2638 damnosa,
1788 2548 1888 2625 nisi²⁸
1913 2547 1987 2646 ipsi

395 2672 478 2770 regi
499 2671 577 2749 sive
596 2671 774 2772 principi.
795 2671 854 2748 Et
875 2670 906 2747 si
927 2669 1143 2747 huiusmodi
1163 2697 1224 2747 res
1245 2669 1358 2748 alicui
1378 2694 1563 2747 concessa·
1584 2670 1731 2748 fuerint
1751 2671 1849 2749 sicut
1871 2695 1987 2746 wrec-

395 2818 483 2870 cum
503 2793 632 2882 maris,
653 2792 855 2871 thesaurus
875 2793 1065 2882 inventus,
1088 2801 1126 2869 et
1146 2790 1331 2890 grossus²'
1354 2791 1478 2891 piscis,
1501 2791 1598 2869 sicut
1618 2792 1756 2868 balnea
1777 2799 1817 2868 et
1838 2791 1986 2890 sturgio

396 2924 435 2993 et
459 2915 523 2991 ulii
547 2902 670 3016 pisces
695 2915 855 3012 regales,
881 2923 1047 3014 oportet,
1073 2913 1104 2990 si
1128 2914 1218 2990 inde
1244 2913 1402 3013 quaestio
1427 2913 1626 3003 habeatur,
1653 2913 1784 3012 qu0d²⁰
1811 2913 1893 2990 illi²1
1920 2907 1986 3012 qui

394 3036 612 3144 huiusmodi
631 3036 848 3114 libertatem
868 3035 937 3112 sibi
957 3035 1126 3112 vindicat
1147 3036 1282 3113 doceat
1300 3035 1517 3112 h'uiusmodi
1539 3036 1589 3112 ad
1609 3062 1649 3112 se
1670 3036 1874 3136 pertinere,
1897 3036 1986 3134 quia

395 3157 427 3235 si
446 3157 692 3234 warantum²²
713 3182 792 3233 non
810 3157 988 3234 habuerit
1009 3155 1239 3255 specialem²⁸
1261 3158 1302 3233 in
1322 3157 1393 3234 hac
1415 3156 1592 3234 libertate
1616 3182 1654 3234 se
1677 3157 1885 3234 defendere
1907 3183 1986 3234 non

394 3279 551 3380 poterit,
569 3279 742 3377 quamvis
760 3304 833 3377 pro
851 3305 891 3356 se
907 3277 1182 3379 praetenderit*
1199 3279 1308 3377 longi
1324 3278 1509 3376 temporis
1528 3279 1866 3379 praescriptionem.
1885 3279 1986 3355 Diu·

394 3399 562 3479 turnitas
580 3399 684 3477 enim
699 3399 885 3500 temporis
903 3401 945 3476 in
962 3401 1033 3476 hoo
1053 3425 1144 3476 casu
1163 3399 1341 3477 iniuriam
1360 3425 1439 3477 non
1458 3400 1598 3478 minuit
1618 3401 1685 3478 sed
1705 3397 1835 3498 auget,
1856 3425 1925 3477 nec
1945 3401 1985 3476 in

394 3518 521 3619 primo
538 3543 716 3614 casunec
733 3519 774 3596 in
790 3520 864 3597 isto
880 3519 1000 3596 currit
1018 3529 1172 3618 tempus
1189 3528 1326 3596 contra
1342 3543 1485 3616 regem,
1503 3543 1573 3596 nec
1590 3520 1775 3596 incumbit
1793 3520 1827 3596 ei
1845 3520 1983 3620 proba-

394 3640 450 3714 tio
472 3640 576 3736 quod
598 3639 648 3714 ad
670 3639 797 3737 ipsum
819 3638 1051 3739 pertineant,
1075 3663 1163 3715 cum
1185 3647 1360 3715 constare
1384 3639 1522 3715 debeat
1544 3639 1704 3738 singulis
1729 3640 1832 3738 quod
1854 3639 1984 3716 huius·

393 3761 498 3836 modi
515 3761 563 3836 de
578 3759 661 3836 iure
677 3758 852 3857 gentium
868 3757 1089 3859 pertineant
1107 3758 1156 3835 ad
1172 3782 1364 3835 coronam.
1385 3758 1488 3835 Sunt
1504 3758 1621 3835 etiam
1638 3756 1705 3834 et²⁸
1723 3758 1805 3834 aliae
1822 3785 1882 3835 res
1901 3783 1985 3857 quae

393 3877 618 3979 pertinent²⁶
635 3877 685 3953 ad
701 3901 882 3955 coronam
898 3901 982 3976 quae
998 3901 1077 3953 non
1094 3888 1185 3955 sunt
1201 3875 1256 3953 ita
1274 3900 1400 3966 sacrae,
1419 3875 1539 3974 quiu²¹
1558 3877 1763 3954 transferri
1781 3874 1984 3978 possunt?⁸

395 3997 492 4074 sicut
515 3984 605 4074 sunt
628 3997 741 4073 fundi
763 4007 875 4074 terrae
898 4005 937 4074 et
959 4004 1180 4074 tenementa
1202 4006 1242 4073 et
1264 3997 1493 4085 huiusmodi,
1517 4023 1588 4095 per
1611 4022 1694 4095 quae
1717 4021 1859 4073 corona
1881 3997 1983 4094 regis

393 4117 609 4206 roboratur,
627 4125 666 4193 et
682 4116 723 4193 in
739 4115 877 4215 quibus
893 4115 1014 4193 currit
1030 4124 1185 4213 tempus
1204 4123 1339 4192 contra
1356 4142 1487 4214 regem
1505 4117 1603 4193 sicut
1621 4126 1755 4193 contra
1774 4116 1984 4216 quamlibet

393 4235 587 4336 privatam
608 4260 824 4336 personam.
851 4234 953 4312 Sunt
975 4235 1091 4312 etiam
1113 4233 1181 4311 et²⁹
1202 4235 1285 4310 aliae
1307 4261 1366 4312 res
1389 4234 1497 4333 quasi
1521 4260 1648 4324 saerae,
1672 4260 1755 4333 quae
1779 4261 1984 4336 personam

393 4453 624 4516 ‘tenementum
652 4453 708 4514 sod
734 4453 826 4515 hodie
857 4453 1105 4531 (MG=mero)
1139 4453 1335 4531 recuperabit
1364 4473 1423 4531 per
1450 4450 1544 4515 breve
1573 4473 1659 4514 nova
1688 4453 1857 4514 disseisina
1886 4461 1920 4515 ut
1950 4458 1982 4513 iu

393 4561 511 4616 statuto
531 4555 628 4615 West.
649 4554 788 4632 capitulo
808 4558 902 4627 xxvii,
924 4555 998 4628 CM,
1021 4554 1097 4615 MG.
1141 4551 1246 4628 'Om.,
1269 4556 1337 4630 OB,
1361 4556 1437 4630 ΜΒ,
1459 4555 1497 4616 V.
1541 4553 1700 4631 ⁸annexae,
1723 4556 1793 4631 OA,
1815 4556 1884 4632 OB,
1907 4556 1984 4629 MA,

394 4655 472 4730 ΜΒ,
493 4654 571 4730 ΜΟ,
593 4654 668 4729 CM,
691 4655 758 4730 OC,
780 4655 847 4729 ΟΕ,
869 4656 909 4729 Υ,
932 4656 1004 4715 MC.
1049 4653 1115 4731 ⁰et,
1138 4656 1207 4731 ΟΒ,
1231 4657 1313 4730 ΜΟ;
1336 4663 1394 4732 est,
1419 4656 1494 4718 MB.
1539 4656 1605 4691 ¹¹¹¹¹
1617 4665 1649 4718 et
1671 4665 1728 4732 est,
1752 4658 1791 4732 V,
1814 4658 1883 4731 OB,
1908 4659 1982 4719 MB.

394 4753 464 4815 ²²et
487 4776 506 4815 a
529 4757 682 4833 principe,
706 4756 780 4829 CM,
804 4755 880 4816 MG.
926 4754 1046 4831 ¹⁸Om.,
1070 4755 1139 4832 OB,
1165 4758 1240 4832 ΜΒ,
1265 4757 1332 4832 CE,
1357 4760 1403 4832 Y3
1428 4762 1593 4836 recipiunt,
1619 4759 1696 4835 MG,
1722 4759 1795 4820 HA.
1842 4758 1984 4833 ²⁴habet,

394 4854 463 4930 OB,
488 4856 566 4930 ΜΒ,
591 4855 628 4916 V.
675 4854 878 4934 ¹⁵recipiunt,
904 4856 973 4931 OB,
998 4857 1074 4931 MA,
1101 4859 1177 4934 ΜΒ,
1203 4859 1281 4932 MG,
1307 4859 1379 4921 HA.
1427 4858 1454 4892 ²⁸
1465 4864 1597 4938 possint,
1623 4861 1692 4935 OA,
1718 4861 1785 4936 LA,
1810 4861 1879 4935 OC,
1906 4862 1983 4936 MG,

393 4954 466 5016 MC.
513 4955 795 5030 ¹⁷transferantur,
819 4956 886 5030 LA,
910 4956 988 5031 MG,
1012 4958 1088 5033 CM,
1112 4960 1187 5034 HA,
1211 4959 1279 5035 OC,
1305 4961 1378 5022 MC.
1425 4959 1531 5036 ¹⁸nec,
1556 4963 1632 5039 ΜΒ,
1657 4964 1697 5038 Y,
1723 4963 1760 5024 V.
1808 4962 1835 4996 ²⁰
1847 4983 1983 5042 grossus,

394 5056 473 5132 MG,
498 5058 539 5133 Y,
565 5056 641 5130 CM,
667 5056 711 5130 V;
739 5077 876 5137 grassrm
903 5058 971 5132 OA,
999 5059 1066 5133 LA,
1093 5060 1160 5134 OC,
1188 5060 1263 5137 HA,
1289 5062 1370 5135 MC;
1398 5067 1525 5141 gressis,
1553 5064 1623 5140 ΟΒ,
1651 5066 1726 5125 ΜΒ.
1777 5063 1886 5126 ²⁰⁸²²et
1914 5069 1983 5140 iste,

392 5155 462 5231 OB,
489 5158 553 5217 ΜΒ
584 5156 684 5234 (illa).
732 5156 956 5220 ²²·²³wreccum
982 5178 1044 5220 non
1071 5159 1168 5222 fuerit
1193 5162 1338 5240 speciale,
1366 5163 1428 5225 CM
1460 5163 1587 5243 (sicut),
1614 5165 1691 5226 MG.
1740 5165 1766 5200 ²⁴
1778 5165 1983 5244 protenderit,

393 5255 460 5330 CB,
477 5257 554 5331 ΜΒ,
572 5258 651 5331 ΟΜ;
668 5257 853 5338 protendat,
870 5261 914 5333 V;
932 5259 1130 5339 protendant,
1146 5263 1210 5324 MC
1233 5264 1329 5340 (corr.
1347 5264 1576 5346 praetenderit).
1617 5267 1642 5301 ²⁶
1655 5267 1736 5344 Om.,
1754 5269 1793 5344 V,
1813 5270 1889 5345 MA,
1908 5268 1982 5346 HA,

393 5356 470 5418 MG.
508 5355 573 5392 ²⁰⁹²*
586 5359 666 5434 Om.,
681 5359 750 5438 OB,
767 5362 842 5423 MB.
881 5359 1050 5441 ”possint
1066 5364 1136 5438 OA,
1152 5365 1219 5441 LA,
1236 5365 1303 5441 OC,
1321 5367 1393 5428 MC.
1433 5366 1551 5446 ²⁰Om,
1569 5369 1646 5444 MG,
1663 5370 1704 5446 Y,
1721 5371 1795 5447 CM,
1814 5370 1890 5446 ΜΒ,
1909 5371 1981 5432 HA.
