4374 6366
788 477 849 538 DE
873 478 1076 540 PLACl'l'lS
1100 478 1289 541 CORONAE
1761 489 1836 564 867

247 625 458 701 hereditate
475 626 598 724 patris
615 626 676 702 vel
693 627 827 704 matris
846 654 869 703 a
886 654 962 726 quo
980 627 1085 704 non²⁶
1105 629 1224 706 fuerit
1243 629 1387 705 felonia
1403 641 1639 729 perpetrata.
1660 633 1836 732 Propriis

248 752 377 820 autem
396 743 597 820 heredibus
619 745 810 822 forisfacit
829 746 1080 823 hereditatem
1101 747 1339 845 propriam,²'
1361 749 1589 848 propinquis
1610 760 1648 827 et
1669 752 1836 839 remotis,

248 861 388 938 scilicet
404 861 590 961 quidquid
606 863 731 940 tenuit
747 872 921 962 tempore
938 863 1089 940 feloniae
1105 873 1350 964 perpetrata,
1368 874 1408 941 et
1425 866 1752 966 qualitercumque
1770 867 1836 945 et²⁸

248 983 457 1058 secundum
472 982 575 1080 quod
589 980 726 1057 tenuit.
743 982 801 1058 Et
817 983 866 1058 ad
882 1007 928 1058 ea
942 1008 1026 1081 quae
1042 984 1250 1059 dictasunt
1266 984 1369 1082 quod
1385 993 1491 1061 tenet
1508 986 1665 1061 donatio
1682 987 1713 1062 si
1730 996 1836 1062 ante·

247 1125 364 1199 quam
384 1100 580 1175 convictus
602 1097 720 1176 fuerit
740 1099 939 1187 moriatur,
953 1100 1051 1202 'quia
1071 1101 1256 1176 defuncto
1278 1128 1322 1177 eo
1345 1103 1410 1200 qui
1432 1127 1519 1180 reus
1542 1101 1647 1178 fuit²⁹
1670 1104 1836 1182 criminis

247 1216 419 1293 extincta
435 1225 494 1293 est
510 1241 637 1314 poena.

346 1339 457 1416 Nihil
468 1339 662 1435 forisfacit
677 1349 884 1439 antequam
897 1339 1018 1435 faerit
1033 1342 1238 1419 convictas.

248 1464 328 1540 Suo
346 1463 439 1538 nihil
459 1463 650 1540 forisfacit
671 1472 877 1562 antequam
895 1465 1090 1540 convictus
1110 1465 1229 1541 fuerit
1247 1465 1308 1541 vel
1326 1468 1614 1556 condemnatus,
1635 1468 1725 1567 quia
1745 1469 1836 1546 dicit

245 1581 309 1658 lex
321 1584 425 1680 quod
437 1591 526 1680 post
539 1591 781 1658 contractum
793 1582 936 1658 crimen
948 1583 1114 1681 capitale
1126 1584 1350 1659 donationes
1365 1583 1505 1660 factae²⁰
1519 1585 1649 1662 valent
1662 1586 1733 1663 nisi
1748 1612 1835 1663 con·

246 1702 440 1779 demnatio
459 1709 590 1777 secuta
608 1701 669 1776 sit.
691 1700 809 1788 Quod
830 1708 959 1776 autem
980 1701 1051 1776 rite
1073 1700 1221 1776 factum
1242 1711 1299 1777 est
1321 1711 1410 1778 ante
1431 1703 1575 1778 crimen
1594 1713 1836 1781 contractum

246 1819 389 1896 irritari
405 1846 483 1895 non
498 1819 622 1906 debet,
640 1819 737 1895 sicut
753 1818 844 1895 dicit
861 1819 936 1894 elia
951 1819 1025 1907 lert,
1042 1820 1145 1917 quod
1161 1844 1231 1894 nec
1247 1820 1442 1918 corrumpi
1460 1846 1530 1896 nec
1546 1823 1688 1898 mutari
1706 1832 1835 1921 potest

246 1939 350 2036 quod
373 1938 446 2013 rite
470 1946 709 2013 transactum
732 1946 790 2013 est
815 1938 1107 2034 superveniente
1132 1936 1281 2013 delicto.
1311 1938 1353 2013 Si
1380 1947 1509 2014 autem
1535 1939 1636 2016 filius
1663 1949 1701 2016 et
1726 1940 1834 2018 heres

245 2055 499 2155 propinquior
517 2056 558 2130 in
575 2055 655 2131 vita
672 2055 795 2153 patris
815 2054 997 2130 feloniam
1017 2055 1164 2143 fecerit,
1184 2065 1222 2131 et
1241 2063 1395 2154 patrem
1413 2057 1668 2155 supervixerit
1688 2068 1726 2134 et
1746 2082 1834 2133 con·

244 2173 367 2249 victus
390 2172 521 2262 fuerit,
542 2198 630 2249 cum
651 2173 709 2249 ius
730 2198 879 2248 merum
900 2173 934 2249 ei
955 2172 1231 2260 descenderit,²¹
1255 2173 1332 2250 sive
1356 2173 1531 2250 seisinam
1555 2176 1602 2251 de
1623 2175 1834 2252 hereditate

244 2294 421 2369 habuerit
437 2293 515 2368 sive
530 2318 619 2380 non,
636 2291 828 2367 forisfacit
845 2291 914 2368 sibi
930 2300 969 2367 et
985 2291 1187 2367 heredibus
1203 2291 1280 2368 suis
1297 2292 1586 2368 successionem:
1605 2303 1643 2370 et
1661 2293 1716 2369 ita
1731 2294 1835 2392 quod

244 2437 332 2486 cum
347 2411 404 2487 ius
420 2412 469 2487 ad
483 2410 639 2486 heredes
655 2410 882 2486 descendere
897 2435 976 2484 non
990 2409 1124 2508 possit,
1140 2411 1187 2486 de
1203 2411 1428 2486 necessitate
1443 2410 1649 2487 revertitur
1666 2412 1716 2488 ad
1731 2411 1833 2510 capi·

244 2529 363 2606 telem
380 2527 577 2606 dominum
595 2527 852 2603 feoffatorem.

344 2652 463 2745 Quod
481 2660 584 2728 terra
600 2649 741 2745 felonis
759 2659 977 2726 revertatur
994 2650 1045 2727 ad
1064 2649 1248 2748 capitales
1266 2650 1441 2727 dominos
1459 2675 1533 2750 pro
1552 2651 1708 2746 desecto
1728 2651 1832 2728 bere-

343 2769 437 2846 dwm
453 2769 544 2868 quia
557 2769 648 2846 inde
663 2768 859 2868 processit.

243 2893 309 2967 Er
326 2891 414 2969 licet
434 2891 522 2969 talis
543 2892 720 2968 seisinam
740 2917 818 2966 non
837 2891 1024 2978 habuerit,
1044 2900 1176 2967 tamen
1195 2891 1333 2967 seisina
1353 2892 1599 2968 antecessoris
1622 2892 1759 2969 felonis
1782 2892 1833 2967 sd

241 3010 399 3086 heredes
414 3036 493 3086 non
508 3009 750 3097 descendet,²²
766 3009 857 3109 quia
872 3018 1026 3108 oportet
1042 3010 1146 3108 quod
1163 3009 1300 3085 seisina
1316 3019 1500 3108 sequatur
1514 3009 1712 3085 dominum
1728 3010 1831 3109 capi-

241 3129 271 3204 f.
288 3128 406 3222 laob]
462 3128 580 3204 talem
594 3129 645 3204 ad
657 3154 772 3227 quem
785 3129 844 3204 ius
857 3127 1074 3204 revertitur.
1092 3126 1228 3219 <Ut²⁸
1243 3127 1471 3226 quibusdam
1486 3127 1650 3215 videtur,
1666 3127 1732 3203 sed
1748 3127 1830 3203 aliis

241 3249 395 3325 videtur
418 3246 592 3334 contra,²⁴
616 3247 681 3346 qui
704 3246 836 3323 dicunt
860 3247 963 3345 quod
986 3271 1074 3321 cum
1096 3246 1185 3322 talis
1209 3247 1249 3321 in
1271 3246 1353 3322 vita
1377 3245 1623 3323 antecessoris
1648 3246 1832 3322 feloniam

243 3367 378 3443 fecerit
398 3376 437 3443 et
458 3367 505 3442 de
526 3392 602 3465 qua
622 3364 817 3441 convictus
838 3375 908 3452 est,
929 3390 1008 3440 non
1028 3364 1151 3441 solum
1174 3364 1365 3441 forisfacit
1387 3365 1427 3440 id
1448 3366 1553 3463 quod
1572 3373 1679 3440 tenet
1701 3364 1770 3441 sibi
1792 3373 1831 3440 et

241 3483 443 3561 heredibus
468 3483 557 3572 suis,
585 3483 651 3559 sed
677 3481 864 3582 quidquid
889 3482 923 3558 ei
950 3481 1106 3582 eliqua²⁸
1133 3483 1283 3559 ratione
1309 3482 1477 3558 accidere
1503 3480 1661 3581 posset²⁶
1689 3508 1713 3557 a
1739 3508 1831 3580 quo-

241 3629 404 3702 cumque
421 3612 669 3691 antecessore,
687 3610 726 3677 et
743 3627 821 3676 non
837 3601 960 3677 solum
976 3599 1205 3676 heredibus²'
1224 3601 1402 3677 decarne
1419 3627 1490 3678 sua
1506 3599 1746 3689 exeuntibus,
1765 3601 1832 3677 sed

241 3721 508 3798 remotioribus
526 3720 712 3796 fratribus
731 3730 769 3796 et
787 3719 882 3808 aliis,
901 3718 992 3817 quia
1007 3717 1106 3817 per²⁸
1123 3717 1239 3793 eum²⁹
1257 3743 1410 3816 semper
1426 3719 1510 3793 fieri
1528 3719 1641 3795 debet
1660 3717 1832 3794 narratio

242 3844 444 3918 descensus
460 3841 491 3917 si
505 3841 553 3917 de
567 3849 671 3917 recto
687 3849 829 3938 agatur
844 3837 940 3938 per⁸⁰
957 3837 1110 3913 breve.⁸²
1127 3838 1184 3914 Et
1200 3837 1277 3912 hoec
1294 3838 1371 3914 fuit
1388 3838 1486 3913 ratio
1502 3839 1570 3914 W.
1588 3839 1636 3914 de
1652 3838 1832 3913 Eboraco

242 3969 281 4037 et
297 3961 457 4051 bona>
477 3959 521 4036 Si
537 3968 666 4035 autem
681 3959 723 4034 in
736 3957 818 4034 vita
834 3957 955 4056 patris
972 3957 1171 4044 moriatur,
1189 3955 1267 4032 sive
1283 3955 1478 4032 convictus
1497 3955 1574 4031 sive
1592 3980 1681 4045 non,
1700 3957 1831 4032 statim

242 4079 376 4177 incipit
394 4085 599 4177 postuatus
617 4078 725 4153 heres
744 4103 825 4152 esse
844 4075 1098 4175 propinquior
1118 4074 1221 4172 patri
1239 4073 1443 4161 communi,
1465 4098 1508 4148 ac
1528 4073 1559 4149 si
1580 4073 1703 4149 frater
1724 4082 1830 4149 ante·
1974 4183 1977 4189 Ι

241 4208 357 4275 natus
375 4198 559 4274 feloniam
576 4223 654 4272 non
669 4195 929 4283 commisisset,
947 4195 1037 4294 quia
1053 4195 1094 4269 in
1110 4195 1192 4270 vita
1208 4193 1331 4292 patris
1349 4193 1442 4269 nihil
1461 4193 1553 4269 iuris
1571 4193 1605 4269 ei
1624 4193 1830 4281 descendit,

242 4326 281 4394 et
297 4316 349 4393 sic
362 4317 560 4392 habendus
575 4315 648 4392 erit
663 4315 772 4413 quasi
787 4323 901 4390 natus
916 4338 995 4388 non
1011 4312 1158 4388 fuisset.

341 4441 423 4517 Sed
440 4439 534 4539 quid
549 4439 698 4515 dicetur
715 4439 763 4515 de
783 4437 992 4514 hereditate
1010 4437 1246 4514 croviacum
1265 4436 1323 4511 vir
1340 4435 1461 4532 faerit
1479 4433 1691 4533 otlapotas,
1711 4459 1762 4511 aa
1780 4434 1830 4511 sit

340 4558 472 4636 atatim
489 4557 747 4635 restituendo?

244 4683 324 4759 sm>
351 4681 443 4781 quid
470 4681 618 4757 dicetur
644 4681 692 4757 de
718 4705 839 4755 uxore
864 4678 1117 4754 hereditatem
1142 4676 1317 4765 habente,
1346 4701 1434 4752 cum
1461 4676 1521 4750 vir
1548 4701 1639 4752 suus
1667 4685 1830 4774 propter

240 4899 267 4934 ¹⁶
279 4920 362 4974 vero,
390 4899 469 4973 MG,
497 4897 571 4973 CM,
599 4897 664 4959 OC.
714 4895 840 4956 ¹'susm
867 4897 1037 4975 propriam,
1065 4895 1104 4968 V,
1133 4893 1211 4967 ΜΒ,
1243 4891 1350 4970 (*Y).
1402 4889 1520 4966 ¹⁸0m.,
1549 4892 1627 4966 MG,
1657 4893 1732 4966 CM,
1761 4892 1827 4954 OC.

240 4999 386 5077 ²⁹luerit,
409 4999 486 5074 MG,
509 4999 583 5073 CM,
605 4998 673 5072 OC,
695 4997 770 5058 MA.
815 4995 933 5071 ηοω,
956 4996 1035 5069 MG,
1056 4995 1129 5067 OC;
1152 4999 1236 5070 item,
1260 4993 1333 5054 CM.
1380 4992 1405 5027 ²²
1417 4992 1626 5070 descenderet,
1651 4994 1728 5067 MA,
1752 4994 1828 5055 ΜΒ.

240 5099 265 5136 ¹¹
277 5099 447 5176 descendit,
465 5101 504 5174 V,
523 5099 599 5172 MA,
617 5099 683 5161 OC.
723 5097 749 5131 ²⁸
761 5106 796 5159 ut
814 5118 843 5171 a,
861 5098 928 5159 MG
951 5095 1030 5173 (et),
1050 5097 1124 5169 CM,
1143 5095 1208 5157 OC.
1251 5093 1276 5128 ²⁴
1288 5099 1486 5168 eontrarium,
1506 5096 1572 5170 LA,
1592 5096 1664 5168 0C3
1689 5093 1829 5174 (quibus-

239 5201 312 5262 dam
329 5201 452 5263 videtur
469 5204 521 5279 qui
539 5199 657 5275 dicunt,
675 5199 769 5277 MC).
810 5197 836 5231 ²⁶
848 5196 921 5272 alia,
940 5196 1007 5270 LA,
1027 5197 1107 5268 MC3
1128 5216 1165 5256 ex
1185 5196 1299 5272 aliqua,
1319 5197 1394 5257 MA
1436 5193 1462 5229 ²⁶
1475 5200 1584 5274 possit,
1604 5199 1644 5273 V,
1664 5197 1731 5272 OC,
1752 5199 1829 5274 MA,

240 5303 315 5363 ΜΒ.
357 5299 559 5362 ”heredibus
578 5303 653 5373 suis,
672 5300 711 5372 V,
731 5298 809 5374 MG,
829 5298 903 5374 CM,
922 5298 988 5360 OC.
1032 5294 1097 5330 '''''
1109 5301 1297 5375 peripsum,
1319 5298 1402 5371 MG;
1423 5318 1501 5372 cum,
1522 5299 1588 5374 LA,
1610 5300 1650 5374 Y,
1672 5300 1738 5374 ΟΕ,
1759 5301 1829 5374 ΟΒ,

240 5403 317 5478 MA,
332 5403 409 5478 ΜΒ,
425 5401 498 5462 MC.
536 5397 601 5434 ⁸⁰⁴²
613 5399 695 5474 om,
710 5400 750 5474 V,
765 5399 834 5474 OB,
850 5400 926 5474 MA,
942 5398 1019 5471 ΜΒ,
1036 5397 1103 5471 CE,
1120 5398 1159 5459 Y.
