4392 6352
861 487 922 549 DE
945 487 1220 549 ACTIONIBUS
1765 494 1840 562 283

251 637 313 713 vel
335 638 527 726 diurnum,
550 637 647 714 sicut
669 639 890 738 praedonem
910 638 971 714 vel
993 639 1123 727 alium,
1145 646 1184 714 et
1207 637 1300 713 ubi⁸²
1322 637 1450 714 licebit
1471 638 1674 737 unicuique
1697 664 1738 714 se
1761 637 1842 714 sine

251 755 390 832 iudicio
407 755 611 845 vindicare,
630 756 700 832 hoc
718 766 891 856 excepto,
910 757 1013 855 quod
1031 757 1062 834 si
1080 756 1177 833 tales
1195 757 1271 832 vivi
1289 756 1505 856 capiantur,
1524 756 1604 832 vita
1623 766 1662 832 et
1679 782 1782 833 mors
1803 765 1842 833 et

251 872 424 950 membra
443 873 639 973 pertinent
658 873 708 950 ad
727 900 869 972 regem.
892 874 995 950 Item
1014 875 1118 973 qaod
1137 875 1209 953 eibi
1228 874 1390 952 debetur
1411 874 1570 974 ponitur
1591 875 1641 951 ad
1661 875 1841 951 differen-

252 992 348 1070 tiam
370 992 623 1069 criminalium
646 993 852 1082 actionum,
875 993 1012 1091 quibus
1034 1019 1113 1069 non
1136 993 1259 1070 solum
1282 993 1374 1069 mihi
1397 993 1571 1069 debitum
1592 991 1842 1092 persequor,⁸⁸

253 1110 283 1186 f.
297 1112 367 1204 99]
423 1112 489 1186 sed
510 1110 665 1188 cuilibet
686 1111 734 1188 de
755 1111 902 1210 populo
923 1120 1086 1211 propter
1108 1136 1243 1212 pacem
1264 1111 1394 1209 regis⁸⁴
1417 1120 1456 1188 et
1477 1137 1718 1188 communem
1740 1111 1842 1187 utili·

252 1239 386 1307 tatem.

357 1350 398 1426 U
398 1350 473 1426 ada
490 1349 589 1426 aetio
605 1348 763 1427 oriatur.

254 1468 488 1544 annnum
505 1477 562 1544 est
577 1467 694 1545 etiam
707 1467 811 1544 unde
826 1467 925 1543 actio
941 1467 1099 1544 oriatur.
1116 1468 1175 1545 Et
1192 1467 1400 1544 sciendum¹
1418 1469 1522 1567 quod
1539 1494 1588 1544 ex
1602 1467 1843 1565 obligationi-

102 1579 107 1587 ’
253 1585 326 1662 bus
343 1585 644 1685 precedentibus
662 1594 862 1684 tamquam
880 1612 903 1661 a
920 1595 1044 1663 matre
1063 1586 1154 1662 filia.
1174 1576 1373 1684 Obligatio
1392 1595 1522 1663 autem
1541 1611 1625 1684 quae
1643 1596 1701 1663 est
1720 1595 1846 1662 mater

255 1705 414 1783 actionis
429 1705 617 1803 originem
632 1704 738 1781 ducit
752 1714 792 1781 et
807 1705 959 1781 initium
975 1731 1024 1780 ex
1039 1704 1168 1803 aliqua
1183 1729 1299 1781 causa
1315 1705 1565 1802 precedente,
1582 1705 1660 1780 sive
1678 1704 1740 1781 ex²
1756 1730 1844 1780 con·

254 1832 383 1901 tractu
397 1824 457 1900 vel
472 1823 593 1922 quasi,
608 1823 686 1901 sive
700 1822 762 1900 ex⁸
776 1823 963 1899 maleficio
977 1823 1039 1899 vel
1053 1823 1172 1923 quasi.
1188 1823 1256 1898 Ex
1270 1830 1472 1900 contractu
1487 1849 1578 1899 vero
1593 1823 1685 1899 oriri
1700 1823 1845 1923 poterit

254 1943 385 2018 multis
402 1942 537 2031 modis,
555 1942 652 2018 sicut
670 1968 718 2019 ex
735 1943 997 2030 conventione,
1016 1967 1086 2040 per
1104 1942 1424 2039 interrogationes
1443 1952 1482 2019 et
1499 1942 1776 2041 responsiones,
1797 1967 1845 2017 ex

254 2062 459 2138 verborum
477 2061 725 2160 conceptione
743 2085 827 2159 quae
846 2060 1064 2136 voluntates
1084 2062 1249 2136 duorum
1268 2061 1308 2137 in
1328 2086 1449 2137 unum
1467 2061 1588 2136 trahit
1607 2083 1844 2149 eonsensum,

255 2179 354 2256 sicut
378 2189 469 2256 sunt
493 2188 611 2278 pacta
633 2187 834 2267 conventa,
860 2203 944 2277 quae
969 2178 1075 2254 nuda
1099 2188 1190 2254 sunt
1216 2178 1434 2277 aliquando,
1462 2179 1668 2278 aliquando
1694 2179 1844 2255 vestita.

256 2297 354 2386 Quae
374 2298 405 2374 si
426 2297 532 2373 nuda
553 2296 700 2374 fuerint
721 2297 859 2374 exinde
880 2321 958 2372 non
979 2296 1165 2395 sequitur*
1187 2297 1298 2386 actia,
1321 2298 1412 2395 quia
1432 2323 1481 2373 ex
1502 2298 1607 2373 nudo
1629 2307 1744 2396 pacto
1767 2322 1847 2372 non

254 2418 426 2494 nascitur
447 2417 557 2493 actio.
581 2417 751 2514 Oportet
773 2416 893 2514 igitur
915 2415 1019 2514 quod
1041 2416 1180 2493 habeat
1202 2416 1431 2492 vestimenta
1453 2417 1500 2492 de
1524 2416 1661 2515 quibus
1684 2415 1845 2492 inferius

255 2533 484 2612 dicendum.l
504 2536 563 2612 Et
581 2534 797 2612 huiusmodi
817 2559 931 2610 causa
950 2560 999 2609 ex
1018 2542 1219 2610 contractu
1239 2534 1300 2611 vel
1321 2534 1429 2633 quasi
1450 2561 1600 2632 semper
1620 2535 1693 2612 erit
1714 2533 1844 2611 civilis.

256 2658 361 2732 Item
382 2655 552 2731 nascitur
573 2652 757 2751 obligatio
779 2678 828 2728 ex
848 2651 1035 2728 maleficio
1056 2652 1117 2727 vel
1139 2653 1259 2751 quasi,
1283 2661 1322 2729 et
1343 2653 1574 2729 maleficium
1596 2654 1775 2753 provenit
1798 2678 1846 2728 ex

256 2773 395 2849 delicto
418 2782 458 2849 et
480 2771 631 2861 iniuria,
656 2795 740 2870 quae
764 2771 918 2870 quidem
943 2771 1014 2847 sub
1039 2795 1077 2846 se
1103 2771 1234 2868 plures
1257 2770 1428 2847 continet
1454 2772 1609 2869 species,
1634 2779 1679 2846 ut
1704 2771 1735 2847 si
1762 2771 1845 2870 quis

255 2891 399 2967 crimen
419 2891 516 2966 laesae
536 2889 746 2966 maiestatis
769 2889 1010 2978 commiserit,
1031 2888 1276 2964 homicidium
1298 2889 1359 2965 vel
1382 2889 1534 2965 lurtum
1555 2900 1595 2966 et
1617 2890 1844 2965 huiusmodi.

256 3011 331 3087 Vel
349 3010 457 3109 quasi
474 3035 522 3085 ex
538 3007 737 3098 maleficio,
755 3015 801 3083 ut
818 3007 848 3084 si
866 3008 984 3083 iudex
1001 3007 1163 3084 scienter
1180 3008 1280 3084 male
1299 3007 1534 3096 iudicaverit,
1553 3008 1745 3106 obligatus
1766 3035 1846 3084 esse

255 3128 409 3204 videtur
431 3127 540 3227 quasi
563 3153 612 3203 ex
634 3125 784 3202 delicto.
811 3124 889 3201 Sed
913 3125 1004 3224 quia
1027 3151 1150 3224 neque
1173 3125 1329 3224 precise
1353 3152 1402 3202 ex
1426 3126 1624 3215 maleficio,
1649 3153 1773 3225 neque
1797 3153 1846 3203 ex

255 3255 456 3324 contractu
478 3246 672 3344 obligatus
693 3253 764 3332 est,
787 3253 826 3320 et
848 3242 993 3342 aliquid
1015 3267 1190 3342 peccasse
1213 3244 1462 3342 intellegitur,
1486 3245 1575 3321 licet
1599 3271 1670 3345 per
1692 3244 1845 3345 imperi-

255 3368 362 3455 tiam,
379 3366 465 3442 ideo
480 3365 633 3441 videtur
650 3362 759 3462 quasi
775 3388 823 3438 ex
839 3362 1026 3439 maleficio
1043 3362 1176 3439 teneri.
1419 3365 1423 3374 '

357 3601 464 3694 Quid
479 3601 528 3678 rit
544 3598 729 3698 obligatio
745 3608 783 3674 et
801 3597 966 3697 qualiter
982 3597 1243 3676 contrabatur.

257 3721 363 3797 Cum
389 3728 519 3795 autem
544 3724 754 3792 nascantur
779 3716 946 3793 actiones
972 3742 1020 3792 ex
1046 3715 1343 3814 obligationibus
1371 3744 1456 3818 quar
1482 3745 1530 3795 ex
1556 3730 1758 3798 contractu
1784 3721 1845 3798 vel

256 3837 365 3937 quasi
382 3835 637 3913 substantiam
652 3835 823 3934 capiunt,
841 3843 880 3910 et
896 3860 974 3910 non
991 3860 1039 3910 ex
1054 3835 1241 3911 maleficio
1259 3836 1319 3911 vel
1337 3838 1456 3935 quasi,
1474 3839 1683 3915 videndum
1700 3850 1759 3916 est
1776 3841 1844 3917 im-

256 3955 390 4055 primis
408 3954 500 4054 quid
519 3954 568 4030 sit
586 3952 781 4050 obligatio,
800 3962 839 4029 et
857 3950 1021 4051 qualiter
1039 3953 1302 4043 contrahatur,
1320 3963 1360 4031 et
1379 3980 1449 4054 per
1467 3982 1552 4055 quae
1569 3958 1697 4046 verba,
1717 3969 1756 4036 et
1775 3984 1847 4058 per

256 4099 351 4173 quas
374 4097 558 4172 personas
583 4071 810 4169 adquiratur
833 4070 1017 4169 obligatio
1040 4080 1080 4147 et
1103 4071 1268 4169 qualiter
1291 4073 1523 4150 dissolvatur
1547 4084 1585 4152 et
1609 4076 1782 4167 tollatur,
1807 4087 1846 4154 et

257 4191 421 4290 qualiter
447 4216 534 4266 cum
560 4189 680 4266 fuerit
707 4189 904 4277 dissoluta,
930 4197 1148 4278 renovetur,
1175 4198 1214 4266 et
1240 4191 1405 4289 qualiter
1431 4192 1471 4266 in
1498 4192 1612 4269 aliam
1640 4219 1846 4293 personam

254 4308 567 4398 transfundatur,
592 4317 632 4384 et
656 4307 820 4406 qualiter
843 4333 923 4382 una
945 4307 1129 4405 obligatio
1153 4308 1194 4383 in
1218 4308 1333 4385 aliam
1357 4319 1540 4387 mutetur.
1567 4312 1625 4389 Et
1650 4313 1846 4390 sciendum

256 4428 359 4526 quod
382 4427 566 4525 obligatio
589 4436 647 4503 eat
670 4427 763 4503 iuris
785 4425 980 4502 vincrdum
1004 4452 1081 4525 quo
1104 4428 1328 4504 necessitate
1353 4429 1603 4527 astringimur
1626 4432 1677 4507 ad
1701 4432 1845 4531 aliquid

256 4546 428 4621 dandum
446 4545 507 4622 vel
527 4543 759 4633 faciendum,
779 4553 823 4621 ut
844 4545 875 4620 si
894 4544 978 4643 quis
997 4545 1141 4643 ligatus
1162 4546 1281 4621 fuerit
1301 4556 1340 4623 et
1360 4548 1538 4626 astrictus
1561 4549 1686 4625 alicui⁶
1706 4552 1757 4627 ad
1778 4551 1844 4628 ali·

257 4663 361 4762 quid,
376 4671 416 4740 et
428 4663 491 4740 ille
506 4663 603 4740 alius
618 4663 652 4740 ei
666 4662 716 4739 ad
731 4661 836 4739 aliud
851 4662 1140 4760 contraligatus.
1158 4664 1236 4741 Est
1252 4663 1353 4740 enim
1369 4664 1552 4764 obligatio
1568 4669 1677 4767 quasi
1694 4679 1844 4746 contra·

255 4780 402 4879 ligatio,
426 4791 465 4858 et
487 4790 654 4880 quatuor
676 4781 791 4858 babet
814 4780 957 4880 species
980 4782 1117 4879 quibus
1140 4783 1381 4859 contrahitur
1404 4794 1442 4862 et
1466 4785 1582 4884 plura
1605 4788 1844 4865 vestimenta.

257 4899 511 4975 Contrahitur
533 4899 634 4975 enim
656 4925 709 4987 re,
731 4898 882 4988 verbis?
905 4898 1060 4997 scripto,
1083 4924 1282 4989 consensu,
1306 4903 1524 4993 traditione,
1548 4905 1737 4995 iunctura,
1763 4933 1846 5005 quae

255 5104 282 5139 ⁸²
294 5125 366 5180 noa,
379 5106 419 5181 V,
431 5105 500 5178 OB,
513 5104 590 5179 MA,
602 5105 678 5165 ΜΒ.
712 5103 739 5137 ⁸⁸
750 5123 931 5183 prosequor,
945 5104 1039 5167 MSS.
1053 5126 1117 5166 var.
1154 5104 1181 5139 ⁸⁴
1192 5110 1292 5185 regni,
1306 5107 1374 5182 OB,
1389 5110 1465 5184 MA,
1481 5111 1557 5185 ΜΒ,
1571 5109 1637 5188 CB,
1651 5112 1690 5173 Y.

339 5205 521 5267 ²sciendnm
554 5211 613 5278 ert,
646 5205 684 5264 V.
738 5203 842 5280 ²0m,
876 5207 945 5280 OB,
979 5207 1055 5282 MA,
1089 5207 1163 5267 ΜΒ.
1219 5206 1324 5281 ⁸Om.,
1358 5210 1426 5285 OA,
1460 5212 1527 5287 OC,
1560 5212 1638 5288 MG,
1672 5215 1747 5290 CM,
1781 5217 1845 5278 MC

260 5306 315 5383 (ψ
329 5307 397 5384 ex).
451 5304 630 5385 ‘aequetun
661 5305 730 5379 OB,
762 5306 829 5381 CE,
860 5307 900 5380 Y,
933 5307 1000 5380 LA,
1033 5307 1108 5383 MA,
1141 5308 1217 5382 ΜΒ,
1251 5309 1324 5370 MC.
1378 5307 1565 5373 ⁸dicendum
1598 5321 1656 5387 eat,
1688 5314 1729 5390 V,
1761 5317 1845 5390 MG;

257 5407 386 5484 dicetur,
413 5407 479 5470 OC.
528 5405 633 5482 ⁸Om.,
658 5407 727 5483 OB,
755 5407 831 5482 MA,
858 5407 934 5485 ΜΒ,
962 5408 1029 5484 CE,
1055 5409 1094 5469 Y.
1143 5407 1271 5484 'verba
1298 5409 1367 5487 OB,
1393 5411 1471 5488 MA,
1499 5413 1575 5487 ΜΒ,
1603 5414 1670 5490 CB,
1697 5415 1738 5491 Y,
1766 5417 1844 5481 MG.
