4432 6336
392 483 464 552 158
922 475 1145 536 BRACTON:
1168 475 1229 536 DE
1252 476 1445 538 LEGIBUS

491 623 672 720 Qualiter
689 624 907 725 adquiritur
923 626 1112 726 possessio
1130 626 1224 705 iuris
1242 627 1347 727 quod
1366 627 1468 705 trudi
1486 651 1564 704 nou
1583 637 1713 727 potest
1731 652 1803 728 per
1821 627 1982 728 louquru

490 767 615 822 usum.

389 863 571 940 D1crunu
590 872 649 941 est
667 863 832 962 qualiter
850 863 934 962 quis
952 862 1121 961 adquirit
1141 864 1417 963 possessionem
1437 865 1490 942 rei
1510 865 1720 964 corporalis
1739 892 1787 941 ex
1807 874 1982 966 tempore

391 991 429 1060 et
443 981 523 1059 sine
536 981 755 1071 traditione,
768 1007 857 1058 cum
869 1007 942 1060 usu
956 982 1017 1058 vel
1032 982 1124 1060 sine.
1139 983 1257 1060 Nunc
1272 991 1402 1060 autem
1416 984 1620 1062 dicendum
1635 983 1801 1083 qualiter
1814 985 1981 1085 adquiri·

390 1110 457 1177 tur
475 1100 663 1200 possessio
682 1101 737 1177 rei
755 1100 1018 1199 incorporalis,
1039 1100 1136 1179 sicut
1156 1101 1343 1200 possessio
1363 1102 1468 1192 iuris,
1489 1102 1665 1179 videlicet
1687 1102 1845 1180 alicuius
1866 1105 1981 1180 servi·

389 1219 497 1308 tutis,
518 1244 589 1318 per
608 1219 836 1318 patientiam
855 1245 940 1319 quae
958 1219 1126 1298 trahitur
1146 1222 1196 1296 ad
1217 1245 1455 1309 consensum,
1474 1231 1514 1298 et
1534 1221 1695 1319 longum
1715 1247 1829 1298 usum
1850 1223 1981 1322 pacifi-

391 1339 421 1414 f.
436 1339 530 1433 aab]
586 1362 674 1416 cum
690 1338 770 1415 sine
785 1338 1060 1414 constitutione
1074 1338 1136 1415 vel
1152 1363 1334 1438 expressa
1351 1339 1562 1416 voluntate.
1581 1340 1781 1417 Patientia
1796 1366 1886 1418 vero
1902 1351 1981 1419 tra·

390 1459 497 1536 hitur
514 1459 565 1534 ad
582 1482 820 1546 consensum,
839 1466 879 1534 et
897 1457 1114 1556 adquiritur
1133 1458 1321 1557 possessio
1341 1458 1433 1534 iuris
1454 1483 1524 1557 per
1544 1483 1668 1547 usum,
1689 1469 1733 1537 ut
1754 1459 1784 1535 si
1804 1459 1982 1536 dominus

391 1576 640 1676 proprietatis
661 1575 825 1653 liberum
846 1575 989 1652 habens
1012 1575 1191 1666 fundum,
1214 1602 1262 1652 ex
1284 1576 1474 1676 patientia
1495 1577 1552 1654 uti
1576 1577 1793 1676 permiserit
1815 1578 1983 1656 vicinum

391 1720 504 1772 snum
523 1719 691 1794 praesens
713 1703 752 1771 et
773 1695 893 1771 sciens
912 1695 954 1770 in
975 1695 1100 1773 fundo
1121 1720 1190 1771 suo
1212 1694 1341 1793 aliqua
1362 1695 1558 1785 servitute,
1578 1695 1645 1771 ubi
1666 1697 1725 1773 ius
1746 1697 1881 1773 utendi
1903 1721 1982 1774 non

390 1813 578 1902 habuerit,
595 1813 693 1891 sicut
709 1813 749 1890 in
764 1824 882 1913 pastu
898 1838 1092 1913 pecorum,
1109 1812 1286 1901 itinere,¹⁸
1303 1822 1404 1902 actu,
1422 1813 1482 1889 vel
1500 1839 1608 1912 aquae
1625 1814 1757 1905 ductu,
1775 1815 1836 1891 vel
1853 1814 1981 1892 huius·

390 1931 507 2020 modi,
523 1958 594 2031 per
609 1931 770 2030 longum
783 1939 937 2031 tempus
953 1931 1111 2032 pacifice
1126 1932 1207 2008 sine
1222 1931 1521 2031 interruptione:
1539 1958 1587 2009 ex
1603 1933 1673 2010 tali
1688 1959 1762 2010 usu
1778 1942 1817 2010 et
1833 1934 1981 2033 patien-

390 2048 447 2128 tia
466 2051 713 2150 presumitur
732 2051 781 2127 de
801 2076 988 2127 consensu
1008 2049 1076 2128 et²⁹
1096 2050 1306 2128 voluntate.
1330 2051 1388 2128 Et
1409 2050 1466 2127 ita
1485 2051 1704 2150 adquiritur
1724 2053 1911 2151 possessio
1934 2078 1982 2128 ex

390 2181 576 2270 tempore,
591 2171 647 2247 ita
661 2170 765 2269 quod
778 2169 909 2248 taliter
923 2179 1037 2246 utens
1052 2169 1133 2246 sine
1147 2169 1253 2246 brevi
1268 2178 1308 2246 et
1323 2169 1461 2246 iudicio
1477 2170 1545 2246 eici
1561 2194 1639 2245 non
1656 2171 1811 2270 poterit,
1828 2180 1867 2248 et
1884 2171 1982 2248 sicut

390 2312 596 2365 consensus
613 2287 757 2387 poterit
775 2313 856 2364 esse
872 2285 1041 2365 tacitus²⁰
1060 2286 1185 2365 sicnt²¹
1204 2285 1448 2385 expressus,²¹
1468 2289 1521 2365 sic
1539 2288 1684 2387 poterit
1702 2313 1784 2366 esse
1803 2289 1981 2367 voluntas

386 2409 506 2487 tacita
517 2406 605 2485 vel²⁸
618 2431 810 2506 expressa.
824 2407 1000 2482 Praesens
1012 2414 1051 2482 et
1063 2406 1182 2483 sciens
1197 2405 1292 2493 dica,
1307 2403 1396 2506 quia
1408 2405 1438 2483 si
1450 2404 1586 2483 absens
1599 2405 1730 2496 fuerit,
1743 2409 1804 2483 vel
1816 2431 1982 2506 praesens

391 2538 431 2604 et
450 2525 697 2626 ignoraverit,
717 2535 756 2602 et
776 2526 808 2602 si
828 2525 941 2602 sciret
961 2523 1193 2623 prohiberet,
1213 2515 1302 2602 ta'lis
1322 2549 1416 2600 usus
1436 2549 1515 2600 nou
1534 2525 1677 2602 valebit
1697 2550 1786 2601 cum
1807 2525 1857 2602 sit
1878 2525 1981 2602 clan-

391 2646 574 2723 destinus.
593 2645 651 2723 Et
666 2644 768 2722 idem
783 2645 856 2722 erit
873 2645 904 2720 si
920 2653 1144 2721 nocturnus.
1163 2644 1266 2720 Item
1282 2642 1383 2719 idem
1401 2643 1474 2719 erit
1491 2643 1522 2719 si
1539 2642 1740 2720 violentus.
1760 2645 1865 2721 Item
1882 2644 1982 2721 idem

391 2766 422 2840 si
440 2764 648 2863 precarius,
665 2763 731 2863 qui
747 2751 975 2861 tempestive
992 2759 1081 2837 vel²‘
1097 2761 1365 2860 intempestive
1382 2762 1552 2837 revocari
1570 2761 1715 2861 poterit
1733 2787 1821 2845 cum
1839 2763 1981 2862 depen-

391 2884 481 2960 deat
493 2891 648 2959 tantum
660 2881 709 2958 de
721 2881 850 2980 gratia
863 2889 902 2956 et
916 2879 1116 2957 voluntate
1130 2879 1383 2969 concedentis,
1398 2880 1496 2957 sicut
1510 2879 1558 2956 de
1571 2889 1746 2979 tempore
1760 2879 1801 2956 in
1814 2891 1981 2980 tempus,

392 3000 626 3080 determino
649 3000 931 3088 interminum,
955 2998 1053 3076 sicut
1076 2999 1124 3075 de
1148 3024 1249 3075 anno
1272 2998 1313 3073 in
1336 3023 1493 3088 annum,
1517 3025 1589 3098 pro
1614 3009 1718 3075 certo
1743 3000 1896 3076 servitio
1921 2998 1982 3076 vel

391 3121 537 3199 incerto
561 3146 649 3197 cum
672 3120 837 3197 termino
863 3118 1066 3218 praefinito,
1091 3118 1185 3193 dum
1209 3126 1340 3195 tamen
1365 3117 1396 3194 si
1421 3127 1570 3194 certum
1596 3118 1645 3195 sit
1671 3117 1867 3216 pretium²⁵
1892 3116 1981 3193 vel²⁸

391 3238 589 3316 servitium
604 3237 711 3316 sine²²
725 3237 903 3326 termino,
918 3237 992 3313 erit
1006 3237 1195 3336 possessio
1210 3262 1302 3312 vera
1316 3246 1355 3314 et
1370 3233 1569 3313 sufficiens.
1588 3236 1631 3311 Si
1648 3245 1778 3313 autem
1793 3237 1983 3315 incertum

392 3357 469 3436 sit¹⁸
496 3357 693 3435 servitium
718 3355 833 3432 cum²⁹
858 3354 1024 3433 termino
1049 3354 1110 3431 vel
1137 3353 1229 3444 sine,
1255 3361 1301 3429 nt
1326 3352 1385 3430 si⁸⁰
1412 3353 1619 3453 aliquando
1646 3355 1747 3454 plus,
1775 3355 1982 3454 aliquando

390 3477 529 3566 minus,
548 3477 621 3554 erit
639 3476 690 3552 ibi
708 3474 838 3575 potius
857 3474 997 3551 locatio
1014 3473 1185 3571 herbagii
1205 3498 1321 3572 quam
1340 3483 1513 3571 pastura.
1537 3473 1579 3548 Si
1600 3482 1730 3550 summ
1749 3474 1789 3549 in
1809 3474 1983 3551 absentia

390 3597 471 3673 veri
490 3595 634 3672 domini
652 3602 789 3671 utatur
806 3593 890 3693 quis
910 3593 957 3669 de
977 3590 1167 3692 patientia
1184 3601 1224 3668 et
1245 3590 1492 3691 permissione
1512 3591 1722 3681 servientis,
1742 3591 1803 3668 vel
1824 3592 1982 3669 alterius

393 3716 458 3816 qui
480 3715 539 3791 ius
561 3714 776 3791 nonhabet
798 3712 1029 3788 concedendi
1051 3710 1113 3787 vel
1135 3710 1392 3787 constituendi
1416 3710 1651 3799 servitutem,
1674 3709 1763 3788 talis
1787 3736 1880 3787 usus
1903 3735 1982 3787 non

391 3832 578 3911 sufficiet⁸¹
597 3856 666 3908 nec
682 3831 824 3909 valebit
843 3830 892 3906 ad
909 3829 1186 3930 possessionem
1203 3827 1492 3927 adquirendam.

491 4073 556 4150 De
572 4071 810 4170 adquirendo
826 4095 956 4147 rerum
972 4068 1141 4146 maulaio
1157 4067 1456 4167 incorporalium
1473 4067 1571 4144 aaut
1588 4067 1636 4144 de
1653 4067 1811 4156 iuribus,
1829 4067 1982 4146 liberto-

492 4191 595 4269 tibus
609 4199 649 4269 et
664 4188 924 4267 saultutibua.

390 4311 571 4388 chvunu
586 4319 644 4387 est
657 4308 833 4408 superins
847 4306 1012 4407 qualiter
1026 4305 1285 4405 adquiruntur
1299 4329 1428 4381 rerum
1442 4303 1701 4403 corporalium
1716 4305 1884 4381 dominia
1899 4331 1982 4404 quoe

390 4429 638 4506 traditionem
665 4428 870 4527 patiuntur
894 4427 956 4502 vel
982 4425 1091 4523 quasi
1117 4449 1166 4499 ex
1191 4449 1308 4500 causa
1333 4423 1561 4512 donationis,
1589 4431 1628 4500 et
1655 4424 1820 4523 qualiter
1846 4433 1982 4522 postea

390 4547 683 4624 transferuntur
697 4543 905 4622 traditione
919 4543 967 4619 de
982 4568 1148 4642 persona
1160 4542 1201 4618 in
1216 4567 1421 4641 personam
1436 4567 1483 4618 ex
1499 4550 1635 4617 mutuo
1651 4567 1848 4631 consensu,
1864 4543 1981 4619 tacito

391 4665 452 4742 vel
473 4689 666 4764 expresso.
689 4662 839 4752 Tacito,
861 4664 926 4761 qui
948 4659 1086 4739 sufficit
1108 4687 1180 4761 pro
1201 4659 1409 4738 traditione
1429 4685 1476 4736 eo
1498 4660 1602 4759 quod
1624 4660 1781 4738 donatio
1803 4687 1982 4761 expresse

391 4809 471 4861 non
489 4791 690 4860 revocatur
709 4807 798 4858 cum
816 4779 948 4881 possit.
970 4781 1183 4879 Expresso,
1203 4805 1274 4879 per
1293 4779 1602 4855 ratihabitionem
1622 4804 1854 4879 expressam.
1879 4782 1982 4858 Item

392 5001 419 5038 ¹⁸
431 5007 541 5064 illnere
557 5003 617 5078 rel,
633 5001 672 5077 V,
688 5000 757 5075 OA,
773 4999 841 5074 LA,
857 4998 925 5073 OC,
942 4998 1019 5072 MG,
1037 4998 1110 5058 MC.
1148 4994 1176 5031 ¹⁸
1187 5003 1219 5056 et
1234 4994 1283 5072 de,
1300 4995 1339 5070 V,
1357 4995 1424 5069 ΟΕ,
1445 4994 1502 5071 (-{-
1514 4994 1603 5073 OB).
1643 4992 1708 5029 ²⁰⁴²
1720 4996 1801 5072 0m.,
1818 4996 1887 5073 OB,
1906 4998 1982 5074 ΜΒ,

396 5104 452 5182 (†
467 5103 698 5180 MA);tacitus
716 5101 775 5175 vel,
793 5101 861 5176 00,
878 5100 953 5174 CM,
970 5099 1008 5159 Y.
1048 5096 1114 5132 ²²²²²
1126 5097 1301 5172 0m.,MG.
1342 5095 1461 5170 ²⁸0m.,
1479 5097 1549 5173 OB,
1569 5098 1711 5172 MB;et,
1729 5099 1795 5174 LA,
1818 5099 1982 5176 (†tacita

392 5203 452 5279 vel,
472 5203 567 5280 MA).
609 5201 688 5279 ⁸⁴et,
707 5202 746 5277 V,
765 5200 834 5276 OA,
854 5201 921 5274 LA,
940 5201 1008 5276 OC,
1028 5199 1104 5260 MG.
1145 5197 1304 5273 ²⁵·²⁸Om.,
1322 5198 1392 5273 OA,
1413 5198 1479 5274 LA,
1499 5199 1567 5274 00,
1589 5200 1664 5261 MG.
1707 5198 1824 5276 ²⁷cum,
1844 5201 1884 5277 V,
1905 5202 1982 5263 MG.

393 5303 513 5379 ²⁸Om.,
529 5302 598 5378 OA,
616 5303 681 5364 LA.
721 5299 818 5378 ²⁹vel,
834 5302 904 5374 OB,
922 5301 1002 5373 ΜΒ;
1021 5300 1070 5361 vel
1087 5319 1166 5374 cum,
1185 5299 1259 5374 CM,
1277 5300 1318 5376 Y,
1336 5300 1402 5360 MA
1423 5299 1590 5379 (†cum).
1631 5299 1694 5363 ⁸⁰si
1715 5301 1825 5380 aliquis
1845 5301 1983 5378 baberet,

394 5404 433 5481 V,
448 5403 530 5476 MG;
546 5407 573 5464 si
588 5401 690 5478 alicui,
706 5403 772 5464 OC.
810 5399 836 5436 ⁸¹
848 5402 967 5475 sufficit,
983 5401 1052 5478 OB,
1068 5400 1143 5464 ΜΒ.
