4394 6342
860 517 1173 578 INTRODUCTIO
1772 522 1819 591 21

330 667 461 766 Lepea
474 665 608 744 iubeat
622 677 661 745 et
676 676 821 746 vetant.

232 786 487 862 Humanom
512 811 604 862 vero
628 787 732 885 leges
758 785 987 884 Anglicanae
1012 796 1052 863 et
1078 785 1372 862 consuetudines
1399 783 1564 883 regum²‘
1592 785 1822 862 auctoritate

231 903 363 981 iubent
388 903 659 1002 quandoque,²⁶
684 906 915 1004 quandoque
938 912 1084 992 vetant,
1110 906 1340 1003 quandoque
1365 904 1562 980 vindicant
1586 913 1627 981 et
1653 905 1821 1002 puniunt

231 1029 544 1120 transgressores.
563 1023 661 1113 Quae
676 1023 841 1123 quidem,
858 1049 946 1102 cum
963 1024 1110 1101 fuerint
1128 1024 1352 1123 approbate
1369 1048 1556 1100 consensu
1572 1024 1765 1100 utentium
1783 1031 1821 1101 et

231 1152 470 1220 sacramento
484 1143 649 1241 regum²⁸
663 1145 909 1232 confirmata,
923 1144 1067 1222 mutari
1083 1168 1161 1220 non
1176 1151 1361 1242 poterunt
1377 1167 1447 1219 nec
1461 1143 1608 1220 destrui
1624 1143 1704 1220 sine
1720 1168 1820 1219 com·

229 1263 337 1338 muni
353 1261 566 1340 consensu²⁷
583 1289 718 1339 eorum
733 1264 905 1340 omnium
922 1287 1086 1362 quorum
1103 1262 1259 1338 consilio
1276 1273 1315 1340 et
1332 1287 1519 1339 consensu
1538 1261 1712 1338 fuerint²⁸
1731 1288 1820 1361 pro·

227 1382 421 1482 mulgatae.
443 1384 494 1459 In
504 1381 638 1457 melius
648 1391 780 1458 tamen
788 1381 958 1458 converti
967 1389 1130 1479 possunt
1139 1379 1283 1458 etiam²⁹
1293 1382 1373 1458 sine
1382 1405 1516 1457 eorum
1524 1405 1722 1468 consensu,
1732 1381 1823 1479 quia

230 1527 310 1579 non
324 1501 537 1579 destruitur
552 1502 657 1601 quod
671 1502 712 1577 in
726 1501 861 1578 melius
877 1511 1147 1578 commutatur.
1168 1502 1211 1578 Si
1227 1510 1357 1578 autem
1373 1500 1503 1600 aliqua
1517 1526 1619 1577 nova
1635 1510 1674 1578 et
1690 1501 1820 1577 incon·

230 1630 340 1698 sueta
352 1620 576 1698 emerserint
588 1629 628 1697 et
640 1645 724 1719 quae
736 1620 844 1718 prius
857 1619 1001 1697 usitata
1014 1646 1092 1696 non
1105 1619 1252 1696 fuerint
1265 1620 1306 1696 in
1319 1645 1452 1717 regno,
1467 1621 1498 1696 si
1511 1619 1670 1696 tamen⁸⁰
1684 1619 1821 1697 simdia

229 1741 426 1818 evenerint
443 1767 514 1840 per
531 1740 651 1819 simile
668 1742 895 1830 iudicentur,
914 1767 1002 1819 cum
1020 1742 1121 1818 bona
1138 1743 1188 1818 sit
1205 1741 1352 1819 occasio
1370 1768 1394 1817 a
1412 1742 1595 1818 similibus
1614 1741 1820 1840 procedere

231 1860 281 1936 ad
296 1860 443 1936 similia.
464 1861 507 1937 Si
523 1871 654 1939 autem
669 1862 764 1938 talia
780 1861 888 1960 prius
906 1886 1117 1959 numquam
1134 1860 1370 1950 evenerint,81
1387 1870 1426 1937 et
1442 1859 1648 1936 obscurum
1666 1870 1704 1937 et
1723 1858 1819 1936 diffi-

229 1981 299 2058 cile
314 1981 363 2058 sit
379 2005 511 2056 eorum
526 1980 719 2070 iudicium,
735 1990 829 2057 tunc
844 1990 1042 2079 ponantur
1057 1981 1196 2058 iudicia
1211 2006 1333 2079 usque
1348 1981 1398 2056 ad
1413 2005 1597 2077 magnam
1612 1979 1758 2055 curiam
1774 1987 1820 2055 ut

229 2100 280 2175 ibi
307 2127 379 2200 per
404 2099 603 2176 consilium
629 2098 741 2174 curiae
767 2086 1040 2176 terminentur:
1067 2099 1156 2175 licet
1183 2099 1260 2176 sint
1286 2099 1462 2174 nonnulli
1490 2100 1556 2197 qui
1584 2099 1631 2175 de
1658 2098 1820 2197 propria

228 2217 387 2295 scientia
404 2226 690 2318 presumentes,
709 2218 817 2316 quasi
837 2217 930 2292 nihil
949 2217 1041 2294 iuris
1060 2216 1252 2315 ignorent,
1271 2216 1422 2293 nolint³²
1442 2217 1600 2294 alicuius
1620 2218 1820 2294 consilium

228 2347 421 2436 expetere.
444 2336 503 2414 Et
525 2363 602 2434 quo
624 2360 715 2411 casu
737 2335 932 2412 honestius
956 2345 995 2412 et
1018 2335 1228 2412 consultius
1254 2336 1357 2411 foret
1380 2337 1433 2412 eis
1457 2336 1657 2412 consilium
1679 2336 1819 2413 habere

229 2481 346 2555 quam
360 2454 505 2554 aliquid
519 2463 663 2532 temere
678 2454 850 2543 definire,
865 2479 953 2530 cum
969 2453 1017 2531 de
1033 2454 1194 2553 singulis
1210 2455 1387 2531 dubitare
1403 2481 1481 2530 non
1498 2456 1548 2532 sit
1564 2455 1710 2532 inutile.

328 2575 496 2672 Sapiens
510 2599 590 2653 erae
604 2573 718 2652 debet
733 2577 800 2674 qui
813 2575 968 2653 iudicat.

230 2694 373 2771 Sanam
396 2695 551 2794 quidem
572 2695 777 2784 iudicandi,
800 2721 884 2794 quae
907 2706 965 2773 est
988 2696 1096 2794 quasi
1118 2697 1279 2773 thronus
1302 2695 1375 2786 dei,
1399 2723 1479 2772 non
1500 2708 1709 2796 praesumat
1733 2699 1817 2798 quis

228 2813 431 2890 ascendere
456 2813 667 2912 insipiens⁸⁸
692 2824 731 2891 et
756 2799 945 2902 indoctus,
971 2840 1020 2891 ne
1045 2816 1171 2890 lucem
1195 2814 1345 2913 ponat⁸⁴
1370 2817 1549 2893 tenebras
1575 2827 1614 2894 et
1640 2818 1818 2896 tenebras

225 2931 390 3019 lucem,³⁶
412 2939 451 3009 et
472 2958 521 3009 ne
542 2931 687 3009 manu⁸⁸
708 2932 864 3008 indocta
883 2934 999 3009 modo
1022 2933 1200 3010 furientis
1222 2933 1352 3031 gladio
1376 2935 1493 3012 feriat
1515 2935 1756 3013 innocentem
1778 2948 1817 3015 et

227 3050 257 3125 f.
271 3052 315 3145 2]
371 3049 507 3127 liberet
527 3060 739 3140 nocentem,
760 3061 799 3128 et
818 3076 867 3127 ex
888 3051 967 3128 alto
987 3051 1152 3128 conuet²
1173 3053 1282 3151 quasi
1303 3079 1326 3129 a
1345 3052 1485 3130 throno
1507 3054 1579 3142 dei,
1601 3056 1667 3153 qui
1687 3056 1817 3133 volare

224 3172 410 3270 inceperit
427 3181 633 3269 antequam
650 3196 797 3269 pennas
814 3181 995 3248 assumat.
1013 3172 1071 3248 Et
1087 3196 1175 3249 cum
1191 3171 1275 3270 quis
1291 3172 1459 3249 iudicare
1475 3174 1626 3249 debeat*
1643 3184 1682 3252 et
1699 3174 1816 3250 iudex

225 3290 309 3366 fieri
328 3297 462 3365 caveat
482 3289 743 3388 unusquisque
764 3289 846 3377 sibi,
867 3316 915 3365 ne
937 3314 1115 3388 perverse
1136 3291 1340 3367 iudicando
1362 3301 1401 3368 et
1421 3302 1557 3369 contra
1577 3293 1681 3391 leges
1703 3319 1816 3392 prece

224 3409 285 3484 vel
307 3409 444 3508 pretio,
466 3434 539 3508 pro
561 3406 798 3506 temporalis³
819 3407 946 3483 lucelli
968 3409 1179 3497 commodo,
1201 3410 1333 3486 aeterni
1355 3410 1482 3486 luctus
1503 3411 1721 3488 maestitiam
1745 3412 1815 3490 sibi

224 3552 449 3626 comparare
467 3535 686 3626 prasumat.

325 3647 425 3740 Qaoe
439 3648 489 3724 rit
504 3671 630 3746 poena
646 3645 745 3724 male
759 3646 974 3724 iudicantis.

224 3766 290 3841 Ea
308 3792 356 3844 ne
374 3766 414 3842 in
432 3766 494 3843 die
514 3766 657 3843 furoris
677 3766 820 3843 domini
840 3767 980 3843 sentiat
999 3769 1128 3866 ipsum
1147 3768 1416 3859 vindicantem,
1436 3771 1502 3870 qui
1523 3772 1588 3862 ait,
1610 3773 1713 3852 Mihi
1732 3775 1813 3852 via·

223 3883 366 3960 dictam
380 3893 419 3962 et
433 3910 506 3984 epo
520 3884 742 3974 retribuant,
757 3895 796 3962 et
810 3885 877 3960 ubi
891 3885 1040 3963 flebunt
1053 3894 1093 3964 et
1108 3887 1297 3985 plangent
1313 3915 1422 3987 reges
1439 3900 1477 3967 et
1492 3892 1684 3990 principes
1701 3902 1813 3969 terrae

221 4027 311 4079 cum
339 4003 518 4080 viderint⁴
549 4004 672 4079 lilium
702 4004 877 4091 hominis,
908 4012 1070 4103 propter
1100 4006 1277 4082 timorem
1309 4017 1590 4086 tormentorum
1622 4012 1714 4100 eius,
1746 4013 1811 4088 ubi

222 4147 361 4198 aurum
379 4132 418 4200 et
437 4132 643 4221 argentum
661 4147 739 4198 non
757 4122 899 4199 valebit
918 4122 1079 4200 liberare
1099 4150 1173 4201 eos.
1195 4124 1294 4214 Quis
1314 4136 1443 4203 autem
1463 4154 1541 4203 non
1561 4129 1695 4207 timeat
1715 4130 1811 4207 illud

220 4265 395 4330 examen,
417 4241 457 4315 in
479 4267 555 4340 quo
578 4242 649 4317 erit
672 4240 848 4317 dominns
871 4249 1082 4330 accusator,
1104 4243 1313 4320 advocatus
1335 4253 1375 4320 et
1396 4245 1534 4321 iudex?
1556 4249 1599 4322 A
1621 4251 1812 4326 sententia

222 4367 352 4437 autem
369 4385 440 4437 sua
455 4385 534 4435 non
551 4359 695 4458 poterit
712 4359 925 4457 provocari,
943 4360 1033 4458 quia
1050 4370 1163 4459 pater
1181 4387 1293 4438 omne
1310 4363 1492 4441 iudicium
1511 4366 1617 4443 dedit
1634 4367 1725 4458 filio,
1745 4369 1811 4467 qui

221 4478 366 4554 claudit
383 4488 422 4555 et
440 4503 552 4554 nemo
570 4477 707 4576 aperit,
725 4478 851 4576 aperit
868 4487 907 4554 et
925 4504 1037 4554 nemo
1054 4479 1210 4556 claudit.
1231 4481 1267 4557 Ο
1286 4481 1504 4559 districtum
1521 4484 1714 4575 iudicium,
1734 4513 1811 4586 quo

220 4623 299 4674 non
326 4597 449 4674 solum
477 4598 525 4673 de
551 4595 709 4686 actibus,
737 4622 871 4672 venrm
899 4596 1015 4673 etiam
1043 4598 1091 4674 de
1117 4599 1221 4674 omni
1248 4599 1365 4676 verbo
1393 4601 1516 4678 otioso
1543 4605 1810 4705 quodcumque

220 4813 248 4848 ²⁴
258 4818 358 4894 regni,
375 4814 451 4875 MG.
490 4811 711 4891 ²⁶qnandoque
726 4818 768 4889 et,
784 4813 859 4887 CM,
876 4813 950 4888 HB,
967 4813 1044 4875 MG.
1083 4812 1110 4848 ²⁶
1121 4819 1222 4893 regni,
1238 4817 1315 4878 MG.
1354 4816 1380 4850 ²⁷
1392 4819 1519 4880 consilio
1536 4829 1568 4883 et
1585 4842 1746 4900 consensu,
1763 4825 1792 4885 Y
1800 4845 1809 4898 3

219 4933 371 4977 consensa
382 4921 414 4976 et
426 4915 565 4990 oonsilio,
578 4915 623 4988 V;
636 4933 763 4975 maenaa
775 4921 807 4975 et
820 4933 980 4988 consensu,
995 4915 1063 4989 OB,
1077 4916 1152 4977 MB.
1189 4915 1216 4950 ²⁸
1228 4917 1366 4993 inerunt,
1381 4921 1421 4994 V,
1435 4922 1509 4982 MA.
1547 4921 1573 4956 ²⁹
1585 4924 1664 4998 Om,
1679 4925 1751 5000 CE3
1766 4934 1809 5003 et,

220 5015 296 5091 MB,
309 5015 378 5089 ΟΒ,
392 5015 457 5076 OC.
482 5013 508 5048 ⁸⁰
520 5021 632 5090 autem,
647 5016 723 5090 MA,
737 5015 809 5076 CM.
836 5014 863 5048 ⁸²
874 5022 1052 5090 evenerant,
1066 5018 1134 5093 OA,
1149 5019 1216 5094 LA,
1230 5019 1303 5081 MC.
1330 5019 1356 5052 ⁸²
1367 5021 1487 5098 nolunt,
1502 5024 1542 5097 V,
1556 5026 1639 5098 MG;
1653 5046 1711 5088 nec
1726 5028 1809 5103 licet,

219 5115 292 5178 CM.
330 5112 530 5194 ”incipiena
547 5115 614 5191 OC,
633 5116 707 5176 MA.
746 5113 881 5194 “ponat
898 5121 941 5192 in,
958 5117 998 5192 V,
1015 5117 1084 5194 OB,
1102 5119 1168 5182 MA
1190 5118 1245 5197 (-l-
1264 5121 1330 5200 in),
1347 5122 1410 5184 ΗΒ
1434 5122 1488 5201 (·l-
1507 5125 1570 5206 in).
1610 5125 1637 5161 ⁸⁵
1648 5132 1681 5188 in
1697 5128 1807 5211 lucem,

219 5218 258 5296 V,
272 5217 346 5293 ΗΒ,
360 5218 430 5293 OB,
444 5220 511 5280 MA
528 5218 583 5295 (-l-
598 5217 661 5296 in).
698 5215 725 5251 ⁸⁸
736 5221 768 5278 in
783 5238 886 5292 manu,
900 5219 939 5295 V,
954 5219 1022 5293 OB,
1038 5221 1113 5282 MA.

302 5319 460 5397 ²corruat,
476 5320 516 5396 V,
531 5321 601 5395 OB,
616 5320 691 5382 MA.
728 5318 855 5398 ²debet,
872 5321 938 5399 OC,
956 5321 1033 5398 MG,
1049 5322 1124 5398 CM,
1141 5324 1213 5384 ΗΒ.
1252 5321 1451 5404 'temporali
1468 5329 1537 5404 OB,
1554 5331 1627 5391 CM.
1667 5331 1807 5412 ‘vident

218 5422 296 5497 MG,
312 5423 385 5484 CM.
