4394 6342
400 475 449 544 44
931 471 1153 534 BRACTON:
1176 471 1236 532 DE
1261 473 1453 536 LEGIBUS

399 622 568 699 dominio
591 629 661 698 tuo
684 622 861 700 subiectis
884 633 978 700 nata
1001 631 1103 712 sunt,
1127 622 1224 701 tibi²⁸
1248 623 1516 723 adquinmtur.
1543 625 1647 700 Item
1671 625 1776 724 quod
1799 648 1871 722 per
1895 625 1992 702 allu-

398 741 550 819 vionem
572 769 668 841 agro
687 729 756 819 tuo
778 743 922 821 flumen
944 743 1093 832 adiecit,
1115 745 1198 820 iure
1218 744 1394 842 gentium
1416 744 1485 822 tibi
1508 745 1736 844 adquiritur.
1761 746 1838 825 Est
1861 755 1992 824 autem

400 865 542 941 alluvio
557 866 681 943 latens
698 867 986 956 incrementum,
1002 876 1041 944 et
1057 893 1128 967 per
1144 867 1374 944 alluvionem
1392 867 1490 944 adici
1507 866 1648 944 dicitur
1664 867 1768 967 quod
1784 869 1840 947 ita
1857 869 1990 967 paula·

399 987 471 1065 tim
483 987 658 1076 adicitur,
671 989 775 1086 quod
786 988 1009 1086 intellegere
1021 1014 1100 1065 non
1112 989 1235 1088 possis
1248 988 1430 1088 quoquo²⁸
1443 998 1639 1066 momento
1651 991 1838 1089 temporis
1853 990 1991 1067 adicia-

399 1117 477 1185 tur.
493 1109 599 1185 Nam
613 1118 651 1186 et
665 1109 696 1185 si
710 1118 796 1186 tota
809 1109 870 1186 die
884 1109 983 1208 figas
997 1109 1193 1199 intuitum,
1208 1110 1445 1188 imbecillitas
1460 1109 1563 1188 visus
1577 1109 1688 1188 tam⁸‘
1703 1111 1858 1190 subtilia
1871 1113 1991 1189 incre·

399 1239 531 1306 menta
549 1231 788 1330 perpendere
806 1256 885 1307 non
903 1240 1044 1329 potest,
1064 1239 1110 1307 ut
1128 1231 1248 1308 videri
1267 1232 1410 1331 poterit
1430 1232 1470 1310 in
1489 1233 1689 1310 cucurbita
1707 1232 1773 1310 et²⁶
1794 1233 1989 1312 similibus.

402 1350 446 1427 Si
462 1359 593 1427 autem
609 1377 687 1428 non
703 1352 752 1429 sit
768 1353 893 1429 latens
910 1353 1199 1442 incrementum,
1216 1355 1333 1430 immo
1350 1378 1555 1453 apparens,
1573 1355 1810 1432 contrarium
1826 1355 1911 1433 erit.
1931 1355 1991 1432 Ut

399 1495 485 1549 ecce
500 1470 587 1548 vis²⁸
603 1472 772 1550 fluminis
790 1483 943 1573 partem
961 1475 1130 1574 aliquam
1149 1501 1198 1552 ex
1213 1483 1284 1552 tuo
1303 1475 1448 1576 praedio
1467 1476 1637 1558 detraxit
1656 1485 1695 1553 et
1714 1476 1827 1552 vicini
1846 1477 1991 1576 predio

400 1593 566 1694 appulit,
588 1603 738 1673 certum
759 1603 818 1672 est
841 1622 927 1673 eam
948 1605 1059 1673 tuam
1080 1621 1317 1696 permanere.
1341 1597 1400 1674 Et
1424 1597 1455 1674 si
1478 1597 1644 1695 longiori
1666 1606 1842 1698 tempore
1866 1599 1991 1678 fundo

398 1713 511 1790 vicini
533 1715 770 1806 adbaeserit?
792 1726 832 1794 et
853 1717 1008 1794 arbores
1029 1743 1125 1817 quas
1147 1742 1276 1796 secum
1295 1718 1461 1795 traxerit
1481 1719 1522 1794 in
1543 1744 1633 1795 eum
1654 1720 1822 1796 fundum
1845 1720 1990 1798 radices

400 1835 561 1932 egerint,
587 1861 637 1912 ex
660 1863 706 1914 eo
729 1847 905 1938 tempore
929 1839 1111 1916 videntur
1135 1839 1261 1915 fundo
1286 1838 1399 1915 vicini
1425 1839 1635 1938 adquisita.
1662 1840 1835 1918 Dabitur
1859 1850 1991 1920 tamen

399 1952 521 2053 priori
545 1955 700 2032 domino
724 1955 829 2034 utilis
854 1957 1060 2034 vindicatio
1085 1960 1295 2035 secundum
1321 1959 1520 2057 quosdam,
1547 1959 1615 2036 sed
1639 1969 1762 2037 cessat
1786 1960 1842 2037 rei
1868 1962 1990 2038 vindi·

399 2073 511 2164 catio,
532 2073 624 2174 quia
642 2074 801 2152 alterius
821 2077 929 2152 facta
948 2085 1007 2154 est
1027 2075 1197 2164 crusta?
1217 2086 1258 2154 et
1278 2077 1354 2153 alia
1374 2077 1536 2154 dicenda
1554 2088 1613 2156 est
1635 2079 1761 2168 arbor,
1783 2080 1858 2156 alio
1878 2088 1991 2156 terra

400 2192 593 2271 alimento.
615 2193 754 2271 Habet
774 2195 891 2272 etiam
911 2195 1038 2272 locum
1060 2196 1194 2273 eadem
1216 2195 1359 2296 species
1381 2197 1603 2274 accessionis
1625 2198 1666 2273 in
1687 2197 1814 2276 insula
1834 2209 1928 2276 nata
1950 2200 1991 2278 in

398 2313 569 2404 flumine,
598 2339 682 2413 quae
708 2314 740 2391 si
768 2312 923 2413 quidem
950 2314 1116 2391 mediam
1143 2324 1296 2414 partem
1323 2314 1492 2392 fluminis
1520 2325 1663 2406 teneat,
1691 2319 1903 2395 communis
1932 2328 1990 2396 est

398 2457 534 2510 eorum
557 2458 630 2532 pro
654 2432 803 2510 diviso¹⁹
828 2432 921 2533 qui⁸⁰
947 2431 996 2508 ab
1020 2441 1185 2533 utraque
1210 2443 1323 2534 parte
1348 2434 1517 2512 fluminis
1544 2461 1668 2536 prope
1694 2435 1820 2535 ripam
1845 2437 1990 2538 praedia

398 2551 596 2650 possident
616 2577 690 2652 pro
708 2554 824 2629 modo
843 2551 1058 2630 latitudinis
1078 2552 1377 2652 cuiuscumque⁸²
1398 2554 1552 2644 fundi,⁸’
1574 2580 1658 2654 quae
1678 2555 1845 2634 latitudo
1866 2582 1990 2658 prope

399 2670 526 2770 ripam
543 2671 633 2748 sit.⁸⁸
650 2671 769 2761 Quod
786 2671 818 2748 si
834 2672 947 2749 alteri
964 2674 1068 2772 parti
1086 2673 1298 2772 proximior
1315 2673 1376 2764 ait,
1393 2700 1528 2752 eorum
1544 2684 1602 2752 est
1620 2683 1775 2753 tantum
1793 2677 1859 2775 qui
1878 2677 1926 2753 ab
1945 2702 1991 2754 ea
2091 2767 2095 2778 .

398 2792 428 2868 f.
443 2791 513 2886 sb]
569 2800 682 2890 parte
699 2817 823 2892 prope
839 2791 965 2892 ripam
981 2793 1127 2891 praedia
1142 2791 1352 2891 possident.
1372 2794 1415 2871 si
1433 2802 1564 2871 autem
1580 2794 1707 2872 insula
1725 2795 1765 2871 in
1781 2795 1880 2872 mari
1897 2805 1990 2873 nata

398 2911 460 3001 sit,
477 2914 581 3011 quod
599 2937 688 2989 raro
706 2911 854 3000 accidit,
873 2911 1097 3012 occupantis
1115 2912 1172 2989 fit.
1195 2913 1289 2990 Non
1305 2922 1438 2989 tamen
1455 2913 1589 2991 credas
1608 2914 1812 3014 proprium
1830 2915 1990 2993 abemus

398 3055 539 3128 agrum
554 3032 595 3107 in
611 3032 780 3108 formam
793 3029 955 3108 insulae⁸⁴
970 3032 1170 3108 redactum
1186 3031 1352 3109 insulam
1369 3055 1461 3121 esse,
1479 3042 1524 3110 ut
1540 3056 1627 3109 ecce
1643 3032 1789 3109 flumen
1806 3028 1990 3111 dividitur

398 3150 440 3225 in
459 3149 648 3249 superiori
667 3160 707 3228 et
726 3150 861 3227 circuit
882 3175 1020 3248 agrum
1041 3150 1211 3239 alicuius,
1233 3160 1272 3227 et
1293 3151 1430 3228 deinde
1452 3151 1584 3228 infra⁸⁵
1602 3150 1780 3240 ‘unitur,⁸⁸
1801 3178 1877 3252 quo
1899 3178 1989 3230 casu

398 3265 595 3344 eiusdem⁸²
614 3268 686 3346 erit
704 3293 799 3366 ager
815 3268 922 3346 cuius
941 3268 1049 3367 prius
1069 3270 1210 3346 fuerat.
1231 3268 1458 3346 Cavendum
1476 3295 1629 3368 quoque
1647 3271 1720 3348 erit
1737 3271 1779 3348 in
1796 3271 1990 3349 metienda

398 3389 593 3466 vicinitate
618 3389 843 3478 insularum,
869 3388 960 3487 quia
985 3397 1115 3487 potest
1141 3388 1225 3487 quis
1250 3387 1291 3465 in
1315 3388 1386 3464 hoc
1413 3387 1488 3464 de⁸⁸
1515 3389 1620 3466 facili
1647 3389 1782 3489 decipi.
1810 3391 1990 3468 Ponatur

398 3507 520 3606 igitur
536 3515 703 3606 punctus
720 3507 905 3607 quidam⁸⁹
921 3507 962 3583 in
978 3507 1104 3584 medio
1121 3507 1222 3583 inter
1239 3516 1447 3608 utrumque
1465 3531 1615 3606 agrum,
1634 3517 1674 3586 et
1692 3509 1902 3586 secundum
1918 3509 1990 3585 hoc

398 3626 431 3703 si
451 3626 577 3704 insula
595 3626 694 3703 citra
713 3635 903 3727 punctum
923 3627 985 3716 sit,
1006 3625 1066 3702 vel
1087 3625 1228 3702 buius⁴⁰
1249 3625 1432 3704 tantum⁴²
1453 3627 1515 3703 vel
1536 3626 1637 3704 illius
1658 3637 1814 3705 tantum
1835 3628 1920 3707 erit.
1947 3628 1990 3706 Si

399 3753 529 3823 autem
543 3745 592 3822 sit
606 3754 645 3823 et
659 3746 755 3823 citra
769 3755 959 3845 punctum
973 3754 1011 3822 et
1026 3745 1066 3822 in
1080 3746 1165 3846 ipso
1180 3754 1326 3844 puncto
1340 3754 1380 3823 et
1394 3746 1510 3836 ultra,
1526 3755 1620 3823 tunc
1635 3773 1708 3846 pro
1724 3746 1872 3824 diviso‘⁸
1888 3773 1988 3824 com·

397 3863 525 3942 munis
548 3865 632 3953 erit,
655 3873 701 3940 ut
721 3859 877 3941 tantum
899 3863 1019 3942 mihi⁴⁸
1044 3867 1093 3942 de
1115 3865 1201 3964 ipsa
1224 3866 1350 3942 insula
1373 3866 1484 3943 cedat
1509 3874 1698 3964 quantum
1722 3867 1942 3944 continetur
1966 3893 1990 3943 a

397 3986 603 4062 medietate
618 3985 754 4084 puncti
769 4010 890 4083 usque
906 3984 955 4061 ad
971 4009 1110 4083 agrum
1126 4010 1266 4074 meum,
1282 3994 1322 4061 et
1338 3985 1390 4061 sic
1407 3985 1478 4062 fiat
1494 3984 1534 4060 in
1551 4011 1716 4083 persona
1731 3984 1844 4062 vicini
1862 3987 1990 4085 quoad

398 4104 632 4182 divisionem.
655 4104 714 4180 Et
733 4103 887 4181 videtur
907 4105 1011 4203 quod
1031 4102 1206 4182 vicinitas
1225 4113 1265 4181 et
1286 4103 1446 4180 remotio
1468 4103 1600 4180 insulae
1621 4105 1854 4181 considerari
1876 4105 1990 4182 debet

398 4225 609 4302 secundum
628 4222 861 4324 principium
880 4221 1094 4300 nativitatis
1114 4221 1231 4299 suoe.“
1251 4223 1309 4299 Et
1329 4222 1417 4299 inde
1437 4222 1510 4299 erit
1530 4223 1684 4321 quodsi
1704 4225 1805 4300 inter
1823 4223 1990 4301 insulam

399 4369 483 4444 quae
501 4343 593 4421 mihi
613 4342 825 4442 proximior
844 4351 960 4420 estet
979 4341 1213 4418 contrariam
1233 4342 1359 4441 ripam
1378 4341 1503 4430 vicini,
1525 4367 1608 4440 quae
1629 4353 1687 4419 est
1707 4340 1812 4419 ultra
1832 4342 1989 4432 flumen,

333 4447 337 4454 ¹
398 4462 475 4539 alia
492 4463 541 4539 sit
558 4470 652 4538 nata
667 4461 804 4548 insula,
820 4486 1001 4537 mensura
1017 4460 1085 4538 fiet
1102 4485 1126 4535 a
1141 4485 1227 4536 mea
1243 4458 1370 4537 insula
1387 4467 1426 4537 et
1442 4484 1522 4536 non
1540 4461 1588 4535 ab
1605 4485 1702 4558 agro
1718 4485 1815 4538 meo.
1834 4461 1893 4539 Et
1911 4461 1989 4538 hoec

398 4680 490 4756 ”ibt
502 4683 571 4757 OA,
584 4683 650 4757 LA,
662 4681 729 4755 cu,
742 4682 818 4758 ΜΒ,
831 4683 906 4743 MA.
941 4680 967 4715 ²⁸
978 4702 1049 4761 quo,
1060 4682 1128 4756 ΟΟ,
1141 4682 1219 4757 MG,
1231 4681 1305 4743 CM.
1338 4679 1365 4714 ²⁴
1376 4688 1491 4757 tamen,
1503 4681 1572 4756 OB,
1584 4682 1660 4743 MA.
1695 4680 1988 4759 ²⁸etu,00,MA

399 4780 495 4859 ²⁰lus,
514 4782 591 4857 ΜΒ,
610 4782 677 4842 MA
700 4781 795 4859 (corr.
815 4782 893 4860 vla).
934 4780 1111 4858 ''adhesit
1131 4783 1208 4859 MG,
1227 4783 1301 4844 CM.
1344 4780 1464 4862 ⁸⁸quod
1483 4803 1568 4858 cura,
1587 4784 1672 4857 MG,
1692 4787 1778 4846 cuius
1798 4791 1894 4859 terra,
1915 4786 1989 4846 ΟΜ.

399 4880 579 4958 ¹'indivisa
591 4882 631 4959 V,
643 4882 722 4957 MG,
734 4883 808 4944 ΟΜ.
843 4881 870 4916 ⁸⁰
881 4903 957 4962 quc,
970 4884 1040 4957 OB,
1054 4885 1128 4945 ΜΒ.
1165 4881 1191 4918 ⁸²
1203 4887 1360 4961 cuiusque,
1374 4885 1451 4960 MG,
1465 4885 1539 4946 ΟΜ.
1575 4883 1602 4918 ⁸²
1613 4886 1694 4960 Om,
1708 4885 1778 4961 OB,
1794 4886 1869 4947 ΜΒ.
1904 4884 1932 4920 ⁸⁸
1944 4886 1990 4964 lit,

399 4983 477 5058 MG,
499 4983 572 5045 ΟΜ.
616 4982 775 5060 ⁸⁴rnfusae,
798 4983 876 5058 MG,
897 4985 971 5045 ΟΜ.
1015 4983 1082 5018 ’Μ’
1093 4983 1281 5061 infunditur,
1303 4986 1378 5059 ΟΒ,
1402 4992 1549 5062 mutatur,
1572 4987 1648 5048 ΜΒ.
1693 4986 1807 5063 ⁸leina,
1830 4987 1875 5061 V;
1899 4987 1990 5062 idem,

398 5083 473 5145 ΟΜ.
510 5082 536 5118 ⁸⁸
548 5085 628 5159 Om,
643 5085 711 5160 OC,
726 5085 805 5158 MG,
819 5086 990 5159 CM;caau
1004 5084 1054 5162 de,
1068 5085 1135 5146 ΟΕ.
1174 5084 1200 5119 ⁸⁰
1211 5087 1292 5162 Om,
1307 5085 1376 5161 OB,
1393 5088 1470 5162 MA,
1486 5088 1563 5163 ΜΒ,
1579 5088 1645 5148 ΟΕ.
1683 5087 1904 5162 ”huiusmodt
1920 5088 1990 5165 OB,

399 5183 466 5258 OC,
491 5183 568 5258 ΜΒ,
593 5185 671 5259 MG,
695 5187 771 5259 ΟΜ,
797 5186 871 5260 HA,
897 5186 970 5248 ΜΟ.
1016 5185 1136 5261 41Οιιι,
1161 5187 1232 5262 ΟΒ,
1257 5187 1332 5249 ΜΒ.
1379 5185 1560 5266 “ίυᾶἰνίεο,
1585 5189 1625 5266 V,
1651 5190 1719 5266 ΟΕ,
1746 5190 1819 5252 HA.
1867 5189 1990 5266 ⁴⁸mibi,

399 5281 438 5356 V,
461 5282 529 5360 OC,
551 5285 632 5360 MD,
656 5285 731 5361 CM,
755 5286 829 5360 HA,
853 5287 931 5362 MG,
954 5287 1037 5360 Aro;
1061 5287 1144 5364 inde,
1167 5289 1236 5364 OA,
1260 5289 1329 5364 OB,
1354 5290 1430 5364 MA,
1455 5291 1531 5365 ΜΒ,
1556 5290 1629 5365 ΟΕ;
1653 5295 1725 5368 nisi,
1749 5292 1823 5354 ΜΟ.
1870 5289 1990 5369 “Om,

398 5383 476 5458 MG,
491 5384 565 5446 ΟΜ.
