4392 6352
386 497 460 568 292
918 491 1141 554 BRACTON:
1164 491 1224 552 DE
1248 493 1440 554 LEGIBUS

488 641 588 736 Qun
602 651 693 719 eunt
709 641 878 720 antioona
891 643 934 720 in
949 667 1030 720 ren
1046 643 1095 720 de
1110 667 1152 721 re
1166 641 1360 720 inmobili.

385 761 596 836 Aeuom
612 759 731 836 vero¹¹
747 760 787 835 in
804 785 885 838 rem
903 770 994 838 sunt
1011 785 1095 860 quae
1112 761 1256 838 dantur
1272 770 1407 838 contra
1424 761 1695 860 possidentem,
1714 760 1807 861 qui²⁸
1824 762 1977 838 nomine

386 878 547 977 proprio
567 879 761 977 possideat
782 905 830 954 ex
850 905 1090 978 quacumque
1111 905 1227 956 causa
1247 887 1287 957 et
1308 905 1386 956 non
1408 880 1544 970 alieno,
1566 881 1657 980 quia
1677 880 1792 958 habet
1814 907 1895 958 rem
1915 880 1977 958 vel

385 995 584 1096 possidet1⁴
601 1022 717 1095 quam
733 999 935 1074 restituere
949 997 1106 1097 potest¹⁸
1121 999 1182 1075 vel
1198 998 1397 1076 dominum
1413 999 1622 1076 nominare.
1641 999 1701 1076 Ut
1718 1001 1749 1076 si
1766 1000 1850 1098 quis
1866 1007 1977 1098 petat

387 1117 436 1192 ab
459 1115 562 1194 alio²⁸
586 1142 668 1193 rem
691 1127 848 1206 certam,
874 1116 1041 1193 fundum
1067 1117 1233 1215 aliquem
1257 1117 1318 1194 vel
1342 1126 1499 1206 terram,
1524 1126 1564 1194 et
1590 1144 1629 1195 se
1654 1118 1863 1195 contendat
1887 1117 1977 1194 inde

387 1235 596 1324 dominum,
616 1244 656 1311 et
675 1243 930 1334 persequatur
950 1261 1031 1312 rem
1051 1235 1157 1312 illam
1177 1245 1217 1312 et
1236 1261 1315 1312 non
1334 1237 1414 1313 eius
1435 1235 1605 1335 pretium
1625 1261 1695 1313 nec
1714 1236 1794 1313 eius
1815 1236 1976 1312 aestima·

385 1354 530 1431 tionem
545 1378 614 1430 nec
628 1354 859 1431 tantundem
874 1354 978 1452 quod
994 1355 1043 1431 sit
1058 1353 1228 1430 eiusdem
1243 1355 1405 1452 generis,
1421 1363 1460 1432 et
1476 1355 1525 1431 sit
1542 1381 1602 1432 res
1618 1355 1827 1454 corporalis
1844 1356 1976 1432 immo-

386 1471 472 1548 bilis
488 1497 572 1570 quae
587 1473 736 1571 petitur
752 1497 800 1549 ex
817 1497 1058 1571 quacumque
1074 1497 1191 1548 causa
1205 1498 1337 1549 versus
1356 1473 1522 1571 aliquem
1539 1473 1605 1571 qui
1622 1473 1730 1548 nullo
1746 1473 1828 1549 iure
1847 1498 1976 1571 perso·

386 1591 466 1668 nali
479 1591 672 1690 obligatus
685 1601 755 1668 est.
770 1591 829 1668 Et
843 1617 913 1689 per
926 1591 997 1666 hoc
1011 1592 1115 1689 quod
1129 1599 1266 1689 petens
1280 1616 1361 1668 rem
1376 1591 1540 1689 petitam
1555 1617 1664 1668 suam
1678 1617 1760 1668 esse
1774 1591 1976 1668 intendens

386 1712 576 1788 actionem
591 1709 802 1787 instituerit
817 1735 950 1786 versus
966 1717 1174 1798 tenentem,
1191 1718 1230 1786 et
1247 1717 1382 1786 tenens
1400 1709 1612 1808 negaverit,
1629 1709 1670 1784 in
1688 1735 1769 1786 rem
1786 1709 1859 1786 erit
1877 1709 1977 1785 actio

387 1829 465 1906 sive
483 1828 681 1927 placitum,
698 1836 738 1904 et
754 1828 825 1903 hoc
844 1828 921 1905 sive
940 1828 1094 1904 nomine
1112 1829 1273 1926 proprio
1290 1836 1401 1926 petat
1420 1828 1498 1904 sive
1519 1828 1667 1904 ratione
1685 1828 1740 1904 rei
1760 1853 1876 1926 quam
1895 1827 1977 1926 ipse

386 1947 569 2046 possidet,
584 1947 682 2023 sicut
696 1947 768 2023 viri
784 1946 949 2044 religiosi
965 1947 1026 2023 vel
1042 1955 1207 2022 rectores
1223 1946 1376 2022 nomine
1391 1946 1634 2022 ecclesiarum
1651 1971 1820 2034 suarum,
1836 1946 1897 2022 vel
1913 1946 1977 2022 alii

386 2068 539 2144 nomine
562 2066 720 2142 alicuius
741 2064 1001 2142 universitatis
1025 2064 1122 2142 sicut
1145 2065 1186 2140 in
1207 2090 1289 2141 rem
1310 2089 1562 2140 communem.
1586 2064 1644 2141 Bt
1666 2064 1737 2139 boc
1760 2064 1877 2141 etiam
1900 2065 1978 2140 sive

386 2184 653 2284 principaliter
668 2175 778 2282 petat
795 2184 921 2282 ipsam
937 2208 1030 2271 rem,
1048 2183 1127 2260 sive
1144 2184 1202 2259 ius
1222 2183 1325 2281 quod
1342 2183 1397 2259 rei
1414 2182 1606 2259 adhaereat
1623 2182 1684 2259 vel
1701 2191 1921 2259 tenemento
1938 2191 1978 2258 et

387 2304 490 2402 quod
510 2329 533 2380 a
551 2311 770 2380 tenemento
789 2302 961 2401 separari
980 2327 1059 2377 non
1078 2301 1211 2400 possit.
1233 2301 1294 2378 Ut
1315 2301 1346 2376 si
1366 2302 1450 2399 quis
1470 2309 1581 2400 petat
1601 2301 1890 2377 advocationem
1910 2299 1977 2376 ali·

387 2420 494 2498 cuius
510 2419 673 2498 ecclesiae
687 2421 747 2496 vel
762 2444 1005 2496 communam
1020 2428 1200 2518 pasturae,
1217 2419 1278 2495 vel
1295 2420 1399 2517 quod
1414 2419 1527 2496 liceat
1543 2419 1577 2496 ei
1592 2419 1648 2495 ire
1664 2444 1791 2517 agere,
1807 2419 1869 2495 vel
1885 2418 1978 2517 quid

387 2541 417 2616 1⁴.
434 2540 552 2634 102b]
606 2539 686 2615 tale
703 2539 807 2636 quod
823 2537 1008 2614 consistat
1024 2537 1064 2612 in
1081 2537 1174 2626 iure,
1192 2537 1233 2614 in
1250 2563 1332 2614 rem
1350 2538 1422 2614 erit
1440 2537 1627 2636 placitum
1646 2537 1723 2614 sive
1743 2537 1853 2613 actio.
1874 2536 1978 2625 Quia

386 2659 602 2736 huiusmodi
619 2661 705 2734 iura
721 2657 850 2734 omnia
867 2665 958 2733 sunt
975 2682 1035 2734 res
1052 2657 1323 2755 incorporales,
1342 2665 1381 2732 et
1399 2655 1508 2753 quasi
1525 2654 1772 2755 possidentur
1788 2664 1828 2732 et
1846 2656 1979 2731 insunt

386 2777 622 2876 corporibus,
645 2785 684 2852 et
706 2775 857 2874 adquiri
879 2800 958 2851 non
979 2784 1142 2873 possunt
1164 2773 1260 2850 nec¹⁷
1283 2772 1467 2850 retineri¹⁸
1491 2773 1571 2850 sine
1592 2773 1817 2872 corporibus
1840 2773 1977 2872 quibus

386 2895 545 2985 insint,²⁹
561 2920 631 2972 nec
648 2895 854 2993 aliquando
871 2894 952 2970 sine
969 2893 1192 2990 corporibus
1210 2892 1361 2991 adquae
1377 2891 1609 2990 pertineant.

488 3019 588 3114 Qnoe
602 3028 693 3094 ennt
709 3018 877 3095 actiones
891 3018 932 3094 in
947 3041 1029 3094 rem
1044 3018 1092 3094 de
1108 3041 1149 3094 re
1165 3015 1305 3093 mobili.

386 3141 568 3218 DIcrUM
591 3151 650 3218 est
670 3167 790 3240 supra
812 3141 844 3218 si
866 3167 927 3218 res
950 3141 999 3218 sit
1022 3140 1224 3218 immobilis
1247 3165 1330 3239 quae
1354 3139 1512 3239 petitur,
1536 3164 1639 3216 nunc
1662 3137 1820 3215 tamen²⁰
1845 3138 1894 3214 sit
1918 3163 1978 3213 res

386 3260 535 3337 mobilis
550 3285 634 3359 quae
646 3268 817 3359 petatur,
832 3259 955 3336 sicut²¹
970 3261 1041 3347 leo,
1054 3259 1135 3346 bos,
1149 3259 1210 3334 vel
1225 3257 1365 3347 asinus,
1380 3257 1663 3346 vestimentum,
1678 3257 1739 3333 vel
1755 3256 1859 3332 aliud
1875 3256 1977 3355 quod

387 3381 571 3458 consistat
583 3381 625 3455 in
637 3378 807 3478 pondere
820 3379 881 3454 vel
894 3402 1085 3455 mensura.
1099 3377 1267 3453 Videtur
1280 3377 1407 3476 prima
1421 3377 1519 3453 facie
1534 3377 1638 3474 quod
1653 3376 1752 3452 actio
1768 3376 1845 3455 sive
1861 3375 1977 3473 placi·

387 3509 474 3577 tum
490 3523 571 3575 esse
587 3499 726 3574 debeat
742 3507 824 3573 tam
841 3497 881 3571 in
900 3522 981 3573 rem
1000 3521 1116 3594 quam
1134 3496 1175 3571 in
1191 3520 1409 3594 personam,
1428 3521 1473 3571 eo
1492 3496 1596 3593 quod
1614 3503 1720 3570 certa
1739 3519 1799 3570 res
1819 3495 1977 3593 petitur,

387 3624 427 3693 et
446 3617 536 3715 quia
554 3617 752 3715 possidens
770 3623 926 3692 tenetur
944 3615 1146 3691 restituere
1165 3639 1248 3690 rem
1267 3615 1442 3712 petitam.
1466 3613 1544 3689 Sed
1564 3638 1606 3688 re
1626 3638 1718 3688 vera
1738 3613 1810 3689 erit
1830 3613 1871 3687 in
1890 3636 1977 3710 per-

388 3760 522 3813 sonam
536 3743 703 3823 tantum,
718 3734 807 3832 quia
822 3733 887 3808 ille
901 3759 924 3808 a
939 3759 1015 3832 quo
1030 3758 1091 3810 res
1107 3732 1254 3831 petitur
1269 3756 1348 3808 non
1363 3739 1519 3808 tenetur
1534 3731 1689 3830 precise
1706 3730 1756 3805 ad
1772 3754 1854 3805 rem
1870 3729 1977 3805 resti-

387 3854 584 3942 tuendam,
607 3852 674 3928 sed
695 3853 766 3928 sub
787 3850 1079 3938 disiunctione,¹¹
1100 3850 1161 3926 vel
1182 3850 1233 3926 ad
1254 3875 1336 3926 rem
1356 3849 1417 3925 vel
1439 3850 1489 3925 ad
1510 3849 1691 3948 pretium.
1715 3848 1774 3924 Et
1797 3845 1978 3922 solvendo

386 3980 542 4048 tantum
562 3972 730 4070 pretium
748 3970 945 4058 liberatur,
965 3970 1043 4046 sive
1061 3995 1121 4046 res
1142 3977 1332 4068 appareat
1350 3969 1428 4044 sive
1447 3992 1536 4042 non.
1557 3967 1615 4044 Et
1635 3968 1721 4043 ideo
1741 3965 1772 4043 si
1793 3967 1876 4064 quis
1898 3990 1978 4041 rem

387 4089 566 4167 mobilem
580 4089 830 4165 vindicaverit
845 4114 893 4164 ex
908 4113 1148 4186 quacumque
1163 4111 1278 4163 causa
1294 4087 1463 4163 ablatam
1477 4084 1539 4160 vel
1554 4086 1848 4172 commodatam,
1865 4082 1978 4159 debet

387 4210 429 4284 in
449 4208 597 4284 actione
616 4233 685 4283 sua
705 4207 863 4282 definire
883 4206 1051 4305 pretium
1071 4214 1111 4281 et
1131 4204 1182 4281 sic
1204 4204 1393 4281 actionem
1413 4227 1642 4302 proponere,
1663 4203 1756 4301 Epo
1778 4201 1867 4278 talia
1886 4210 1977 4300 peto

388 4327 493 4426 qnod
511 4325 599 4403 tolia
617 4325 796 4402 restituat
815 4324 907 4402 milei
925 4323 1042 4400 talen
1061 4347 1142 4400 ren
1161 4322 1261 4399 tanti
1279 4323 1407 4422 pretii,
1425 4321 1498 4409 vel,
1519 4323 1747 4420 Conquerar
1765 4320 1870 4419 qnod
1890 4318 1978 4396 tolia

386 4444 528 4521 inuste
550 4441 642 4519 ntilei
663 4442 822 4530 detinet,
844 4442 904 4517 vel
927 4440 1143 4529 robbovit,²⁸
1167 4440 1284 4517 talen
1308 4464 1389 4517 ren
1414 4441 1514 4517 tanti
1536 4439 1663 4539 pretii.
1689 4438 1877 4537 Alioquin
1900 4463 1978 4514 non

387 4561 530 4638 valebit
547 4561 603 4637 rei
618 4560 767 4636 mobilis
784 4559 1002 4647 vindicatio
1020 4559 1146 4658 pretio
1163 4585 1242 4634 non
1259 4559 1449 4657 apposito.
1471 4559 1583 4634 Idem
1601 4557 1674 4633 erit
1693 4557 1724 4634 si
1742 4583 1803 4634 res
1821 4555 1978 4633 mobiles

388 4687 574 4778 petantur
596 4703 680 4777 quae
702 4679 916 4754 consistunt
939 4677 979 4752 in
1002 4677 1184 4776 pondere,
1207 4702 1368 4753 numero
1390 4675 1479 4752 vel²⁴
1502 4701 1694 4764 mensura,
1719 4676 1817 4752 sicut
1840 4699 1978 4762 massa,

389 4795 552 4896 pecunia
576 4797 637 4873 vel
662 4795 844 4883 triticum,
870 4795 931 4871 vel
956 4795 1039 4873 aliae
1063 4821 1147 4894 quae
1171 4796 1211 4872 in
1235 4794 1381 4894 liquido
1405 4794 1631 4882 consistunt,
1658 4794 1755 4870 sicut
1781 4795 1914 4870 vinum
1938 4800 1979 4868 et

388 5013 507 5088 ιὈιιι,
523 5013 592 5090 ΟΒ,
609 5015 685 5090 MA,
703 5013 778 5074 ΜΒ.
816 5011 930 5092 ²⁸quoe,
948 5013 1017 5087 OB,
1034 5013 1111 5086 MA,
1129 5013 1203 5074 ΜΒ.
1243 5011 1450 5091 ¹⁴poasideat,
1468 5011 1545 5088 MG,
1563 5012 1637 5073 CM.
1677 5009 1825 5089 ²⁵posait,
1843 5011 1883 5085 V,
1901 5009 1977 5070 MG.

388 5113 415 5148 ¹⁶
427 5115 541 5193 aliquo,
562 5114 631 5189 OB,
654 5114 729 5188 CM,
751 5113 827 5174 MG.
872 5113 1019 5191 ²'neqne,
1042 5114 1109 5189 OC,
1132 5114 1199 5187 LA,
1222 5115 1297 5189 MC,
1320 5113 1397 5174 MG.
1442 5111 1469 5146 ²⁸
1480 5115 1590 5189 teneri,
1614 5113 1684 5188 OB,
1707 5112 1784 5185 MB,
1808 5111 1874 5186 ΟΕ,
1898 5111 1978 5182 cM;

387 5222 503 5290 tenere,
519 5215 593 5275 MA.
630 5212 657 5248 ²⁹
668 5219 784 5291 insunt,
799 5215 839 5290 V,
854 5213 921 5288 OC,
938 5214 1014 5288 MA,
1029 5214 1108 5290 MG,
1124 5215 1197 5275 CM.
1234 5213 1261 5248 ⁸⁰
1273 5221 1384 5290 autem,
1399 5214 1468 5290 OB,
1485 5213 1562 5288 MA,
1579 5215 1660 5287 MB;
1677 5233 1756 5289 cum,
1772 5213 1812 5286 V,
1828 5211 1895 5286 LA,
1912 5212 1979 5287 CB,

388 5314 465 5389 MG,
482 5314 555 5374 CM.
592 5313 675 5389 ²²nt,
691 5313 758 5392 OC,
774 5314 851 5375 MG.
888 5313 1134 5388 ”distinctione
1151 5314 1220 5388 OA,
1237 5315 1318 5388 MA;
1336 5313 1548 5389 distractione,
1565 5317 1629 5376 MC
1651 5314 1745 5391 (corr.
1764 5312 1977 5391 disiunctive).

388 5413 414 5449 ¹⁸
426 5413 593 5490 roboravit,
609 5415 678 5490 OB,
694 5415 762 5488 OC,
778 5415 861 5489 MG;
877 5413 1065 5488 robberavit,
1082 5415 1158 5490 ΜΒ,
1175 5415 1249 5476 MA.
1290 5415 1316 5449 ²⁴
1327 5422 1370 5491 et,
1386 5414 1455 5492 OB,
1473 5417 1549 5493 MA,
1568 5417 1644 5492 ΜΒ,
1662 5415 1728 5490 ΟΕ,
1745 5416 1818 5478 cM.
