4432 6336
391 525 462 593 182
921 516 1143 578 BRACTON:
1166 517 1227 578 DE
1251 517 1443 580 LEGIBUS

388 675 565 744 extantes
582 667 642 744 vel
660 667 826 745 futuros.
845 668 1041 746 Extantes
1058 694 1150 745 vero
1167 667 1262 745 bene
1279 667 1437 767 potest¹⁸
1453 669 1629 768 excipere
1647 667 1738 768 quia
1756 694 1827 768 per
1844 678 1978 746 extan-

388 794 447 863 tes
474 811 553 862 non
579 786 790 885 impeditur
816 787 1051 878 donatarius,
1080 785 1201 888 quin²⁰
1229 786 1351 886 possit
1379 786 1511 864 statim
1538 786 1597 864 uti
1625 797 1664 864 et
1693 787 1784 864 frui.
1817 788 1859 864 Si
1887 813 1979 865 vero

388 903 555 994 futuros,
573 914 668 980 tunc
686 905 808 982 refert
824 916 958 983 utrum
976 909 1026 983 ad
1043 915 1192 983 certum
1210 916 1365 1006 tempus
1384 907 1446 983 vel
1465 906 1763 1006 imperpetuum.
1786 908 1828 984 Si
1849 917 1979 985 autem

388 1024 495 1099 non¹⁰
519 1025 641 1122 possit
663 1025 721 1101 uti
746 1025 825 1100 frui
848 1035 939 1103 ante
962 1035 1129 1125 tempus,
1154 1026 1331 1125 perfecta
1354 1027 1427 1102 erit
1451 1026 1639 1124 possessio
1664 1027 1790 1126 quoad
1816 1027 1980 1104 liberum

386 1152 662 1233 tenementum,
680 1143 893 1243 plenariam
911 1154 1043 1222 tamen
1061 1170 1139 1221 non
1157 1145 1231 1222 erit
1249 1155 1339 1222 ante
1358 1145 1657 1222 usumfructum.
1676 1145 1741 1223 De
1759 1146 1830 1222 hoc
1849 1156 1979 1223 autem

388 1265 492 1363 quod
515 1264 607 1341 dicit
630 1265 733 1363 quod
755 1289 878 1340 vacua
900 1263 1014 1342 debet
1038 1289 1119 1340 esse
1142 1264 1341 1364 possessio,
1365 1264 1444 1340 duo
1466 1263 1733 1364 principaliter
1756 1265 1978 1364 exiguntur,

388 1383 491 1482 quod
508 1384 684 1482 perfecta
700 1383 749 1460 sit
766 1382 924 1460 alicuius
941 1384 995 1459 rei
1012 1385 1164 1459 donata
1181 1383 1338 1461 donatio
1356 1393 1395 1461 et
1412 1384 1582 1473 traditio,
1600 1383 1738 1460 adhoc
1756 1386 1859 1483 quod
1877 1410 1978 1461 com-

387 1510 498 1602 petat
515 1503 614 1578 actio
630 1502 831 1578 donatario
847 1512 982 1579 contra
999 1503 1236 1591 donatorem,
1254 1503 1395 1580 scilicet
1411 1504 1515 1600 quod
1533 1529 1593 1580 res
1609 1505 1801 1592 tradatur,
1819 1514 1858 1580 et
1874 1506 1978 1603 quod

388 1631 571 1721 sequatur
587 1622 717 1699 missio
732 1621 787 1697 rei
803 1621 843 1698 in
859 1646 1021 1698 vacuam
1037 1621 1324 1721 possessionem.
1343 1622 1479 1698 Vacua
1496 1622 1597 1698 enim
1615 1622 1718 1698 uadi
1736 1648 1815 1699 non
1831 1623 1978 1699 intelle-

387 1738 506 1837 gitur,
523 1741 554 1816 si
571 1739 655 1838 quis
672 1765 758 1816 eam
774 1739 979 1839 possiderit
996 1765 1067 1839 per
1084 1765 1135 1829 se,
1153 1740 1214 1816 vel
1232 1739 1263 1817 si
1281 1739 1365 1839 quis
1383 1741 1424 1815 in
1439 1739 1574 1816 eadem
1592 1741 1828 1841 possessione
1846 1741 1977 1831 fuerit,

387 1859 417 1936 f.
431 1857 527 1952 aab]
570 1857 668 1937 sicut
681 1868 921 1958 procurator,
934 1858 1102 1948 colonus,
1116 1859 1176 1935 vel
1191 1858 1410 1957 inquilinus,
1424 1859 1574 1958 hospes,
1589 1885 1732 1948 servus,
1747 1860 1808 1936 vel
1823 1861 1978 1949 amicus,

386 1979 475 2057 licet
493 1978 684 2057 subiectus
702 2004 782 2055 non
800 1979 850 2056 sit
868 1978 902 2054 ei
920 1979 1026 2054 cuius
1045 1979 1199 2055 nomine
1219 1977 1398 2055 fueritin
1417 1978 1694 2077 possessione.¹²
1715 1979 1819 2056 Item
1838 1979 1870 2055 si
1890 2003 1978 2056 cum

386 2100 499 2176 ambo
512 2099 659 2176 fuerint
670 2100 710 2175 in
722 2099 970 2198 possessione,
983 2097 1062 2174 sive
1074 2097 1187 2174 simul
1198 2107 1362 2174 utantur
1375 2097 1453 2174 sive
1465 2096 1584 2187 non,⁸²
1597 2097 1675 2176 sive
1687 2099 1917 2196 imaginaria
1929 2099 1978 2176 sit

387 2218 544 2296 donatio
566 2218 646 2296 sive
665 2224 754 2307 non,
775 2227 815 2294 et
836 2219 1062 2295 donatorem
1084 2215 1308 2316 poenituerit
1330 2216 1465 2294 fecisse
1485 2216 1734 2294 traditionem
1756 2227 1795 2295 et
1817 2219 1976 2295 donata·

386 2337 487 2413 rium
506 2336 668 2426 eiecerit,
688 2361 767 2412 non
786 2336 1028 2434 recuperabit
1048 2335 1189 2412 eiectus
1210 2361 1281 2434 per
1302 2335 1459 2413 assisam
1480 2336 1570 2434 quia
1591 2361 1753 2412 vacuam
1774 2337 1977 2435 possessio-

386 2481 475 2532 nem
497 2480 576 2531 non
595 2453 769 2543 habuit‚²⁸
792 2481 837 2532 eo
857 2456 961 2553 quod
983 2455 1148 2531 donator
1170 2482 1194 2532 a
1215 2456 1452 2555 possessione
1474 2480 1554 2531 non
1575 2456 1740 2533 recessit.
1764 2456 1823 2532 Et
1845 2483 1867 2532 e
1888 2480 1977 2533 con-

385 2574 519 2664 trario,
538 2575 568 2652 si
587 2573 810 2651 donatarius
829 2575 1066 2663 donatorem,
1085 2574 1251 2651 donator
1268 2574 1511 2673 recuperabit
1529 2600 1600 2674 per
1618 2575 1775 2652 assisam
1794 2576 1979 2675 praedicta

386 2693 547 2782 ratione,
566 2693 656 2793 quia
673 2718 884 2793 numquam
903 2693 1014 2771 desiit
1032 2693 1237 2793 possidere.
1259 2695 1362 2770 Item
1382 2718 1470 2770 cum
1488 2695 1653 2770 donator
1672 2695 1918 2773 donatarium
1937 2695 1978 2772 in

387 2813 664 2911 possessionem
678 2812 874 2888 induxerit
889 2822 927 2889 et
943 2812 1075 2890 statim
1089 2810 1297 2902 recesserit,
1313 2822 1353 2889 et
1368 2812 1616 2912 postmodum
1633 2813 1713 2890 sine
1728 2838 1838 2889 mora
1852 2838 1978 2889 rever·

388 2955 453 3007 sus
474 2930 544 3007 sub
566 2931 692 3007 colore
712 2931 933 3029 hospitandi
955 2930 1165 3030 hospitium
1187 2930 1353 3030 petierit,
1376 2929 1528 3008 adhuc²⁴
1550 2931 1695 3030 poterit
1717 2957 1798 3008 esse
1821 2932 1979 3008 donatio

386 3051 615 3150 imaginaria
630 3058 670 3128 et
685 3076 765 3126 non
781 3075 883 3127 vera.
904 3049 982 3126 Sed
1000 3061 1039 3128 et
1054 3060 1148 3126 tunc
1164 3051 1287 3127 refert
1303 3059 1437 3126 utrum
1456 3050 1527 3127 sub
1544 3051 1679 3128 eodem
1695 3051 1821 3128 colore
1839 3051 1976 3128 admit·

385 3176 506 3258 tatur,
525 3170 586 3246 vel
604 3170 783 3268 repulsus
803 3169 934 3245 fuerit.
958 3170 1000 3246 Si
1021 3179 1151 3246 autem
1170 3168 1388 3268 repulsus,²·
1409 3195 1480 3268 per
1500 3169 1658 3246 assisam
1677 3195 1756 3246 non
1777 3195 1977 3270 recupera·

386 3291 455 3380 bit,
478 3291 569 3388 quia
589 3290 638 3367 de
660 3315 730 3366 sua
750 3290 950 3366 voluntate
973 3297 1012 3366 et
1035 3314 1113 3365 non
1136 3288 1356 3389 compulsus
1379 3289 1509 3377 exivit,
1532 3298 1573 3365 et
1596 3299 1682 3366 rata
1705 3298 1745 3366 et
1768 3289 1883 3366 firma
1904 3289 1978 3366 erit

387 3409 544 3485 donatio
565 3434 614 3485 ex
634 3433 711 3508 quo
732 3409 848 3485 semel
869 3408 1002 3485 voluit.
1027 3408 1071 3484 Si
1093 3401 1224 3484 autem
1244 3409 1367 3506 gratis
1391 3409 1631 3496 admittatur,
1652 3418 1747 3484 tunc
1769 3408 1978 3485 videndum

385 3538 519 3606 utrum
540 3554 581 3606 se
600 3538 713 3627 gerat
733 3536 779 3604 ut
801 3528 989 3615 dominus,
1012 3527 1065 3603 sic
1085 3526 1242 3616 utendo,
1265 3527 1428 3624 agendo,
1451 3527 1699 3626 percipiendo
1720 3535 1766 3603 ut
1789 3527 1914 3627 prius:
1938 3537 1977 3604 et

388 3649 419 3725 si
445 3646 517 3736 hoc
543 3646 677 3746 egerit,
704 3657 798 3724 tunc
824 3646 978 3723 videtur
1004 3646 1109 3744 quod
1136 3646 1263 3722 animo
1291 3672 1316 3722 a
1343 3647 1579 3744 possessione
1608 3672 1685 3722 non
1714 3646 1880 3735 recessit,
1910 3647 1976 3723 sed

385 3763 519 3841 illam²⁶
536 3765 666 3864 potius
683 3765 811 3841 animo
828 3763 1078 3841 continuavit.
1099 3765 1142 3841 Si
1159 3774 1290 3841 autem
1307 3773 1397 3863 post
1414 3765 1575 3862 longum
1593 3764 1839 3842 intervallum
1857 3765 1976 3841 redie-

385 3884 449 3974 rit,
471 3894 510 3962 et
531 3884 755 3961 donatarius
774 3882 928 3960 medio²⁷
949 3893 1124 3982 tempore
1145 3883 1186 3960 in
1207 3883 1443 3981 possessione
1464 3883 1647 3974 extiterit,
1670 3894 1710 3960 et
1731 3910 1802 3984 per
1824 3910 1863 3962 se
1884 3911 1977 3961 usus

386 4005 517 4095 fuerit,
538 4004 611 4082 erit
631 4003 789 4082 traditio
810 4002 912 4079 bona
933 4001 1023 4102 quia
1042 4012 1197 4102 tempus
1218 4012 1365 4102 purgat
1385 4002 1533 4091 vitium,
1556 4012 1595 4081 et
1616 4003 1783 4080 maxime
1806 4029 1854 4079 ex
1875 4029 1977 4079 nova

385 4125 635 4202 conventione
651 4124 683 4200 si
698 4121 949 4199 conventione
964 4124 1012 4198 de
1027 4147 1127 4198 novo
1143 4120 1408 4198 intervenerit:
1427 4128 1466 4197 et
1482 4121 1535 4197 sic
1551 4131 1681 4199 tenere
1698 4122 1842 4221 poterit
1858 4123 1975 4199 dona·

384 4243 439 4319 tio
455 4253 493 4320 et
509 4241 648 4332 valere,
664 4241 837 4342 quamvis
853 4242 1005 4318 fructus
1021 4237 1252 4340 perceptos²⁸
1268 4249 1308 4317 et
1324 4239 1400 4316 alia
1415 4240 1457 4315 in
1471 4266 1563 4317 usus
1580 4240 1759 4340 proprios
1775 4249 1976 4320 convertat

383 4372 559 4461 tempore
578 4363 666 4438 vitae
687 4386 774 4438 suae.
796 4360 964 4437 Videtur
984 4359 1100 4436 etiam
1122 4359 1202 4435 sine
1223 4359 1443 4458 praeiudicio
1463 4359 1630 4436 mehoris
1652 4360 1850 4437 sententiae
1871 4359 1975 4459 quod

385 4481 463 4558 sive
481 4481 612 4557 statim
628 4478 783 4556 redierit
799 4476 1033 4578 postquam²⁹
1052 4479 1167 4553 semel
1185 4476 1386 4566 exiverit‚⁸⁰
1403 4479 1481 4555 sive
1498 4504 1588 4568 non,
1606 4480 1637 4556 si
1655 4479 1707 4556 sic
1723 4504 1802 4555 non
1821 4490 1913 4577 agat
1930 4487 1976 4555 ut

385 4597 562 4675 dominus
580 4598 647 4674 sed
665 4605 811 4674 statum
830 4621 942 4673 suum
959 4621 1008 4672 ex
1025 4604 1110 4672 toto
1128 4597 1337 4674 mutaverit
1355 4599 1459 4695 quod
1477 4605 1570 4695 agat
1589 4607 1635 4674 ut
1654 4606 1894 4696 procurator,
1914 4597 1976 4674 vel

383 4714 648 4806 seneschallus,
661 4715 722 4791 vel
735 4715 901 4792 serviens
912 4714 977 4791 ubi
989 4715 1097 4814 prius
1110 4714 1188 4791 fuit
1201 4715 1389 4803 dominus,
1403 4725 1441 4792 et
1454 4715 1557 4814 quod
1571 4715 1620 4792 sit
1631 4716 1871 4792 ministrator
1881 4715 1976 4791 ubi⁸²

383 4934 411 4971 ²⁸
422 4939 548 5014 poterit,
566 4935 606 5011 V,
626 4933 700 5008 OB;
719 4941 861 5012 possunt,
879 4933 945 4995 ΟΟ.
986 4931 1088 5011 ²⁰qui,
1107 4933 1177 5008 OA,
1196 4934 1272 4994 MG.
1315 4930 1342 4966 ²⁰
1352 4953 1402 5009 nc,
1423 4934 1491 5008 OB,
1512 4933 1588 5009 MA,
1608 4934 1685 5007 MB,
1707 4932 1773 4993 ΟΕ.
1816 4931 1841 4966 ²¹
1854 4951 1975 5011 posses·

384 5039 469 5095 sione
485 5056 554 5096 cum
569 5056 632 5095 non
647 5040 689 5096 sit
708 5034 804 5115 (sint)
823 5040 856 5095 in
873 5039 986 5096 seisina
1002 5038 1125 5095 nomine
1140 5034 1306 5109 donatarii,
1323 5035 1363 5112 V,
1380 5034 1447 5110 OC,
1464 5035 1542 5111 MG,
1560 5036 1634 5110 CM,
1657 5034 1713 5112 (-Ι-
1726 5035 1787 5113 Y),
1808 5033 1864 5111 (-Ι-
1879 5034 1974 5112 MA).

384 5133 484 5195 ²²non
505 5138 538 5195 in
558 5143 649 5214 parte
669 5137 718 5197 vel
739 5140 773 5195 in
793 5143 870 5210 toto,
892 5136 931 5212 V,
952 5135 1019 5211 OC,
1043 5136 1100 5213 (-{-
1113 5137 1216 5215 MA);
1238 5140 1271 5197 in
1292 5144 1383 5215 parte
1404 5139 1455 5199 vel
1476 5141 1509 5196 in
1529 5143 1596 5198 toto
1618 5141 1681 5198 sive
1703 5157 1776 5212 non,
1799 5137 1877 5212 MG,
1900 5137 1974 5198 CM.

384 5233 575 5311 ”habuerit
592 5236 687 5297 MSS.
704 5256 769 5298 var.
809 5235 836 5269 ¹⁴
847 5237 929 5313 Om.,
945 5238 1021 5312 MA,
1040 5238 1116 5313 ΜΒ,
1133 5239 1191 5299 OB
1199 5260 1208 5312 ;
1227 5239 1267 5299 ad
1285 5237 1353 5313 hoc,
1370 5239 1448 5314 MG,
1467 5239 1539 5300 ΟΜ.
1580 5237 1606 5272 ²⁶
1618 5238 1760 5318 repulsus
1781 5239 1887 5314 fucrit,
1906 5238 1975 5314 OB,

386 5335 461 5411 MA,
484 5336 559 5396 ΜΒ.
602 5334 718 5412 ²icam,
741 5337 810 5412 OB,
833 5338 909 5413 MA,
932 5338 1009 5412 MB,
1032 5337 1099 5415 ΟΕ,
1121 5339 1159 5400 Υ.
1205 5337 1276 5400 ²'in
1299 5359 1346 5414 eo,
1369 5340 1448 5414 MG,
1471 5341 1544 5402 CM.
1590 5339 1709 5416 ²⁸Om.,
1733 5341 1773 5416 V,
1797 5341 1876 5417 MG,
1900 5341 1973 5401 ΟΜ.

384 5433 450 5469 ²⁰⁴⁰
462 5435 543 5511 0m.,
559 5435 637 5513 MG,
654 5437 727 5497 ΟΜ.
764 5435 791 5471 ⁸²
802 5441 874 5514 nisi,
890 5437 985 5500 MSS.
1001 5459 1065 5500 var.
