<?xml version="1.0" encoding="UTF-8"?>
<!DOCTYPE html PUBLIC "-//W3C//DTD XHTML 1.0 Transitional//EN"
    "http://www.w3.org/TR/xhtml1/DTD/xhtml1-transitional.dtd">
<html xmlns="http://www.w3.org/1999/xhtml" xml:lang="en" lang="en">
 <head>
  <title>
</title>
<meta http-equiv="Content-Type" content="text/html;charset=utf-8" />
  <meta name='ocr-system' content='tesseract 3.04.00' />
  <meta name='ocr-capabilities' content='ocr_page ocr_carea ocr_par ocr_line ocrx_word'/>
</head>
<body>
  <div class='ocr_page' id='page_1' title='image "./bractondelegibu01histgoog_0403.png"; bbox 0 0 4374 6366; ppageno 0'>
   <div class='ocr_carea' id='block_1_1' title="bbox 805 458 1853 540">
    <p class='ocr_par' dir='ltr' id='par_1_1' title="bbox 805 458 1853 540">
     <span class='ocr_line' id='line_1_1' title="bbox 805 458 1853 540; baseline 0.019 -22"><span class='ocrx_word' id='word_1_1' title='bbox 805 459 866 519; x_wconf 86' lang='lat' dir='ltr'>DE</span> <span class='ocrx_word' id='word_1_2' title='bbox 890 458 1093 520; x_wconf 88' lang='lat' dir='ltr'>PLACITIS</span> <span class='ocrx_word' id='word_1_3' title='bbox 1117 458 1306 521; x_wconf 83' lang='lat' dir='ltr'>CORONAE</span> <span class='ocrx_word' id='word_1_4' title='bbox 1778 470 1853 540; x_wconf 79' lang='lat'>885</span> 
     </span>
    </p>
   </div>
   <div class='ocr_carea' id='block_1_2' title="bbox 165 608 1858 2717">
    <p class='ocr_par' dir='ltr' id='par_1_2' title="bbox 264 608 1855 938">
     <span class='ocr_line' id='line_1_2' title="bbox 264 608 1855 709; baseline 0.004 -23"><span class='ocrx_word' id='word_1_5' title='bbox 264 608 445 709; x_wconf 90' lang='lat' dir='ltr'>imposito</span> <span class='ocrx_word' id='word_1_6' title='bbox 468 635 508 685; x_wconf 90' lang='lat' dir='ltr'>se</span> <span class='ocrx_word' id='word_1_7' title='bbox 530 608 749 686; x_wconf 90' lang='lat' dir='ltr'>defenderit</span> <span class='ocrx_word' id='word_1_8' title='bbox 771 610 832 684; x_wconf 91' lang='lat' dir='ltr'>vel</span> <span class='ocrx_word' id='word_1_9' title='bbox 855 608 1051 686; x_wconf 92' lang='lat' dir='ltr'>convictus</span> <span class='ocrx_word' id='word_1_10' title='bbox 1075 609 1206 698; x_wconf 90' lang='lat' dir='ltr'>fuerit,</span> <span class='ocrx_word' id='word_1_11' title='bbox 1233 610 1323 709; x_wconf 87' lang='lat' dir='ltr'>quia</span> <span class='ocrx_word' id='word_1_12' title='bbox 1346 621 1437 688; x_wconf 89' lang='lat' dir='ltr'>ante</span> <span class='ocrx_word' id='word_1_13' title='bbox 1460 612 1737 690; x_wconf 82' lang='lat' dir='ltr'>convictionem</span> <span class='ocrx_word' id='word_1_14' title='bbox 1760 613 1855 692; x_wconf 90' lang='lat' dir='ltr'>nihil</span> 
     </span>
     <span class='ocr_line' id='line_1_3' title="bbox 265 726 1621 825; baseline 0.002 -21"><span class='ocrx_word' id='word_1_15' title='bbox 265 726 469 816; x_wconf 87' lang='lat' dir='ltr'>forisfacit,</span> <span class='ocrx_word' id='word_1_16' title='bbox 483 736 522 804; x_wconf 92' lang='lat' dir='ltr'>et</span> <span class='ocrx_word' id='word_1_17' title='bbox 536 726 567 803; x_wconf 88' lang='lat' dir='ltr'>si</span> <span class='ocrx_word' id='word_1_18' title='bbox 582 726 667 825; x_wconf 93' lang='lat' dir='ltr'>quis</span> <span class='ocrx_word' id='word_1_19' title='bbox 681 735 817 803; x_wconf 86' lang='lat' dir='ltr'>contra</span> <span class='ocrx_word' id='word_1_20' title='bbox 829 727 900 802; x_wconf 88' lang='lat' dir='ltr'>hoc</span> <span class='ocrx_word' id='word_1_21' title='bbox 915 727 1051 804; x_wconf 90' lang='lat' dir='ltr'>fecerit</span> <span class='ocrx_word' id='word_1_22' title='bbox 1066 727 1136 805; x_wconf 90' lang='lat' dir='ltr'>fiat</span> <span class='ocrx_word' id='word_1_23' title='bbox 1150 727 1389 805; x_wconf 83' lang='lat' dir='ltr'>vicecomiti⁴⁹</span> <span class='ocrx_word' id='word_1_24' title='bbox 1403 728 1481 806; x_wconf 85' lang='lat' dir='ltr'>tale</span> <span class='ocrx_word' id='word_1_25' title='bbox 1495 729 1621 807; x_wconf 89' lang='lat' dir='ltr'>breve.</span> 
     </span>
     <span class='ocr_line' id='line_1_4' title="bbox 367 844 1051 938; baseline 0 -16"><span class='ocrx_word' id='word_1_26' title='bbox 367 845 486 938; x_wconf 81' lang='lat' dir='ltr'>Quod</span> <span class='ocrx_word' id='word_1_27' title='bbox 499 845 547 922; x_wconf 86' lang='lat' dir='ltr'>de</span> <span class='ocrx_word' id='word_1_28' title='bbox 562 844 671 921; x_wconf 77' lang='lat' dir='ltr'>bonis</span> <span class='ocrx_word' id='word_1_29' title='bbox 683 844 762 921; x_wconf 83' lang='lat' dir='ltr'>sair</span> <span class='ocrx_word' id='word_1_30' title='bbox 774 852 1051 922; x_wconf 65' lang='lat' dir='ltr'><strong><em>sustententur.</em></strong></span> 
     </span>
    </p>

    <p class='ocr_par' dir='ltr' id='par_1_3' title="bbox 165 960 1858 2717">
     <span class='ocr_line' id='line_1_5' title="bbox 265 960 1857 1062; baseline 0.003 -22"><span class='ocrx_word' id='word_1_31' title='bbox 265 963 363 1040; x_wconf 73' lang='lat' dir='ltr'>Rex</span> <span class='ocrx_word' id='word_1_32' title='bbox 384 961 593 1040; x_wconf 79' lang='lat' dir='ltr'>vicecomiti</span> <span class='ocrx_word' id='word_1_33' title='bbox 618 960 791 1040; x_wconf 87' lang='lat' dir='ltr'>salutem.</span> <span class='ocrx_word' id='word_1_34' title='bbox 819 962 925 1039; x_wconf 91' lang='lat' dir='ltr'>Scias</span> <span class='ocrx_word' id='word_1_35' title='bbox 949 963 1052 1062; x_wconf 95' lang='lat' dir='ltr'>quod</span> <span class='ocrx_word' id='word_1_36' title='bbox 1075 963 1272 1062; x_wconf 91' lang='lat' dir='ltr'>provisum</span> <span class='ocrx_word' id='word_1_37' title='bbox 1295 974 1353 1042; x_wconf 90' lang='lat' dir='ltr'>est</span> <span class='ocrx_word' id='word_1_38' title='bbox 1376 964 1546 1042; x_wconf 86' lang='lat' dir='ltr'>incuria</span> <span class='ocrx_word' id='word_1_39' title='bbox 1570 976 1704 1044; x_wconf 90' lang='lat' dir='ltr'>nostra</span> <span class='ocrx_word' id='word_1_40' title='bbox 1726 992 1857 1044; x_wconf 91' lang='lat' dir='ltr'>coram</span> 
     </span>
     <span class='ocr_line' id='line_1_6' title="bbox 264 1079 1856 1184; baseline 0.003 -28"><span class='ocrx_word' id='word_1_41' title='bbox 264 1080 373 1158; x_wconf 89' lang='lat' dir='ltr'>nobis</span> <span class='ocrx_word' id='word_1_42' title='bbox 392 1081 495 1180; x_wconf 92' lang='lat' dir='ltr'>quod</span> <span class='ocrx_word' id='word_1_43' title='bbox 511 1080 640 1157; x_wconf 90' lang='lat' dir='ltr'>nullus</span> <span class='ocrx_word' id='word_1_44' title='bbox 657 1079 770 1157; x_wconf 94' lang='lat' dir='ltr'>homo</span> <span class='ocrx_word' id='word_1_45' title='bbox 788 1090 925 1179; x_wconf 88' lang='lat' dir='ltr'>captus</span> <span class='ocrx_word' id='word_1_46' title='bbox 944 1106 1017 1180; x_wconf 92' lang='lat' dir='ltr'>pro</span> <span class='ocrx_word' id='word_1_47' title='bbox 1034 1091 1160 1158; x_wconf 89' lang='lat' dir='ltr'>morte</span> <span class='ocrx_word' id='word_1_48' title='bbox 1176 1081 1337 1159; x_wconf 92' lang='lat' dir='ltr'>hominis</span> <span class='ocrx_word' id='word_1_49' title='bbox 1357 1083 1417 1159; x_wconf 90' lang='lat' dir='ltr'>vel</span> <span class='ocrx_word' id='word_1_50' title='bbox 1436 1109 1510 1182; x_wconf 89' lang='lat' dir='ltr'>pro</span> <span class='ocrx_word' id='word_1_51' title='bbox 1527 1084 1602 1160; x_wconf 85' lang='lat' dir='ltr'>alia</span> <span class='ocrx_word' id='word_1_52' title='bbox 1621 1084 1766 1161; x_wconf 89' lang='lat' dir='ltr'>felonia</span> <span class='ocrx_word' id='word_1_53' title='bbox 1783 1111 1856 1184; x_wconf 90' lang='lat' dir='ltr'>pro</span> 
     </span>
     <span class='ocr_line' id='line_1_7' title="bbox 266 1197 1856 1298; baseline 0.004 -23"><span class='ocrx_word' id='word_1_54' title='bbox 266 1225 344 1298; x_wconf 92' lang='lat' dir='ltr'>qua</span> <span class='ocrx_word' id='word_1_55' title='bbox 366 1199 480 1277; x_wconf 89' lang='lat' dir='ltr'>debet</span> <span class='ocrx_word' id='word_1_56' title='bbox 504 1199 748 1297; x_wconf 79' lang='lat' dir='ltr'>imprisonari</span> <span class='ocrx_word' id='word_1_57' title='bbox 772 1197 1006 1276; x_wconf 90' lang='lat' dir='ltr'>disseisietur</span> <span class='ocrx_word' id='word_1_58' title='bbox 1029 1201 1077 1276; x_wconf 92' lang='lat' dir='ltr'>de</span> <span class='ocrx_word' id='word_1_59' title='bbox 1101 1200 1227 1288; x_wconf 89' lang='lat' dir='ltr'>terris,</span> <span class='ocrx_word' id='word_1_60' title='bbox 1252 1200 1492 1290; x_wconf 82' lang='lat' dir='ltr'>tenementis,</span> <span class='ocrx_word' id='word_1_61' title='bbox 1517 1202 1579 1278; x_wconf 90' lang='lat' dir='ltr'>vel</span> <span class='ocrx_word' id='word_1_62' title='bbox 1603 1203 1751 1280; x_wconf 88' lang='lat' dir='ltr'>catallis</span> <span class='ocrx_word' id='word_1_63' title='bbox 1778 1204 1856 1282; x_wconf 86' lang='lat' dir='ltr'>suis</span> 
     </span>
     <span class='ocr_line' id='line_1_8' title="bbox 266 1317 1856 1420; baseline 0.001 -27"><span class='ocrx_word' id='word_1_64' title='bbox 266 1343 464 1416; x_wconf 87' lang='lat' dir='ltr'>quousque</span> <span class='ocrx_word' id='word_1_65' title='bbox 476 1317 671 1394; x_wconf 89' lang='lat' dir='ltr'>convictus</span> <span class='ocrx_word' id='word_1_66' title='bbox 685 1317 804 1395; x_wconf 87' lang='lat' dir='ltr'>fuerit</span> <span class='ocrx_word' id='word_1_67' title='bbox 818 1317 865 1393; x_wconf 90' lang='lat' dir='ltr'>de</span> <span class='ocrx_word' id='word_1_68' title='bbox 880 1317 1023 1394; x_wconf 90' lang='lat' dir='ltr'>felonia</span> <span class='ocrx_word' id='word_1_69' title='bbox 1036 1318 1084 1395; x_wconf 91' lang='lat' dir='ltr'>de</span> <span class='ocrx_word' id='word_1_70' title='bbox 1097 1343 1174 1416; x_wconf 85' lang='lat' dir='ltr'>qua</span> <span class='ocrx_word' id='word_1_71' title='bbox 1186 1327 1352 1395; x_wconf 85' lang='lat' dir='ltr'>rettatus</span> <span class='ocrx_word' id='word_1_72' title='bbox 1367 1328 1436 1395; x_wconf 80' lang='lat' dir='ltr'>est</span> <span class='ocrx_word' id='word_1_73' title='bbox 1453 1320 1531 1396; x_wconf 89' lang='lat' dir='ltr'>Sed</span> <span class='ocrx_word' id='word_1_74' title='bbox 1546 1321 1752 1419; x_wconf 89' lang='lat' dir='ltr'>quamcito</span> <span class='ocrx_word' id='word_1_75' title='bbox 1766 1345 1856 1420; x_wconf 87' lang='lat' dir='ltr'>cap·</span> 
     </span>
     <span class='ocr_line' id='line_1_9' title="bbox 265 1434 1858 1537; baseline 0.002 -25"><span class='ocrx_word' id='word_1_76' title='bbox 265 1445 329 1512; x_wconf 89' lang='lat' dir='ltr'>tus</span> <span class='ocrx_word' id='word_1_77' title='bbox 350 1435 482 1524; x_wconf 90' lang='lat' dir='ltr'>fuerit,</span> <span class='ocrx_word' id='word_1_78' title='bbox 504 1461 575 1534; x_wconf 91' lang='lat' dir='ltr'>per</span> <span class='ocrx_word' id='word_1_79' title='bbox 594 1435 720 1511; x_wconf 91' lang='lat' dir='ltr'>visum</span> <span class='ocrx_word' id='word_1_80' title='bbox 740 1434 971 1512; x_wconf 75' lang='lat' dir='ltr'>custodum‘0</span> <span class='ocrx_word' id='word_1_81' title='bbox 992 1435 1223 1534; x_wconf 87' lang='lat' dir='ltr'>placitorum</span> <span class='ocrx_word' id='word_1_82' title='bbox 1246 1461 1393 1512; x_wconf 77' lang='lat' dir='ltr'>coronae</span> <span class='ocrx_word' id='word_1_83' title='bbox 1416 1445 1557 1513; x_wconf 85' lang='lat' dir='ltr'>nostrae</span> <span class='ocrx_word' id='word_1_84' title='bbox 1579 1448 1617 1515; x_wconf 90' lang='lat' dir='ltr'>et</span> <span class='ocrx_word' id='word_1_85' title='bbox 1639 1463 1710 1537; x_wconf 89' lang='lat' dir='ltr'>per</span> <span class='ocrx_word' id='word_1_86' title='bbox 1732 1438 1858 1515; x_wconf 89' lang='lat' dir='ltr'>visum</span> 
     </span>
     <span class='ocr_line' id='line_1_10' title="bbox 264 1551 1856 1656; baseline 0.002 -26"><span class='ocrx_word' id='word_1_87' title='bbox 264 1563 378 1631; x_wconf 91' lang='lat' dir='ltr'>tuum</span> <span class='ocrx_word' id='word_1_88' title='bbox 392 1563 430 1631; x_wconf 92' lang='lat' dir='ltr'>et</span> <span class='ocrx_word' id='word_1_89' title='bbox 442 1552 599 1629; x_wconf 76' lang='lat' dir='ltr'>ballivi⁸²</span> <span class='ocrx_word' id='word_1_90' title='bbox 611 1551 698 1631; x_wconf 80' lang='lat' dir='ltr'>tui⁸²</span> <span class='ocrx_word' id='word_1_91' title='bbox 711 1563 750 1631; x_wconf 90' lang='lat' dir='ltr'>et</span> <span class='ocrx_word' id='word_1_92' title='bbox 762 1553 945 1651; x_wconf 84' lang='lat' dir='ltr'>legalium</span> <span class='ocrx_word' id='word_1_93' title='bbox 957 1553 1155 1630; x_wconf 91' lang='lat' dir='ltr'>hominum</span> <span class='ocrx_word' id='word_1_94' title='bbox 1168 1553 1439 1653; x_wconf 77' lang='lat' dir='ltr'>appretientur</span> <span class='ocrx_word' id='word_1_95' title='bbox 1451 1553 1592 1632; x_wconf 88' lang='lat' dir='ltr'>catalla</span> <span class='ocrx_word' id='word_1_96' title='bbox 1604 1556 1725 1654; x_wconf 92' lang='lat' dir='ltr'>ipsius</span> <span class='ocrx_word' id='word_1_97' title='bbox 1739 1557 1856 1656; x_wconf 88' lang='lat' dir='ltr'>capti,</span> 
     </span>
     <span class='ocr_line' id='line_1_11' title="bbox 265 1671 1856 1772; baseline 0.001 -24"><span class='ocrx_word' id='word_1_98' title='bbox 265 1681 305 1749; x_wconf 91' lang='lat' dir='ltr'>et</span> <span class='ocrx_word' id='word_1_99' title='bbox 324 1672 609 1761; x_wconf 88' lang='lat' dir='ltr'>imbrevientur,</span> <span class='ocrx_word' id='word_1_100' title='bbox 632 1680 670 1748; x_wconf 89' lang='lat' dir='ltr'>et</span> <span class='ocrx_word' id='word_1_101' title='bbox 690 1671 796 1748; x_wconf 84' lang='lat' dir='ltr'>salvo</span> <span class='ocrx_word' id='word_1_102' title='bbox 816 1671 1084 1749; x_wconf 87' lang='lat' dir='ltr'>custodiantur</span> <span class='ocrx_word' id='word_1_103' title='bbox 1104 1698 1174 1772; x_wconf 89' lang='lat' dir='ltr'>per</span> <span class='ocrx_word' id='word_1_104' title='bbox 1195 1672 1353 1749; x_wconf 89' lang='lat' dir='ltr'>ballivos</span> <span class='ocrx_word' id='word_1_105' title='bbox 1374 1672 1494 1771; x_wconf 89' lang='lat' dir='ltr'>ipsius</span> <span class='ocrx_word' id='word_1_106' title='bbox 1516 1673 1581 1772; x_wconf 92' lang='lat' dir='ltr'>qui</span> <span class='ocrx_word' id='word_1_107' title='bbox 1602 1674 1766 1772; x_wconf 91' lang='lat' dir='ltr'>capitur,</span> <span class='ocrx_word' id='word_1_108' title='bbox 1789 1673 1856 1751; x_wconf 77' lang='lat' dir='ltr'>et⁵⁸</span> 
     </span>
     <span class='ocr_line' id='line_1_12' title="bbox 267 1789 1856 1889; baseline 0.002 -24"><span class='ocrx_word' id='word_1_109' title='bbox 267 1790 332 1889; x_wconf 93' lang='lat' dir='ltr'>qui</span> <span class='ocrx_word' id='word_1_110' title='bbox 348 1789 489 1865; x_wconf 90' lang='lat' dir='ltr'>bonam</span> <span class='ocrx_word' id='word_1_111' title='bbox 506 1789 704 1867; x_wconf 89' lang='lat' dir='ltr'>inveniant</span> <span class='ocrx_word' id='word_1_112' title='bbox 721 1789 965 1866; x_wconf 77' lang='lat' dir='ltr'>securitatem</span> <span class='ocrx_word' id='word_1_113' title='bbox 982 1789 1057 1866; x_wconf 77' lang='lat' dir='ltr'>de⁸⁴</span> <span class='ocrx_word' id='word_1_114' title='bbox 1076 1789 1372 1889; x_wconf 80' lang='lat' dir='ltr'>respondendo⁵⁵</span> <span class='ocrx_word' id='word_1_115' title='bbox 1392 1815 1521 1868; x_wconf 91' lang='lat' dir='ltr'>coram</span> <span class='ocrx_word' id='word_1_116' title='bbox 1539 1791 1751 1868; x_wconf 87' lang='lat' dir='ltr'>iustitiariis</span> <span class='ocrx_word' id='word_1_117' title='bbox 1770 1817 1856 1868; x_wconf 90' lang='lat' dir='ltr'>nos·</span> 
     </span>
     <span class='ocr_line' id='line_1_13' title="bbox 265 1905 1857 2008; baseline 0.001 -25"><span class='ocrx_word' id='word_1_118' title='bbox 265 1907 296 1983; x_wconf 90' lang='lat' dir='ltr'>f.</span> <span class='ocrx_word' id='word_1_119' title='bbox 313 1909 406 2001; x_wconf 75' lang='lat'><strong>137]</strong></span> <span class='ocrx_word' id='word_1_120' title='bbox 460 1905 531 1984; x_wconf 87' lang='lat' dir='ltr'>tris</span> <span class='ocrx_word' id='word_1_121' title='bbox 546 1931 635 1983; x_wconf 94' lang='lat' dir='ltr'>cum</span> <span class='ocrx_word' id='word_1_122' title='bbox 649 1905 698 1981; x_wconf 90' lang='lat' dir='ltr'>ab</span> <span class='ocrx_word' id='word_1_123' title='bbox 712 1907 765 1984; x_wconf 89' lang='lat' dir='ltr'>eis</span> <span class='ocrx_word' id='word_1_124' title='bbox 781 1907 999 2005; x_wconf 83' lang='lat' dir='ltr'>exigantur,</span> <span class='ocrx_word' id='word_1_125' title='bbox 1016 1907 1121 1984; x_wconf 89' lang='lat' dir='ltr'>salvo</span> <span class='ocrx_word' id='word_1_126' title='bbox 1136 1917 1268 1984; x_wconf 89' lang='lat' dir='ltr'>tamen</span> <span class='ocrx_word' id='word_1_127' title='bbox 1283 1908 1407 1985; x_wconf 90' lang='lat' dir='ltr'>eidem</span> <span class='ocrx_word' id='word_1_128' title='bbox 1421 1918 1537 2008; x_wconf 90' lang='lat' dir='ltr'>capto</span> <span class='ocrx_word' id='word_1_129' title='bbox 1554 1919 1593 1987; x_wconf 93' lang='lat' dir='ltr'>et</span> <span class='ocrx_word' id='word_1_130' title='bbox 1610 1909 1764 1985; x_wconf 83' lang='lat' dir='ltr'>familiae</span> <span class='ocrx_word' id='word_1_131' title='bbox 1780 1935 1857 1987; x_wconf 83' lang='lat' dir='ltr'>suae</span> 
     </span>
     <span class='ocr_line' id='line_1_14' title="bbox 265 2025 1857 2124; baseline 0 -20"><span class='ocrx_word' id='word_1_132' title='bbox 265 2025 496 2115; x_wconf 74' lang='lat' dir='ltr'>necessaria,</span> <span class='ocrx_word' id='word_1_133' title='bbox 514 2025 698 2124; x_wconf 90' lang='lat' dir='ltr'>quamdiu</span> <span class='ocrx_word' id='word_1_134' title='bbox 717 2025 836 2102; x_wconf 89' lang='lat' dir='ltr'>fuerit</span> <span class='ocrx_word' id='word_1_135' title='bbox 854 2027 894 2101; x_wconf 94' lang='lat' dir='ltr'>in</span> <span class='ocrx_word' id='word_1_136' title='bbox 911 2026 1068 2124; x_wconf 89' lang='lat' dir='ltr'>prisona</span> <span class='ocrx_word' id='word_1_137' title='bbox 1085 2027 1302 2103; x_wconf 77' lang='lat' dir='ltr'>rationabili</span> <span class='ocrx_word' id='word_1_138' title='bbox 1321 2027 1507 2104; x_wconf 88' lang='lat' dir='ltr'>estoverio</span> <span class='ocrx_word' id='word_1_139' title='bbox 1525 2052 1605 2103; x_wconf 90' lang='lat' dir='ltr'>suo.</span> <span class='ocrx_word' id='word_1_140' title='bbox 1626 2027 1687 2104; x_wconf 92' lang='lat' dir='ltr'>Ut</span> <span class='ocrx_word' id='word_1_141' title='bbox 1706 2027 1737 2104; x_wconf 88' lang='lat' dir='ltr'>si</span> <span class='ocrx_word' id='word_1_142' title='bbox 1755 2028 1857 2104; x_wconf 91' lang='lat' dir='ltr'>idem</span> 
     </span>
     <span class='ocr_line' id='line_1_15' title="bbox 165 2143 1857 2243; baseline 0.001 -24"><span class='ocrx_word' id='word_1_143' title='bbox 165 2237 166 2240; x_wconf 8' lang='grc' dir='ltr'><strong>Ἴ</strong></span> <span class='ocrx_word' id='word_1_144' title='bbox 265 2155 404 2243; x_wconf 87' lang='lat' dir='ltr'>captus</span> <span class='ocrx_word' id='word_1_145' title='bbox 420 2144 539 2222; x_wconf 90' lang='lat' dir='ltr'>fuerit</span> <span class='ocrx_word' id='word_1_146' title='bbox 554 2169 683 2221; x_wconf 88' lang='lat' dir='ltr'>coram</span> <span class='ocrx_word' id='word_1_147' title='bbox 697 2143 910 2220; x_wconf 84' lang='lat' dir='ltr'>iustitiariis</span> <span class='ocrx_word' id='word_1_148' title='bbox 925 2144 1121 2221; x_wconf 90' lang='lat' dir='ltr'>convictus</span> <span class='ocrx_word' id='word_1_149' title='bbox 1138 2145 1186 2221; x_wconf 94' lang='lat' dir='ltr'>de</span> <span class='ocrx_word' id='word_1_150' title='bbox 1201 2145 1347 2222; x_wconf 90' lang='lat' dir='ltr'>felonia</span> <span class='ocrx_word' id='word_1_151' title='bbox 1360 2145 1464 2222; x_wconf 90' lang='lat' dir='ltr'>unde</span> <span class='ocrx_word' id='word_1_152' title='bbox 1480 2153 1646 2222; x_wconf 88' lang='lat' dir='ltr'>rettatus</span> <span class='ocrx_word' id='word_1_153' title='bbox 1662 2144 1746 2234; x_wconf 85' lang='lat' dir='ltr'>est,¹</span> <span class='ocrx_word' id='word_1_154' title='bbox 1763 2153 1857 2221; x_wconf 93' lang='lat' dir='ltr'>tunc</span> 
     </span>
     <span class='ocr_line' id='line_1_16' title="bbox 264 2261 1856 2352; baseline -0.001 -11"><span class='ocrx_word' id='word_1_155' title='bbox 264 2272 393 2341; x_wconf 89' lang='lat' dir='ltr'>totum</span> <span class='ocrx_word' id='word_1_156' title='bbox 407 2262 602 2340; x_wconf 90' lang='lat' dir='ltr'>residuum</span> <span class='ocrx_word' id='word_1_157' title='bbox 617 2263 846 2339; x_wconf 77' lang='lat' dir='ltr'>catellorum</span> <span class='ocrx_word' id='word_1_158' title='bbox 861 2261 1028 2339; x_wconf 84' lang='lat' dir='ltr'>illorum²</span> <span class='ocrx_word' id='word_1_159' title='bbox 1044 2263 1148 2340; x_wconf 87' lang='lat' dir='ltr'>ultra</span> <span class='ocrx_word' id='word_1_160' title='bbox 1163 2263 1393 2340; x_wconf 87' lang='lat' dir='ltr'>estoverium</span> <span class='ocrx_word' id='word_1_161' title='bbox 1410 2262 1506 2339; x_wconf 93' lang='lat' dir='ltr'>illud</span> <span class='ocrx_word' id='word_1_162' title='bbox 1522 2271 1719 2339; x_wconf 89' lang='lat' dir='ltr'>remaneat</span> <span class='ocrx_word' id='word_1_163' title='bbox 1736 2262 1856 2352; x_wconf 89' lang='lat' dir='ltr'>nobis,</span> 
     </span>
     <span class='ocr_line' id='line_1_17' title="bbox 224 2381 1858 2480; baseline -0.002 -20"><span class='ocrx_word' id='word_1_164' title='bbox 224 2425 227 2432; x_wconf 40' lang='grc' dir='ltr'><strong><em>ν</em></strong></span> <span class='ocrx_word' id='word_1_165' title='bbox 266 2383 476 2460; x_wconf 83' lang='lat' dir='ltr'>secundum</span> <span class='ocrx_word' id='word_1_166' title='bbox 489 2382 600 2480; x_wconf 81' lang='lat' dir='ltr'>regni</span> <span class='ocrx_word' id='word_1_167' title='bbox 613 2381 736 2458; x_wconf 85' lang='lat' dir='ltr'>nostri</span> <span class='ocrx_word' id='word_1_168' title='bbox 749 2381 1075 2470; x_wconf 87' lang='lat' dir='ltr'>consuetudinem,</span> <span class='ocrx_word' id='word_1_169' title='bbox 1091 2405 1179 2457; x_wconf 89' lang='lat' dir='ltr'>cum</span> <span class='ocrx_word' id='word_1_170' title='bbox 1193 2381 1357 2464; x_wconf 89' lang='lat' dir='ltr'>termino</span> <span class='ocrx_word' id='word_1_171' title='bbox 1373 2389 1506 2456; x_wconf 90' lang='lat' dir='ltr'>nostro</span> <span class='ocrx_word' id='word_1_172' title='bbox 1522 2382 1570 2457; x_wconf 90' lang='lat' dir='ltr'>de</span> <span class='ocrx_word' id='word_1_173' title='bbox 1584 2390 1691 2458; x_wconf 88' lang='lat' dir='ltr'>terra</span> <span class='ocrx_word' id='word_1_174' title='bbox 1705 2381 1771 2458; x_wconf 94' lang='lat' dir='ltr'>illa</span> <span class='ocrx_word' id='word_1_175' title='bbox 1787 2406 1858 2480; x_wconf 89' lang='lat' dir='ltr'>per</span> 
     </span>
     <span class='ocr_line' id='line_1_18' title="bbox 265 2498 1857 2598; baseline 0 -22"><span class='ocrx_word' id='word_1_176' title='bbox 265 2524 387 2576; x_wconf 91' lang='lat' dir='ltr'>unum</span> <span class='ocrx_word' id='word_1_177' title='bbox 409 2525 555 2576; x_wconf 89' lang='lat' dir='ltr'>annum</span> <span class='ocrx_word' id='word_1_178' title='bbox 577 2508 617 2576; x_wconf 90' lang='lat' dir='ltr'>et</span> <span class='ocrx_word' id='word_1_179' title='bbox 637 2498 773 2575; x_wconf 89' lang='lat' dir='ltr'>unum⁸</span> <span class='ocrx_word' id='word_1_180' title='bbox 796 2498 907 2576; x_wconf 89' lang='lat' dir='ltr'>diem.</span> <span class='ocrx_word' id='word_1_181' title='bbox 931 2500 989 2575; x_wconf 85' lang='lat' dir='ltr'>Et</span> <span class='ocrx_word' id='word_1_182' title='bbox 1012 2499 1043 2576; x_wconf 94' lang='lat' dir='ltr'>si</span> <span class='ocrx_word' id='word_1_183' title='bbox 1066 2523 1195 2575; x_wconf 90' lang='lat' dir='ltr'>coram</span> <span class='ocrx_word' id='word_1_184' title='bbox 1219 2499 1393 2598; x_wconf 88' lang='lat' dir='ltr'>praefatis</span> <span class='ocrx_word' id='word_1_185' title='bbox 1416 2498 1628 2576; x_wconf 84' lang='lat' dir='ltr'>iustitiariis</span> <span class='ocrx_word' id='word_1_186' title='bbox 1652 2499 1792 2576; x_wconf 88' lang='lat' dir='ltr'>nostris</span> <span class='ocrx_word' id='word_1_187' title='bbox 1817 2524 1857 2576; x_wconf 86' lang='lat' dir='ltr'>se</span> 
     </span>
     <span class='ocr_line' id='line_1_19' title="bbox 266 2617 1857 2717; baseline -0.001 -22"><span class='ocrx_word' id='word_1_188' title='bbox 266 2619 473 2695; x_wconf 83' lang='lat' dir='ltr'>defendere</span> <span class='ocrx_word' id='word_1_189' title='bbox 493 2618 615 2717; x_wconf 92' lang='lat' dir='ltr'>possit</span> <span class='ocrx_word' id='word_1_190' title='bbox 635 2627 674 2695; x_wconf 90' lang='lat' dir='ltr'>et</span> <span class='ocrx_word' id='word_1_191' title='bbox 693 2642 864 2716; x_wconf 81' lang='lat' dir='ltr'>purgare</span> <span class='ocrx_word' id='word_1_192' title='bbox 884 2618 932 2694; x_wconf 89' lang='lat' dir='ltr'>de</span> <span class='ocrx_word' id='word_1_193' title='bbox 953 2617 1098 2693; x_wconf 91' lang='lat' dir='ltr'>felonia</span> <span class='ocrx_word' id='word_1_194' title='bbox 1117 2617 1188 2694; x_wconf 91' lang='lat' dir='ltr'>sibi</span> <span class='ocrx_word' id='word_1_195' title='bbox 1208 2617 1400 2716; x_wconf 85' lang='lat' dir='ltr'>imposita,</span> <span class='ocrx_word' id='word_1_196' title='bbox 1421 2627 1514 2694; x_wconf 91' lang='lat' dir='ltr'>tunc</span> <span class='ocrx_word' id='word_1_197' title='bbox 1534 2618 1675 2694; x_wconf 86' lang='lat' dir='ltr'>catalla</span> <span class='ocrx_word' id='word_1_198' title='bbox 1695 2644 1765 2694; x_wconf 88' lang='lat' dir='ltr'>sua</span> <span class='ocrx_word' id='word_1_199' title='bbox 1786 2617 1857 2694; x_wconf 89' lang='lat' dir='ltr'>sibi</span> 
     </span>
    </p>
   </div>
   <div class='ocr_carea' id='block_1_3' title="bbox 264 2719 1856 3190">
    <p class='ocr_par' dir='ltr' id='par_1_4' title="bbox 264 2719 1856 3190">
     <span class='ocr_line' id='line_1_20' title="bbox 265 2719 1856 2836; baseline -0.001 -23"><span class='ocrx_word' id='word_1_200' title='bbox 265 2738 392 2836; x_wconf 89' lang='lat' dir='ltr'>quiete</span> <span class='ocrx_word' id='word_1_201' title='bbox 407 2744 642 2812; x_wconf 89' lang='lat' dir='ltr'>remaneant.</span> <span class='ocrx_word' id='word_1_202' title='bbox 660 2736 719 2813; x_wconf 85' lang='lat' dir='ltr'>Et</span> <span class='ocrx_word' id='word_1_203' title='bbox 733 2736 819 2812; x_wconf 92' lang='lat' dir='ltr'>ideo</span> <span class='ocrx_word' id='word_1_204' title='bbox 835 2735 905 2814; x_wconf 85' lang='lat' dir='ltr'>tibi</span> <span class='ocrx_word' id='word_1_205' title='bbox 920 2735 1163 2835; x_wconf 88' lang='lat' dir='ltr'>praecipimus</span> <span class='ocrx_word' id='word_1_206' title='bbox 1180 2737 1283 2834; x_wconf 91' lang='lat' dir='ltr'>quod</span> <span class='ocrx_word' id='word_1_207' title='bbox 1299 2719 1346 2811; x_wconf 90' lang='lat' dir='ltr'>de</span> <span class='ocrx_word' id='word_1_208' title='bbox 1363 2744 1489 2812; x_wconf 89' lang='lat' dir='ltr'>cetero</span> <span class='ocrx_word' id='word_1_209' title='bbox 1506 2736 1561 2812; x_wconf 88' lang='lat' dir='ltr'>ita</span> <span class='ocrx_word' id='word_1_210' title='bbox 1577 2735 1661 2811; x_wconf 92' lang='lat' dir='ltr'>fieri</span> <span class='ocrx_word' id='word_1_211' title='bbox 1678 2735 1798 2812; x_wconf 88' lang='lat' dir='ltr'>facias</span> <span class='ocrx_word' id='word_1_212' title='bbox 1815 2736 1856 2812; x_wconf 91' lang='lat' dir='ltr'>in</span> 
     </span>
     <span class='ocr_line' id='line_1_21' title="bbox 265 2852 1855 2952; baseline -0.003 -21"><span class='ocrx_word' id='word_1_213' title='bbox 265 2855 451 2933; x_wconf 87' lang='lat' dir='ltr'>comitatu</span> <span class='ocrx_word' id='word_1_214' title='bbox 471 2864 541 2930; x_wconf 87' lang='lat' dir='ltr'>tuo</span> <span class='ocrx_word' id='word_1_215' title='bbox 561 2863 600 2931; x_wconf 92' lang='lat' dir='ltr'>et</span> <span class='ocrx_word' id='word_1_216' title='bbox 622 2853 826 2930; x_wconf 89' lang='lat' dir='ltr'>observari.</span> <span class='ocrx_word' id='word_1_217' title='bbox 848 2854 907 2931; x_wconf 85' lang='lat' dir='ltr'>Et</span> <span class='ocrx_word' id='word_1_218' title='bbox 927 2853 1090 2930; x_wconf 88' lang='lat' dir='ltr'>firmiter</span> <span class='ocrx_word' id='word_1_219' title='bbox 1110 2852 1180 2929; x_wconf 92' lang='lat' dir='ltr'>tibi</span> <span class='ocrx_word' id='word_1_220' title='bbox 1202 2853 1447 2952; x_wconf 89' lang='lat' dir='ltr'>prohibemus</span> <span class='ocrx_word' id='word_1_221' title='bbox 1469 2879 1518 2929; x_wconf 92' lang='lat' dir='ltr'>ne</span> <span class='ocrx_word' id='word_1_222' title='bbox 1541 2854 1589 2930; x_wconf 91' lang='lat' dir='ltr'>de</span> <span class='ocrx_word' id='word_1_223' title='bbox 1610 2862 1737 2930; x_wconf 88' lang='lat' dir='ltr'>cetero</span> <span class='ocrx_word' id='word_1_224' title='bbox 1759 2876 1855 2952; x_wconf 86' lang='lat' dir='ltr'>prae·</span> 
     </span>
     <span class='ocr_line' id='line_1_22' title="bbox 264 2971 1855 3071; baseline 0 -22"><span class='ocrx_word' id='word_1_225' title='bbox 264 2972 381 3049; x_wconf 80' lang='lat' dir='ltr'>dicta⁴</span> <span class='ocrx_word' id='word_1_226' title='bbox 405 2973 600 3050; x_wconf 88' lang='lat' dir='ltr'>occasione</span> <span class='ocrx_word' id='word_1_227' title='bbox 623 2997 782 3048; x_wconf 91' lang='lat' dir='ltr'>manum</span> <span class='ocrx_word' id='word_1_228' title='bbox 805 2996 981 3071; x_wconf 89' lang='lat' dir='ltr'>apponas</span> <span class='ocrx_word' id='word_1_229' title='bbox 1006 2972 1047 3046; x_wconf 93' lang='lat' dir='ltr'>in</span> <span class='ocrx_word' id='word_1_230' title='bbox 1070 2972 1183 3048; x_wconf 89' lang='lat' dir='ltr'>terris</span> <span class='ocrx_word' id='word_1_231' title='bbox 1206 2981 1245 3048; x_wconf 89' lang='lat' dir='ltr'>et</span> <span class='ocrx_word' id='word_1_232' title='bbox 1270 2971 1417 3048; x_wconf 88' lang='lat' dir='ltr'>catallis</span> <span class='ocrx_word' id='word_1_233' title='bbox 1443 2971 1602 3048; x_wconf 87' lang='lat' dir='ltr'>alicuius</span> <span class='ocrx_word' id='word_1_234' title='bbox 1627 2971 1693 3070; x_wconf 91' lang='lat' dir='ltr'>qui</span> <span class='ocrx_word' id='word_1_235' title='bbox 1718 2981 1855 3070; x_wconf 88' lang='lat' dir='ltr'>captus</span> 
     </span>
     <span class='ocr_line' id='line_1_23' title="bbox 264 3083 1854 3190; baseline -0.003 -22"><span class='ocrx_word' id='word_1_236' title='bbox 264 3092 385 3169; x_wconf 89' lang='lat' dir='ltr'>fuerit</span> <span class='ocrx_word' id='word_1_237' title='bbox 398 3090 581 3190; x_wconf 73' lang='lat' dir='ltr'>prodiero</span> <span class='ocrx_word' id='word_1_238' title='bbox 593 3091 720 3167; x_wconf 93' lang='lat' dir='ltr'>modo.</span> <span class='ocrx_word' id='word_1_239' title='bbox 735 3091 799 3167; x_wconf 91' lang='lat' dir='ltr'>Ne</span> <span class='ocrx_word' id='word_1_240' title='bbox 813 3091 978 3189; x_wconf 89' lang='lat' dir='ltr'>amplius</span> <span class='ocrx_word' id='word_1_241' title='bbox 992 3090 1081 3166; x_wconf 92' lang='lat' dir='ltr'>inde</span> <span class='ocrx_word' id='word_1_242' title='bbox 1095 3089 1301 3166; x_wconf 87' lang='lat' dir='ltr'>clamorem</span> <span class='ocrx_word' id='word_1_243' title='bbox 1315 3089 1527 3165; x_wconf 85' lang='lat' dir='ltr'>audiamus.</span> <span class='ocrx_word' id='word_1_244' title='bbox 1544 3083 1854 3167; x_wconf 74' lang='lat' dir='ltr'>Testeetcetera.</span> 
     </span>
    </p>
   </div>
   <div class='ocr_carea' id='block_1_4' title="bbox 251 3207 1874 4961">
    <p class='ocr_par' dir='ltr' id='par_1_5' title="bbox 264 3207 1621 3308">
     <span class='ocr_line' id='line_1_24' title="bbox 264 3207 1621 3308; baseline -0.002 -22"><span class='ocrx_word' id='word_1_245' title='bbox 264 3209 330 3286; x_wconf 90' lang='lat' dir='ltr'>De</span> <span class='ocrx_word' id='word_1_246' title='bbox 344 3208 432 3286; x_wconf 77' lang='lat' dir='ltr'>illis⁸</span> <span class='ocrx_word' id='word_1_247' title='bbox 447 3217 579 3285; x_wconf 88' lang='lat' dir='ltr'>autem</span> <span class='ocrx_word' id='word_1_248' title='bbox 593 3207 672 3308; x_wconf 79' lang='lat' dir='ltr'>qui⁶</span> <span class='ocrx_word' id='word_1_249' title='bbox 687 3209 728 3285; x_wconf 91' lang='lat' dir='ltr'>in</span> <span class='ocrx_word' id='word_1_250' title='bbox 744 3208 843 3306; x_wconf 82' lang='lat' dir='ltr'>fuga</span> <span class='ocrx_word' id='word_1_251' title='bbox 857 3219 948 3286; x_wconf 88' lang='lat' dir='ltr'>sunt</span> <span class='ocrx_word' id='word_1_252' title='bbox 965 3208 1076 3285; x_wconf 87' lang='lat' dir='ltr'>aliter</span> <span class='ocrx_word' id='word_1_253' title='bbox 1092 3207 1176 3298; x_wconf 89' lang='lat' dir='ltr'>erit,</span> <span class='ocrx_word' id='word_1_254' title='bbox 1192 3216 1237 3284; x_wconf 92' lang='lat' dir='ltr'>ut</span> <span class='ocrx_word' id='word_1_255' title='bbox 1254 3232 1373 3306; x_wconf 92' lang='lat' dir='ltr'>supra</span> <span class='ocrx_word' id='word_1_256' title='bbox 1389 3207 1536 3285; x_wconf 88' lang='lat' dir='ltr'>dictum</span> <span class='ocrx_word' id='word_1_257' title='bbox 1552 3216 1621 3284; x_wconf 88' lang='lat' dir='ltr'>est.</span> 
     </span>
    </p>

    <p class='ocr_par' dir='ltr' id='par_1_6' title="bbox 264 3325 1857 4015">
     <span class='ocr_line' id='line_1_25' title="bbox 366 3325 1405 3427; baseline 0 -23"><span class='ocrx_word' id='word_1_258' title='bbox 366 3327 545 3420; x_wconf 77' lang='lat' dir='ltr'>Qualiter</span> <span class='ocrx_word' id='word_1_259' title='bbox 559 3335 697 3427; x_wconf 82' lang='lat' dir='ltr'>captas</span> <span class='ocrx_word' id='word_1_260' title='bbox 710 3327 874 3426; x_wconf 72' lang='lat' dir='ltr'>produci</span> <span class='ocrx_word' id='word_1_261' title='bbox 886 3326 1024 3404; x_wconf 81' lang='lat' dir='ltr'>debeat</span> <span class='ocrx_word' id='word_1_262' title='bbox 1038 3350 1167 3403; x_wconf 80' lang='lat' dir='ltr'>coram</span> <span class='ocrx_word' id='word_1_263' title='bbox 1181 3325 1405 3404; x_wconf 82' lang='lat' dir='ltr'>iustitiariia</span> 
     </span>
     <span class='ocr_line' id='line_1_26' title="bbox 266 3441 1857 3544; baseline -0.004 -20"><span class='ocrx_word' id='word_1_264' title='bbox 266 3445 386 3524; x_wconf 70' lang='lat' dir='ltr'>CUM’</span> <span class='ocrx_word' id='word_1_265' title='bbox 407 3454 538 3523; x_wconf 89' lang='lat' dir='ltr'>autem</span> <span class='ocrx_word' id='word_1_266' title='bbox 557 3445 688 3523; x_wconf 85' lang='lat' dir='ltr'>taliter</span> <span class='ocrx_word' id='word_1_267' title='bbox 707 3455 845 3544; x_wconf 87' lang='lat' dir='ltr'>captus</span> <span class='ocrx_word' id='word_1_268' title='bbox 866 3470 995 3521; x_wconf 87' lang='lat' dir='ltr'>coram</span> <span class='ocrx_word' id='word_1_269' title='bbox 1015 3444 1228 3522; x_wconf 88' lang='lat' dir='ltr'>iustitiariis</span> <span class='ocrx_word' id='word_1_270' title='bbox 1249 3444 1518 3543; x_wconf 87' lang='lat' dir='ltr'>producendus</span> <span class='ocrx_word' id='word_1_271' title='bbox 1541 3443 1672 3533; x_wconf 88' lang='lat' dir='ltr'>fuerit,</span> <span class='ocrx_word' id='word_1_272' title='bbox 1695 3441 1857 3542; x_wconf 88' lang='lat' dir='ltr'>produci</span> 
     </span>
     <span class='ocr_line' id='line_1_27' title="bbox 265 3545 1856 3662; baseline -0.003 -22"><span class='ocrx_word' id='word_1_273' title='bbox 265 3590 345 3640; x_wconf 92' lang='lat' dir='ltr'>non</span> <span class='ocrx_word' id='word_1_274' title='bbox 364 3562 477 3641; x_wconf 89' lang='lat' dir='ltr'>debet</span> <span class='ocrx_word' id='word_1_275' title='bbox 496 3563 625 3662; x_wconf 85' lang='lat' dir='ltr'>ligatis</span> <span class='ocrx_word' id='word_1_276' title='bbox 645 3565 821 3640; x_wconf 87' lang='lat' dir='ltr'>manibus</span> <span class='ocrx_word' id='word_1_277' title='bbox 842 3564 1015 3662; x_wconf 88' lang='lat' dir='ltr'>quamvis</span> <span class='ocrx_word' id='word_1_278' title='bbox 1036 3563 1243 3662; x_wconf 85' lang='lat' dir='ltr'>aliquando</span> <span class='ocrx_word' id='word_1_279' title='bbox 1264 3563 1504 3661; x_wconf 86' lang='lat' dir='ltr'>compeditus</span> <span class='ocrx_word' id='word_1_280' title='bbox 1525 3570 1687 3661; x_wconf 88' lang='lat' dir='ltr'>propter</span> <span class='ocrx_word' id='word_1_281' title='bbox 1709 3545 1856 3660; x_wconf 86' lang='lat' dir='ltr'>pericu·</span> 
     </span>
     <span class='ocr_line' id='line_1_28' title="bbox 264 3679 1856 3779; baseline -0.001 -21"><span class='ocrx_word' id='word_1_282' title='bbox 264 3683 348 3759; x_wconf 90' lang='lat' dir='ltr'>lum</span> <span class='ocrx_word' id='word_1_283' title='bbox 361 3682 559 3770; x_wconf 88' lang='lat' dir='ltr'>evasionis,</span> <span class='ocrx_word' id='word_1_284' title='bbox 573 3690 612 3758; x_wconf 92' lang='lat' dir='ltr'>et</span> <span class='ocrx_word' id='word_1_285' title='bbox 625 3682 697 3757; x_wconf 93' lang='lat' dir='ltr'>hoc</span> <span class='ocrx_word' id='word_1_286' title='bbox 711 3682 797 3758; x_wconf 85' lang='lat' dir='ltr'>ideo</span> <span class='ocrx_word' id='word_1_287' title='bbox 811 3707 860 3758; x_wconf 92' lang='lat' dir='ltr'>ne</span> <span class='ocrx_word' id='word_1_288' title='bbox 874 3681 1052 3757; x_wconf 89' lang='lat' dir='ltr'>videatur</span> <span class='ocrx_word' id='word_1_289' title='bbox 1067 3689 1220 3758; x_wconf 88' lang='lat' dir='ltr'>coactus</span> <span class='ocrx_word' id='word_1_290' title='bbox 1236 3681 1287 3757; x_wconf 92' lang='lat' dir='ltr'>ad</span> <span class='ocrx_word' id='word_1_291' title='bbox 1302 3680 1471 3779; x_wconf 89' lang='lat' dir='ltr'>aliquam</span> <span class='ocrx_word' id='word_1_292' title='bbox 1486 3679 1759 3779; x_wconf 85' lang='lat' dir='ltr'>purgationem</span> <span class='ocrx_word' id='word_1_293' title='bbox 1776 3705 1856 3756; x_wconf 91' lang='lat' dir='ltr'>sus·</span> 
     </span>
     <span class='ocr_line' id='line_1_29' title="bbox 265 3797 1855 3900; baseline -0.003 -23"><span class='ocrx_word' id='word_1_294' title='bbox 265 3800 492 3900; x_wconf 89' lang='lat' dir='ltr'>cipiendam.</span> <span class='ocrx_word' id='word_1_295' title='bbox 515 3800 617 3877; x_wconf 93' lang='lat' dir='ltr'>Cum</span> <span class='ocrx_word' id='word_1_296' title='bbox 638 3808 770 3876; x_wconf 86' lang='lat' dir='ltr'>autem</span> <span class='ocrx_word' id='word_1_297' title='bbox 790 3799 1002 3899; x_wconf 88' lang='lat' dir='ltr'>productus</span> <span class='ocrx_word' id='word_1_298' title='bbox 1025 3799 1145 3875; x_wconf 86' lang='lat' dir='ltr'>fuerit</span> <span class='ocrx_word' id='word_1_299' title='bbox 1166 3808 1206 3876; x_wconf 90' lang='lat' dir='ltr'>et</span> <span class='ocrx_word' id='word_1_300' title='bbox 1227 3797 1289 3874; x_wconf 85' lang='lat' dir='ltr'>de⁸</span> <span class='ocrx_word' id='word_1_301' title='bbox 1311 3797 1467 3873; x_wconf 89' lang='lat' dir='ltr'>crimine</span> <span class='ocrx_word' id='word_1_302' title='bbox 1489 3798 1524 3874; x_wconf 89' lang='lat' dir='ltr'>ei</span> <span class='ocrx_word' id='word_1_303' title='bbox 1544 3797 1724 3896; x_wconf 90' lang='lat' dir='ltr'>imposito</span> <span class='ocrx_word' id='word_1_304' title='bbox 1747 3821 1855 3872; x_wconf 90' lang='lat' dir='ltr'>accu-</span> 
     </span>
     <span class='ocr_line' id='line_1_30' title="bbox 266 3914 1567 4015; baseline -0.004 -19"><span class='ocrx_word' id='word_1_305' title='bbox 266 3928 384 4008; x_wconf 85' lang='lat' dir='ltr'>satus,</span> <span class='ocrx_word' id='word_1_306' title='bbox 401 3919 432 3994; x_wconf 89' lang='lat' dir='ltr'>si</span> <span class='ocrx_word' id='word_1_307' title='bbox 447 3917 591 3996; x_wconf 91' lang='lat' dir='ltr'>crimen</span> <span class='ocrx_word' id='word_1_308' title='bbox 605 3919 737 3995; x_wconf 90' lang='lat' dir='ltr'>statim</span> <span class='ocrx_word' id='word_1_309' title='bbox 752 3917 984 3993; x_wconf 87' lang='lat' dir='ltr'>confiteatur</span> <span class='ocrx_word' id='word_1_310' title='bbox 999 3917 1091 3994; x_wconf 82' lang='lat' dir='ltr'>satis</span> <span class='ocrx_word' id='word_1_311' title='bbox 1108 3916 1270 4015; x_wconf 88' lang='lat' dir='ltr'>planum</span> <span class='ocrx_word' id='word_1_312' title='bbox 1285 3914 1358 3993; x_wconf 89' lang='lat' dir='ltr'>erit</span> <span class='ocrx_word' id='word_1_313' title='bbox 1374 3915 1567 3991; x_wconf 89' lang='lat' dir='ltr'>iudicium.</span> 
     </span>
    </p>

    <p class='ocr_par' dir='ltr' id='par_1_7' title="bbox 265 4035 1874 4608">
     <span class='ocr_line' id='line_1_31' title="bbox 365 4035 1874 4135; baseline -0.006 -21"><span class='ocrx_word' id='word_1_314' title='bbox 365 4037 412 4114; x_wconf 86' lang='lat' dir='ltr'>Si</span> <span class='ocrx_word' id='word_1_315' title='bbox 422 4037 474 4114; x_wconf 83' lang='lat' dir='ltr'>sit</span> <span class='ocrx_word' id='word_1_316' title='bbox 483 4035 621 4135; x_wconf 79' lang='lat' dir='ltr'>aliquio</span> <span class='ocrx_word' id='word_1_317' title='bbox 633 4061 721 4112; x_wconf 82' lang='lat' dir='ltr'>corn</span> <span class='ocrx_word' id='word_1_318' title='bbox 733 4035 915 4135; x_wconf 81' lang='lat' dir='ltr'>appellet.</span> <span class='ocrx_word' id='word_1_319' title='bbox 1872 4115 1874 4120; x_wconf 49' lang='grc'><strong>,</strong></span> 
     </span>
     <span class='ocr_line' id='line_1_32' title="bbox 268 4148 1857 4252; baseline -0.003 -22"><span class='ocrx_word' id='word_1_320' title='bbox 268 4155 314 4231; x_wconf 90' lang='lat' dir='ltr'>S1</span> <span class='ocrx_word' id='word_1_321' title='bbox 339 4162 468 4230; x_wconf 89' lang='lat' dir='ltr'>autem</span> <span class='ocrx_word' id='word_1_322' title='bbox 492 4153 691 4252; x_wconf 85' lang='lat' dir='ltr'>negaverit</span> <span class='ocrx_word' id='word_1_323' title='bbox 715 4164 754 4232; x_wconf 86' lang='lat' dir='ltr'>et</span> <span class='ocrx_word' id='word_1_324' title='bbox 777 4153 921 4230; x_wconf 90' lang='lat' dir='ltr'>crimen</span> <span class='ocrx_word' id='word_1_325' title='bbox 945 4152 1161 4230; x_wconf 88' lang='lat' dir='ltr'>defenderit</span> <span class='ocrx_word' id='word_1_326' title='bbox 1185 4151 1352 4251; x_wconf 85' lang='lat' dir='ltr'>praecise,</span> <span class='ocrx_word' id='word_1_327' title='bbox 1377 4159 1417 4227; x_wconf 91' lang='lat' dir='ltr'>et</span> <span class='ocrx_word' id='word_1_328' title='bbox 1442 4150 1490 4228; x_wconf 89' lang='lat' dir='ltr'>sit</span> <span class='ocrx_word' id='word_1_329' title='bbox 1515 4148 1652 4249; x_wconf 82' lang='lat' dir='ltr'>aliquis</span> <span class='ocrx_word' id='word_1_330' title='bbox 1677 4149 1742 4248; x_wconf 93' lang='lat' dir='ltr'>qui</span> <span class='ocrx_word' id='word_1_331' title='bbox 1768 4174 1857 4226; x_wconf 90' lang='lat' dir='ltr'>eum</span> 
     </span>
     <span class='ocr_line' id='line_1_33' title="bbox 266 4266 1856 4372; baseline -0.005 -23"><span class='ocrx_word' id='word_1_332' title='bbox 266 4273 438 4372; x_wconf 89' lang='lat' dir='ltr'>appellet</span> <span class='ocrx_word' id='word_1_333' title='bbox 454 4299 525 4372; x_wconf 89' lang='lat' dir='ltr'>per</span> <span class='ocrx_word' id='word_1_334' title='bbox 540 4271 658 4350; x_wconf 88' lang='lat' dir='ltr'>verba</span> <span class='ocrx_word' id='word_1_335' title='bbox 674 4271 847 4370; x_wconf 84' lang='lat' dir='ltr'>legitima</span> <span class='ocrx_word' id='word_1_336' title='bbox 864 4271 1063 4370; x_wconf 87' lang='lat' dir='ltr'>appellum</span> <span class='ocrx_word' id='word_1_337' title='bbox 1082 4269 1275 4358; x_wconf 81' lang='lat' dir='ltr'>facientia,</span> <span class='ocrx_word' id='word_1_338' title='bbox 1292 4279 1386 4346; x_wconf 89' lang='lat' dir='ltr'>tunc</span> <span class='ocrx_word' id='word_1_339' title='bbox 1404 4266 1547 4345; x_wconf 82' lang='lat' dir='ltr'>autem⁹</span> <span class='ocrx_word' id='word_1_340' title='bbox 1567 4267 1742 4344; x_wconf 82' lang='lat' dir='ltr'>defendit</span> <span class='ocrx_word' id='word_1_341' title='bbox 1760 4291 1856 4365; x_wconf 86' lang='lat' dir='ltr'>prae-</span> 
     </span>
     <span class='ocr_line' id='line_1_34' title="bbox 266 4384 1856 4490; baseline -0.003 -24"><span class='ocrx_word' id='word_1_342' title='bbox 266 4392 341 4468; x_wconf 87' lang='lat' dir='ltr'>cise</span> <span class='ocrx_word' id='word_1_343' title='bbox 360 4391 490 4468; x_wconf 92' lang='lat' dir='ltr'>omnia</span> <span class='ocrx_word' id='word_1_344' title='bbox 510 4416 594 4489; x_wconf 84' lang='lat' dir='ltr'>quae</span> <span class='ocrx_word' id='word_1_345' title='bbox 614 4390 648 4466; x_wconf 92' lang='lat' dir='ltr'>ei</span> <span class='ocrx_word' id='word_1_346' title='bbox 668 4390 934 4490; x_wconf 87' lang='lat' dir='ltr'>imponuntur,</span> <span class='ocrx_word' id='word_1_347' title='bbox 956 4389 1023 4466; x_wconf 86' lang='lat' dir='ltr'>et¹⁰</span> <span class='ocrx_word' id='word_1_348' title='bbox 1045 4389 1142 4466; x_wconf 91' lang='lat' dir='ltr'>sicut</span> <span class='ocrx_word' id='word_1_349' title='bbox 1165 4389 1198 4465; x_wconf 90' lang='lat' dir='ltr'>ei</span> <span class='ocrx_word' id='word_1_350' title='bbox 1220 4385 1513 4486; x_wconf 85' lang='lat' dir='ltr'>imponuntur,¹¹</span> <span class='ocrx_word' id='word_1_351' title='bbox 1537 4395 1576 4464; x_wconf 92' lang='lat' dir='ltr'>et</span> <span class='ocrx_word' id='word_1_352' title='bbox 1597 4384 1691 4461; x_wconf 91' lang='lat' dir='ltr'>nihil</span> <span class='ocrx_word' id='word_1_353' title='bbox 1713 4384 1856 4486; x_wconf 89' lang='lat' dir='ltr'>excipit</span> 
     </span>
     <span class='ocr_line' id='line_1_35' title="bbox 265 4508 691 4608; baseline -0.002 -23"><span class='ocrx_word' id='word_1_354' title='bbox 265 4519 401 4586; x_wconf 86' lang='lat' dir='ltr'>contra</span> <span class='ocrx_word' id='word_1_355' title='bbox 418 4508 691 4608; x_wconf 86' lang='lat' dir='ltr'>appellantem.</span> 
     </span>
    </p>

    <p class='ocr_par' dir='ltr' id='par_1_8' title="bbox 251 4619 1857 4961">
     <span class='ocr_line' id='line_1_36' title="bbox 365 4619 1857 4726; baseline -0.004 -24"><span class='ocrx_word' id='word_1_356' title='bbox 365 4627 505 4704; x_wconf 84' lang='lat' dir='ltr'>Habet</span> <span class='ocrx_word' id='word_1_357' title='bbox 526 4635 758 4726; x_wconf 73' lang='lat' dir='ltr'>potentotcm</span> <span class='ocrx_word' id='word_1_358' title='bbox 782 4626 948 4724; x_wconf 76' lang='lat' dir='ltr'>elipandi</span> <span class='ocrx_word' id='word_1_359' title='bbox 969 4625 1074 4724; x_wconf 83' lang='lat' dir='ltr'>qaod</span> <span class='ocrx_word' id='word_1_360' title='bbox 1094 4634 1218 4725; x_wconf 82' lang='lat' dir='ltr'>ponat</span> <span class='ocrx_word' id='word_1_361' title='bbox 1240 4649 1280 4702; x_wconf 82' lang='lat' dir='ltr'>ae</span> <span class='ocrx_word' id='word_1_362' title='bbox 1302 4647 1420 4723; x_wconf 81' lang='lat' dir='ltr'>caper</span> <span class='ocrx_word' id='word_1_363' title='bbox 1441 4622 1623 4723; x_wconf 84' lang='lat' dir='ltr'>patriam,</span> <span class='ocrx_word' id='word_1_364' title='bbox 1646 4619 1707 4697; x_wconf 87' lang='lat' dir='ltr'>vel</span> <span class='ocrx_word' id='word_1_365' title='bbox 1729 4645 1770 4698; x_wconf 81' lang='lat' dir='ltr'>aa</span> <span class='ocrx_word' id='word_1_366' title='bbox 1792 4620 1857 4696; x_wconf 87' lang='lat' dir='ltr'>de·</span> 
     </span>
     <span class='ocr_line' id='line_1_37' title="bbox 251 4744 882 4846; baseline -0.003 -23"><span class='ocrx_word' id='word_1_367' title='bbox 251 4765 254 4771; x_wconf 88' lang='grc'><strong><em>·</em></strong></span> <span class='ocrx_word' id='word_1_368' title='bbox 364 4744 505 4839; x_wconf 62' lang='lat' dir='ltr'>tendat</span> <span class='ocrx_word' id='word_1_369' title='bbox 517 4770 589 4845; x_wconf 79' lang='lat' dir='ltr'>per</span> <span class='ocrx_word' id='word_1_370' title='bbox 603 4769 744 4846; x_wconf 81' lang='lat' dir='ltr'>corpor</span> <span class='ocrx_word' id='word_1_371' title='bbox 758 4769 882 4821; x_wconf 72' lang='lat' dir='ltr'>soom</span> 
     </span>
     <span class='ocr_line' id='line_1_38' title="bbox 266 4855 1856 4961; baseline -0.004 -22"><span class='ocrx_word' id='word_1_372' title='bbox 266 4862 459 4939; x_wconf 77' lang='lat' dir='ltr'>Hsarnur</span> <span class='ocrx_word' id='word_1_373' title='bbox 474 4863 696 4940; x_wconf 86' lang='lat' dir='ltr'>electionem</span> <span class='ocrx_word' id='word_1_374' title='bbox 710 4871 843 4939; x_wconf 87' lang='lat' dir='ltr'>utrum</span> <span class='ocrx_word' id='word_1_375' title='bbox 853 4889 898 4942; x_wconf 90' lang='lat' dir='ltr'>se</span> <span class='ocrx_word' id='word_1_376' title='bbox 913 4862 1005 4939; x_wconf 89' lang='lat' dir='ltr'>velit</span> <span class='ocrx_word' id='word_1_377' title='bbox 1020 4886 1163 4961; x_wconf 88' lang='lat' dir='ltr'>ponere</span> <span class='ocrx_word' id='word_1_378' title='bbox 1179 4885 1297 4959; x_wconf 90' lang='lat' dir='ltr'>super</span> <span class='ocrx_word' id='word_1_379' title='bbox 1311 4858 1491 4957; x_wconf 88' lang='lat' dir='ltr'>patriam,</span> <span class='ocrx_word' id='word_1_380' title='bbox 1508 4867 1640 4934; x_wconf 87' lang='lat' dir='ltr'>utrum</span> <span class='ocrx_word' id='word_1_381' title='bbox 1656 4855 1856 4955; x_wconf 88' lang='lat' dir='ltr'>culpabilis</span> 
     </span>
    </p>
   </div>
   <div class='ocr_carea' id='block_1_5' title="bbox 267 5024 1857 5511">
    <p class='ocr_par' dir='ltr' id='par_1_9' title="bbox 267 5024 1855 5211">
     <span class='ocr_line' id='line_1_39' title="bbox 267 5024 1855 5109; baseline -0.006 -14"><span class='ocrx_word' id='word_1_382' title='bbox 267 5033 387 5109; x_wconf 78' lang='lat' dir='ltr'>‘’Om,</span> <span class='ocrx_word' id='word_1_383' title='bbox 412 5035 486 5095; x_wconf 83' lang='lat' dir='ltr'>MA</span> <span class='ocrx_word' id='word_1_384' title='bbox 533 5032 561 5068; x_wconf 80' lang='lat'>⁵⁰</span> <span class='ocrx_word' id='word_1_385' title='bbox 571 5033 728 5109; x_wconf 84' lang='lat' dir='ltr'>custoditi,</span> <span class='ocrx_word' id='word_1_386' title='bbox 753 5032 824 5106; x_wconf 89' lang='lat' dir='ltr'>OB,</span> <span class='ocrx_word' id='word_1_387' title='bbox 849 5034 925 5107; x_wconf 94' lang='lat' dir='ltr'>MA,</span> <span class='ocrx_word' id='word_1_388' title='bbox 951 5032 1026 5094; x_wconf 89' lang='lat' dir='ltr'>MB.</span> <span class='ocrx_word' id='word_1_389' title='bbox 1074 5029 1140 5065; x_wconf 75' lang='lat'>⁸⁸⁸⁸⁸</span> <span class='ocrx_word' id='word_1_390' title='bbox 1151 5028 1333 5091; x_wconf 85' lang='lat' dir='ltr'>ballivorum</span> <span class='ocrx_word' id='word_1_391' title='bbox 1358 5036 1491 5102; x_wconf 88' lang='lat' dir='ltr'>tuorum,</span> <span class='ocrx_word' id='word_1_392' title='bbox 1517 5027 1557 5102; x_wconf 91' lang='lat' dir='ltr'>V,</span> <span class='ocrx_word' id='word_1_393' title='bbox 1584 5026 1661 5102; x_wconf 86' lang='lat' dir='ltr'>MG,</span> <span class='ocrx_word' id='word_1_394' title='bbox 1688 5026 1763 5100; x_wconf 89' lang='lat' dir='ltr'>CM,</span> <span class='ocrx_word' id='word_1_395' title='bbox 1788 5024 1855 5086; x_wconf 81' lang='lat'>00.</span> 
     </span>
     <span class='ocr_line' id='line_1_40' title="bbox 267 5128 1466 5211; baseline -0.005 -15"><span class='ocrx_word' id='word_1_396' title='bbox 267 5133 294 5170; x_wconf 74' lang='lat'>⁵⁸</span> <span class='ocrx_word' id='word_1_397' title='bbox 306 5134 386 5211; x_wconf 85' lang='lat' dir='ltr'>Om,</span> <span class='ocrx_word' id='word_1_398' title='bbox 403 5135 473 5210; x_wconf 88' lang='lat' dir='ltr'>OB,</span> <span class='ocrx_word' id='word_1_399' title='bbox 491 5135 567 5208; x_wconf 89' lang='lat' dir='ltr'>MA,</span> <span class='ocrx_word' id='word_1_400' title='bbox 586 5133 662 5210; x_wconf 92' lang='grc' dir='ltr'>ΜΒ,</span> <span class='ocrx_word' id='word_1_401' title='bbox 681 5133 755 5195; x_wconf 85' lang='lat' dir='ltr'>MC.</span> <span class='ocrx_word' id='word_1_402' title='bbox 795 5131 861 5167; x_wconf 73' lang='lat'><strong>⁸⁸⁸⁸⁸</strong></span> <span class='ocrx_word' id='word_1_403' title='bbox 873 5133 913 5194; x_wconf 83' lang='lat' dir='ltr'>ad</span> <span class='ocrx_word' id='word_1_404' title='bbox 931 5130 1190 5210; x_wconf 88' lang='lat' dir='ltr'>respondendnm,</span> <span class='ocrx_word' id='word_1_405' title='bbox 1210 5130 1287 5205; x_wconf 91' lang='lat' dir='ltr'>MG,</span> <span class='ocrx_word' id='word_1_406' title='bbox 1307 5130 1382 5205; x_wconf 88' lang='lat' dir='ltr'>CM,</span> <span class='ocrx_word' id='word_1_407' title='bbox 1401 5128 1466 5190; x_wconf 88' lang='lat' dir='ltr'>OC.</span> 
     </span>
    </p>

    <p class='ocr_par' dir='ltr' id='par_1_10' title="bbox 269 5224 1857 5511">
     <span class='ocr_line' id='line_1_41' title="bbox 350 5224 1856 5309; baseline -0.006 -13"><span class='ocrx_word' id='word_1_408' title='bbox 350 5234 456 5308; x_wconf 89' lang='lat' dir='ltr'>²0m.,</span> <span class='ocrx_word' id='word_1_409' title='bbox 469 5232 539 5308; x_wconf 94' lang='lat' dir='ltr'>OB,</span> <span class='ocrx_word' id='word_1_410' title='bbox 554 5234 630 5308; x_wconf 89' lang='lat' dir='ltr'>MA,</span> <span class='ocrx_word' id='word_1_411' title='bbox 646 5234 722 5294; x_wconf 91' lang='lat' dir='ltr'>MB.</span> <span class='ocrx_word' id='word_1_412' title='bbox 759 5231 917 5309; x_wconf 66' lang='lat' dir='ltr'>&#39;suorum</span> <span class='ocrx_word' id='word_1_413' title='bbox 934 5233 1000 5308; x_wconf 89' lang='lat' dir='ltr'>LA,</span> <span class='ocrx_word' id='word_1_414' title='bbox 1015 5232 1056 5306; x_wconf 89' lang='lat' dir='ltr'>Y,</span> <span class='ocrx_word' id='word_1_415' title='bbox 1071 5231 1140 5307; x_wconf 95' lang='lat' dir='ltr'>OB,</span> <span class='ocrx_word' id='word_1_416' title='bbox 1157 5230 1230 5292; x_wconf 89' lang='lat' dir='ltr'>MC.</span> <span class='ocrx_word' id='word_1_417' title='bbox 1267 5228 1372 5304; x_wconf 81' lang='lat' dir='ltr'>³Om.,</span> <span class='ocrx_word' id='word_1_418' title='bbox 1389 5230 1468 5304; x_wconf 87' lang='lat' dir='ltr'>MG,</span> <span class='ocrx_word' id='word_1_419' title='bbox 1485 5229 1558 5290; x_wconf 88' lang='lat' dir='ltr'>CM.</span> <span class='ocrx_word' id='word_1_420' title='bbox 1597 5224 1610 5261; x_wconf 80' lang='lat'><strong>⁴</strong></span> <span class='ocrx_word' id='word_1_421' title='bbox 1621 5225 1715 5302; x_wconf 87' lang='lat' dir='ltr'>dicta,</span> <span class='ocrx_word' id='word_1_422' title='bbox 1731 5227 1799 5301; x_wconf 88' lang='lat' dir='ltr'>LA,</span> <span class='ocrx_word' id='word_1_423' title='bbox 1816 5226 1856 5301; x_wconf 93' lang='lat' dir='ltr'>Y,</span> 
     </span>
     <span class='ocr_line' id='line_1_42' title="bbox 269 5326 1857 5413; baseline -0.004 -17"><span class='ocrx_word' id='word_1_424' title='bbox 269 5336 332 5396; x_wconf 85' lang='lat' dir='ltr'>MC</span> <span class='ocrx_word' id='word_1_425' title='bbox 358 5335 453 5412; x_wconf 84' lang='lat' dir='ltr'>(corr.</span> <span class='ocrx_word' id='word_1_426' title='bbox 475 5334 590 5413; x_wconf 77' lang='lat' dir='ltr'>prad).</span> <span class='ocrx_word' id='word_1_427' title='bbox 633 5330 730 5394; x_wconf 72' lang='lat' dir='ltr'>l&#39;‘bia</span> <span class='ocrx_word' id='word_1_428' title='bbox 752 5336 815 5410; x_wconf 88' lang='lat' dir='ltr'>qui,</span> <span class='ocrx_word' id='word_1_429' title='bbox 836 5332 902 5408; x_wconf 88' lang='lat' dir='ltr'>LA,</span> <span class='ocrx_word' id='word_1_430' title='bbox 923 5332 999 5408; x_wconf 88' lang='lat' dir='ltr'>MC,</span> <span class='ocrx_word' id='word_1_431' title='bbox 1021 5332 1050 5393; x_wconf 91' lang='lat' dir='ltr'>Y</span> <span class='ocrx_word' id='word_1_432' title='bbox 1076 5330 1277 5410; x_wconf 76' lang='lat' dir='ltr'>(-†-autcm).</span> <span class='ocrx_word' id='word_1_433' title='bbox 1322 5329 1409 5407; x_wconf 64' lang='lat' dir='ltr'>iqui,</span> <span class='ocrx_word' id='word_1_434' title='bbox 1431 5330 1509 5406; x_wconf 88' lang='lat' dir='ltr'>MG,</span> <span class='ocrx_word' id='word_1_435' title='bbox 1532 5329 1605 5390; x_wconf 91' lang='lat' dir='ltr'>CM.</span> <span class='ocrx_word' id='word_1_436' title='bbox 1650 5326 1756 5403; x_wconf 80' lang='lat' dir='ltr'>⁸Om.,</span> <span class='ocrx_word' id='word_1_437' title='bbox 1778 5327 1857 5402; x_wconf 90' lang='lat' dir='ltr'>MG,</span> 
     </span>
     <span class='ocr_line' id='line_1_43' title="bbox 269 5430 1566 5511; baseline -0.003 -14"><span class='ocrx_word' id='word_1_438' title='bbox 269 5437 343 5497; x_wconf 85' lang='lat' dir='ltr'>cM.</span> <span class='ocrx_word' id='word_1_439' title='bbox 379 5433 467 5511; x_wconf 74' lang='lat' dir='ltr'>⁹aut,</span> <span class='ocrx_word' id='word_1_440' title='bbox 481 5435 550 5510; x_wconf 87' lang='lat' dir='ltr'>OA,</span> <span class='ocrx_word' id='word_1_441' title='bbox 564 5434 631 5510; x_wconf 86' lang='lat' dir='ltr'>LA,</span> <span class='ocrx_word' id='word_1_442' title='bbox 647 5433 687 5507; x_wconf 90' lang='lat' dir='ltr'>Y,</span> <span class='ocrx_word' id='word_1_443' title='bbox 701 5432 780 5506; x_wconf 89' lang='lat' dir='ltr'>MC;</span> <span class='ocrx_word' id='word_1_444' title='bbox 796 5439 878 5509; x_wconf 87' lang='lat' dir='ltr'>ante,</span> <span class='ocrx_word' id='word_1_445' title='bbox 892 5433 962 5508; x_wconf 91' lang='lat' dir='ltr'>OB,</span> <span class='ocrx_word' id='word_1_446' title='bbox 976 5432 1050 5493; x_wconf 87' lang='lat' dir='ltr'>cM.</span> <span class='ocrx_word' id='word_1_447' title='bbox 1085 5430 1151 5466; x_wconf 84' lang='lat'>¹¹¹¹¹</span> <span class='ocrx_word' id='word_1_448' title='bbox 1164 5432 1245 5506; x_wconf 86' lang='lat' dir='ltr'>Om,</span> <span class='ocrx_word' id='word_1_449' title='bbox 1260 5430 1300 5508; x_wconf 91' lang='lat' dir='ltr'>V,</span> <span class='ocrx_word' id='word_1_450' title='bbox 1314 5431 1384 5505; x_wconf 92' lang='lat' dir='ltr'>OB,</span> <span class='ocrx_word' id='word_1_451' title='bbox 1400 5431 1476 5508; x_wconf 87' lang='lat' dir='ltr'>MA,</span> <span class='ocrx_word' id='word_1_452' title='bbox 1492 5432 1566 5493; x_wconf 91' lang='lat' dir='ltr'>MB.</span> 
     </span>
    </p>
   </div>
   <div class='ocr_carea' id='block_1_6' title="bbox 0 0 2193 6356">
    <p class='ocr_par' dir='ltr' id='par_1_11' title="bbox 0 0 2193 6356">
     <span class='ocr_line' id='line_1_44' title="bbox 0 0 2193 6356; baseline 0 0"><span class='ocrx_word' id='word_1_453' title='bbox 0 0 2193 6356; x_wconf 95' lang='lat' dir='ltr'> </span> 
     </span>
    </p>
   </div>
  </div>
 </body>
</html>
