4432 6336
363 382 412 459 76
893 375 1115 438 BRACTON:
1138 377 1199 436 DE
1223 376 1415 438 LEGIBUS

362 528 499 604 tardus
524 527 712 604 feoffatus
738 526 815 603 fuit
838 527 995 604 tenendi
1020 526 1061 603 in
1085 528 1201 604 feodo
1226 528 1307 604 sine
1332 527 1461 627 aliqua
1486 524 1746 616 condicione,⁸⁸
1772 526 1890 603 libere
1914 535 1954 602 et

364 647 394 722 f.
409 648 479 740 21]
534 672 643 744 pure,
670 656 710 723 et
736 646 867 724 statim
893 646 1028 746 incipit
1054 672 1114 724 res
1141 648 1234 723 data
1260 673 1341 724 esse
1368 645 1567 734 feodum,⁵‘
1593 646 1683 723 licet
1709 646 1867 724 heredes
1892 646 1954 723 vel

364 764 549 864 assignati
568 789 646 841 non
664 765 844 853 existant,
863 765 924 842 vel
942 765 1031 841 licet
1050 765 1248 843 extiterint
1268 765 1460 854 deficiant,
1480 767 1584 865 quod
1604 790 1683 842 non
1703 776 1761 843 est
1782 765 1822 842 in
1841 766 1954 843 certis

362 881 564 960 heredibus
581 882 771 981 expressis
788 884 839 958 et²
857 882 1106 960 confirmatis²
1123 893 1168 961 ut
1185 909 1315 982 supra.
1336 885 1414 961 Sed
1431 884 1596 983 qualiter
1613 883 1800 961 obtinebit
1817 885 1955 961 mulier

362 1003 494 1080 dotem
510 1028 598 1079 cum
614 1013 831 1081 warantum
847 1028 926 1079 non
942 1003 1093 1092 habeat,
1111 1028 1190 1078 non
1207 1003 1345 1102 magis⁸
1364 1029 1481 1102 quam
1499 1004 1562 1081 ille
1580 1014 1797 1081 warantum
1816 1003 1955 1080 habere

363 1132 505 1223 potest,
518 1124 579 1198 etri
590 1148 661 1222 per
673 1123 899 1200 bastardum
911 1123 957 1200 fit
970 1122 1139 1212 donatio,
1153 1122 1416 1200 deficientibus
1430 1123 1631 1202 heredibus
1644 1134 1684 1201 et
1699 1124 1903 1224 assignatis
1917 1134 1955 1203 et

363 1241 581 1340 legatariis?
608 1243 841 1341 Respondeo
868 1243 971 1340 quod
997 1242 1071 1340 ipsi
1097 1243 1283 1320 amittunt
1309 1268 1382 1342 pro
1408 1243 1564 1319 defectu
1591 1245 1754 1321 waranti
1781 1245 1954 1343 quamvis

362 1371 523 1439 teneant
542 1371 581 1439 et
602 1361 678 1439 sint
698 1362 739 1436 in
758 1361 1006 1460 possessione.
1031 1361 1109 1439 Sed
1130 1363 1295 1461 qualiter
1315 1363 1557 1462 recuperabit
1578 1363 1645 1439 illa
1665 1388 1753 1440 cum
1774 1363 1823 1442 sit
1843 1374 1957 1441 extra

365 1481 542 1558 saisinam
564 1492 603 1559 et
625 1481 706 1558 sine
727 1490 912 1571 waranto,
935 1489 980 1557 ut
1002 1481 1176 1557 videtur?
1199 1481 1444 1580 Respondeo,
1468 1482 1584 1559 habet
1607 1483 1715 1581 quasi
1739 1491 1956 1560 warantum

365 1601 475 1678 illum
496 1602 547 1678 ad
569 1626 683 1699 quem
704 1610 810 1677 terra
832 1600 885 1677 sic
907 1601 1000 1677 data
1022 1601 1162 1677 reverti
1185 1601 1310 1690 debet,
1334 1611 1373 1678 et
1396 1600 1562 1678 maxime
1586 1627 1632 1680 eo
1654 1603 1759 1700 quod
1781 1604 1840 1680 vir
1863 1628 1956 1680 suus

365 1721 539 1820 quamvis
556 1721 760 1798 bastardus
779 1721 966 1797 feoffatus
985 1721 1063 1799 fuit
1081 1747 1179 1820 pure
1197 1730 1236 1797 et
1255 1721 1336 1798 sine
1355 1720 1574 1798 condicione
1592 1722 1749 1799 tenendi
1767 1721 1809 1798 in
1828 1723 1954 1812 feodo,

364 1850 404 1918 et
419 1841 472 1918 sic
485 1841 558 1919 erit
571 1841 660 1918 talis
674 1849 870 1917 warantus
884 1839 985 1916 dotis
1001 1848 1040 1915 ct
1055 1864 1133 1916 non
1149 1840 1376 1916 donationis.
1393 1839 1465 1917 Et⁴
1480 1839 1625 1940 poterit
1641 1867 1722 1918 esse
1738 1841 1848 1930 ratio,
1866 1843 1957 1941 quia

363 1959 427 2036 ex'
450 1959 690 2038 necessitate·
714 1959 846 2037 statim
870 1969 960 2059 post
984 1968 1148 2036 mortem
1171 1958 1310 2036 talium
1334 1959 1637 2037 donatariorum²
1663 1960 1870 2037 revertitur
1895 1985 1956 2037 res

365 2080 459 2156 data
474 2081 524 2157 ad
539 2081 766 2156 donatorem
782 2105 855 2178 pro
872 2079 1028 2156 defectu
1043 2078 1203 2167 heredis,
1221 2079 1287 2178 qui
1303 2079 1554 2156 warantiaare
1570 2079 1725 2156 deberet
1743 2082 1899 2170 donum,
1916 2088 1957 2157 et

365 2199 483 2277 etiam
502 2201 572 2277 dos
592 2225 670 2276 non
688 2199 820 2276 statim
839 2198 906 2276 sed
925 2208 1014 2298 post
1034 2207 1199 2297 tempus,
1219 2207 1259 2277 et
1278 2198 1351 2275 erit
1371 2199 1536 2275 donator
1557 2198 1665 2298 quasi
1684 2199 1792 2276 heres
1813 2209 1852 2276 et
1873 2199 1956 2275 loco

365 2319 515 2397 heredis
534 2344 608 2418 pro
627 2319 783 2396 defectu
801 2318 998 2408 heredum,
1019 2326 1058 2394 et
1078 2317 1119 2393 in
1139 2318 1228 2395 dote
1248 2343 1328 2394 non
1348 2316 1421 2394 erit
1443 2317 1571 2416 aliqua
1592 2317 1837 2395 exheredatio
1858 2318 1956 2395 sicut

366 2438 408 2515 in
434 2438 717 2527 donationibus,
747 2445 786 2514 ct
814 2438 981 2514 maxime
1008 2437 1079 2512 hoc
1107 2437 1193 2514 ideo
1221 2435 1312 2536 quia
1339 2437 1390 2513 ad
1419 2437 1646 2514 donatorem
1674 2445 1763 2536 post
1792 2447 1958 2515 mortem

366 2559 498 2636 uxoris
514 2558 587 2636 erit
602 2583 813 2634 reversura.
831 2558 936 2634 Item
951 2565 1034 2634 esto
1050 2557 1154 2655 quod
1170 2557 1320 2633 duobus
1337 2555 1525 2633 fratribus
1541 2556 1732 2633 bastardia
1750 2555 1820 2633 fiat
1838 2557 1957 2632 dona·

365 2677 421 2755 tio
437 2680 485 2755 de
500 2677 628 2777 aliqua
643 2703 695 2766 re,
712 2687 805 2754 tune
820 2675 1136 2775 distinguendum
1151 2676 1224 2753 erit
1240 2685 1373 2752 utrum
1388 2675 1459 2753 fiat
1474 2675 1548 2752 illis
1564 2675 1713 2752 duobus
1731 2674 1844 2753 simul
1859 2685 1900 2752 et
1917 2675 1957 2752 in

366 2798 571 2887 communi,
588 2797 649 2874 vel
667 2797 820 2875 cuilibet
838 2797 1012 2895 ipsorum
1030 2796 1239 2894 separatim
1258 2804 1296 2871 et
1315 2820 1386 2893 per
1405 2821 1455 2871 se.
1479 2795 1521 2870 Si
1541 2803 1671 2871 autem
1691 2794 1900 2894 separatim
1918 2804 1957 2871 et

366 2942 438 3017 per
459 2942 510 3008 se,
532 2926 572 2994 et
592 2940 693 2993 unus
714 2913 901 3015 ipsorum⁸
922 2913 1111 2991 moriatur
1131 2914 1212 2990 sine
1233 2913 1435 2991 heredibus
1457 2913 1519 2990 vel
1542 2913 1758 3012 assignatis,
1781 2938 1841 2989 res
1863 2913 1958 2990 data
2041 2945 2044 2958 ·

367 3046 581 3115 revertetur
598 3037 647 3112 ad
664 3036 890 3112 donatorem
905 3059 978 3133 pro
995 3033 1149 3110 defectu
1166 3033 1314 3110 heredis
1330 3033 1392 3109 vel
1409 3031 1606 3131 assignati,
1624 3032 1714 3131 quia
1731 3033 1856 3110 frater
1872 3033 1957 3109 bas-

366 3157 502 3234 tardus
517 3156 672 3232 omnino
686 3163 893 3231 extraneus
909 3164 966 3231 est
981 3154 1015 3229 ei
1031 3154 1158 3252 quoad
1174 3151 1448 3229 successionem
1462 3151 1550 3230 licet
1565 3177 1645 3228 non
1660 3153 1787 3250 quoad
1803 3151 1957 3250 sangui-

367 3301 467 3354 nem.
488 3277 531 3354 Si
549 3285 679 3352 autem
697 3275 750 3352 sic
768 3276 861 3352 data
878 3275 998 3351 fuerit
1015 3275 1183 3351 tenenda
1200 3274 1241 3350 in
1258 3273 1462 3361 commum,
1482 3283 1520 3350 et
1539 3297 1640 3349 unus
1659 3273 1813 3349 illorum
1830 3271 1958 3348 deces-

367 3397 460 3475 serit
473 3397 553 3474 sine
565 3396 703 3473 herede
716 3395 777 3472 vel
790 3395 997 3493 assignato,
1012 3394 1136 3486 frater
1149 3391 1229 3470 eius
1243 3392 1448 3470 bastardus
1461 3392 1638 3469 succedet
1651 3392 1697 3481 ei,
1712 3417 1791 3468 non
1804 3391 1959 3490 quidem

368 3517 451 3594 iure
478 3513 722 3594 successionis
749 3515 816 3591 sed
842 3512 927 3613 per'
953 3511 1041 3590 ius²⁰
1069 3510 1345 3599 accrescendi,¹¹
1373 3513 1584 3589 secundum
1612 3512 1715 3610 quod
1742 3509 1882 3586 dicitur
1910 3510 1958 3587 de

367 3635 579 3712 concubina
594 3645 634 3712 et
649 3633 780 3734 pueris
797 3632 915 3710 suis.¹²
934 3632 976 3709 Si
992 3642 1123 3709 autem
1139 3641 1301 3731 uterquc
1317 3631 1474 3708 heredes
1490 3630 1679 3720 habuerit,
1696 3655 1828 3707 omnes
1845 3629 1959 3706 simul

367 3764 526 3832 teneant
537 3757 579 3830 in
591 3755 783 3831 communi
795 3753 867 3830 nisi
881 3778 996 3850 agere
1008 3751 1128 3828 velint
1142 3753 1191 3828 ad
1204 3750 1429 3828 divisionem
1442 3759 1480 3827 et
1495 3749 1753 3848 partitionem.
1772 3749 1814 3826 Si
1829 3759 1960 3826 autem

368 3882 530 3973 uterque
554 3873 634 3950 sine
654 3872 856 3949 heredibus
879 3879 918 3948 et
941 3871 1145 3970 assignatis
1167 3870 1382 3958 decesserit,
1405 3869 1467 3945 vel
1491 3870 1522 3946 si
1544 3867 1669 3945 tales²⁸
1693 3866 1897 3944 habuerit²⁴
1918 3876 1960 3946 et

369 3991 620 4081 defecerint,¹⁶
635 3992 688 4070 sic
699 4001 786 4069 tota
798 4017 859 4069 res
872 3992 967 4069 data
980 3991 1029 4067 ad
1044 3991 1270 4067 donatorem
1284 3997 1509 4066 revertetur.

469 4117 516 4194 Si
533 4125 637 4193 terra
655 4116 748 4193 data
763 4114 886 4212 fuerit
903 4115 944 4193 ia
962 4114 1222 4213 maritumam,
1241 4113 1449 4190 radendam
1469 4111 1634 4211 qualiter
1651 4111 1723 4210 fiat
1741 4110 1898 4188 donam
1917 4110 1960 4188 ia

469 4235 727 4335 maritapium.

369 4357 582 4448 Quonraar
602 4383 694 4433 vero
714 4356 946 4455 quandoque
965 4357 1172 4433 revertitur
1191 4355 1440 4453 maritagium
1461 4355 1511 4431 ad
1532 4354 1759 4432 donatorem
1779 4379 1852 4454 per
1872 4379 1959 4431 con-

370 4475 557 4554 dicionem
581 4476 742 4553 tacitam
767 4476 828 4552 vel
856 4500 1090 4575 expressam,
1116 4475 1204 4552 ideo
1229 4483 1505 4573 consequenter
1530 4472 1767 4550 videndum²⁰
1795 4473 1961 4572 qualiter

371 4696 398 4731 ⁵⁸
408 4695 662 4771 contradictione,
676 4697 717 4771 V,
732 4697 806 4758 CM.
843 4693 870 4729 ⁸⁴
881 4698 915 4756 in
931 4694 1033 4770 feodo,
1049 4695 1089 4772 V,
1105 4695 1179 4757 MA.

453 4796 510 4859 ¹et
523 4817 596 4874 non,
612 4797 681 4870 OA,
696 4797 763 4873 LA,
780 4797 854 4872 MC,
869 4797 938 4872 OB,
956 4798 1031 4872 MA,
1047 4796 1124 4871 ΜΒ,
1139 4798 1178 4858 Y.
1216 4794 1416 4872 'nominatia
1432 4797 1473 4872 V,
1488 4795 1561 4869 003
1579 4798 1766 4870 constitutis,
1783 4795 1861 4870 Mo,
1879 4796 1942 4857 cM
1950 4817 1959 4868 ;

370 4899 426 4972 aio,
446 4899 512 4960 CE.
553 4898 685 4972 ⁸maius,
705 4899 775 4973 OA,
794 4899 861 4972 LA,
880 4898 954 4959 MC.
996 4897 1101 4973 ⁴Om.,
1121 4899 1191 4974 OB,
1212 4897 1287 4958 ΜΒ.
1329 4895 1460 4971 ΜΟιιι,
1481 4897 1560 4972 MG,
1581 4898 1654 4958 CM.
1697 4894 1962 4972 'donatariornm

371 4999 439 5074 OC,
458 5000 499 5076 Y,
519 5000 601 5073 MA,
621 4999 815 5076 donatorum,
835 4998 875 5072 V,
895 5000 964 5074 OA,
984 5000 1051 5075 LA,
1071 4999 1141 5073 OB,
1161 4999 1238 5075 ΜΒ,
1258 4999 1326 5072 CE,
1348 4998 1425 5074 MG,
1446 4999 1521 5072 CM,
1542 4998 1616 5059 MC.
1658 4995 1798 5073 ⁸eornm,
1818 4999 1859 5073 V,
1880 4998 1960 5070 OM3

371 5121 441 5177 om,
468 5100 544 5162 MG.
594 5100 735 5174 ⁹'¹⁰iure,
762 5101 802 5176 V,
828 5100 895 5161 OC.
945 5098 1203 5160 ⁹'²²matrimonio
1231 5103 1428 5174 accrescenti,
1456 5099 1536 5172 cM;
1565 5119 1627 5160 uno
1656 5102 1853 5175 accrescenti,
1884 5097 1960 5159 MG.

371 5198 398 5236 ¹²
410 5200 491 5276 om,
504 5202 574 5278 OB,
588 5202 664 5276 ΜΒ,
678 5203 716 5263 V.
753 5199 819 5237 ¹¹¹¹¹
830 5202 909 5263 tales
924 5199 1099 5276 habuerint,
1114 5199 1183 5274 OA,
1199 5201 1266 5275 LA,
1280 5200 1349 5274 OC,
1363 5201 1431 5276 OE,
1446 5200 1509 5260 Mc
1512 5198 1623 5260 ......
1635 5199 1778 5261 habuerit
1792 5201 1841 5261 vel
1857 5197 1962 5260 deces-

370 5307 458 5381 serit,
477 5303 552 5364 MA.
591 5300 618 5336 ¹⁰
630 5301 792 5364 dicendum
810 5309 868 5376 est,
887 5303 927 5379 V,
944 5302 1021 5379 ΜΒ,
1039 5303 1098 5364 ΟΒ
1122 5299 1228 5379 (erit).
