4392 6352
377 446 451 515 284
909 437 1132 500 BBACTON:
1155 439 1215 499 DE
1239 438 1432 501 LEGIBUS

376 588 506 666 omnia
536 590 718 666 dicuntur
748 590 977 667 vestimenta
995 599 1223 689 pactorum.
1256 591 1317 668 Re
1350 600 1481 667 autem
1512 589 1753 666 contrahitur
1785 590 1969 688 obligatio

376 708 497 784 veluti
510 705 650 784 mutui⁸
665 709 820 785 datione
834 733 919 808 quat
932 709 1106 786 consistit
1120 710 1161 784 in
1175 708 1289 786 rebus
1304 735 1388 807 quae
1403 709 1585 808 pondere,
1601 734 1773 798 numero,
1788 734 1970 786 mensura

378 835 480 903 sunt
508 826 699 917 Pondere,
725 827 822 904 sicut
848 827 889 903 in
913 826 1027 904 rebus
1052 853 1137 926 quae
1161 829 1440 926 ponderantur.
1468 828 1655 916 Numero,
1682 828 1779 904 sicut
1807 827 1969 926 pecunia

377 954 592 1021 numerata.
608 944 800 1034 Pondere,
814 971 899 1035 aere,
914 955 1078 1044 argento
1092 955 1132 1023 et
1148 971 1254 1022 auro.
1271 947 1471 1035 Mensura,
1488 946 1586 1023 sicut
1601 945 1641 1022 in
1656 947 1757 1034 vino,
1773 946 1868 1034 oleo,
1886 946 1968 1021 fru-

377 1071 520 1140 ment0.
537 1063 635 1152 Qua
650 1090 710 1140 res
725 1072 856 1140 autem
871 1065 913 1140 in
926 1063 1210 1164 appendendo,’
1226 1063 1477 1153 numerando,
1493 1063 1713 1140 metiendo²⁰
1730 1065 1771 1140 in
1786 1064 1858 1140 boe
1875 1065 1968 1140 dan·

378 1191 444 1258 tur
460 1191 506 1258 ut
523 1182 654 1259 statim
671 1182 769 1258 fiant
786 1183 1065 1282 accipientium.
1086 1183 1190 1272 Quia
1206 1191 1388 1260 mutuum
1406 1183 1563 1282 proprie
1581 1183 1721 1260 dicitur
1739 1184 1780 1259 id
1798 1184 1902 1282 quod
1920 1209 1969 1260 ex

377 1327 463 1378 meo
475 1301 521 1378 fit
534 1309 658 1390 tuum,
670 1310 709 1378 et
723 1300 953 1400 quandoque
964 1325 1043 1376 non
1055 1301 1197 1378 eaedem
1209 1327 1269 1377 res
1282 1301 1350 1378 sed
1363 1301 1445 1376 aliae
1459 1300 1629 1378 eiusdem
1640 1311 1789 1378 naturae
1802 1301 1968 1378 reddun-

378 1428 444 1495 tur
458 1419 649 1496 creditori.
667 1419 737 1495 Is²²
754 1427 884 1496 autem
898 1419 959 1495 cui
974 1445 1034 1496 res
1050 1419 1179 1517 aliqua
1194 1419 1339 1495 utenda
1354 1419 1483 1508 datur,
1499 1446 1541 1496 re
1556 1420 1751 1518 obligatur
1768 1444 1852 1518 quae
1867 1445 1967 1496 com·

377 1540 537 1615 modata
554 1548 623 1615 est.
645 1538 724 1615 Sed
742 1563 885 1637 magna
904 1537 1126 1613 differentia
1145 1547 1202 1614 est
1222 1537 1323 1613 inter
1342 1537 1550 1614 mutuum¹²
1569 1537 1969 1637 commodatumque,²⁸

379 1656 470 1755 quia
487 1657 519 1734 is
539 1656 704 1755 quirem
722 1657 1005 1732 commodatam
1024 1654 1199 1754 accepit¹⁴
1219 1657 1270 1732 ad
1290 1656 1415 1754 ipsam
1435 1657 1713 1734 restituendam
1733 1665 1888 1733 tenetur
1908 1656 1969 1732 vel

379 1779 408 1854 f.
423 1776 518 1870 99b]
561 1777 641 1853 eius
656 1775 836 1875 pretium,
851 1775 882 1852 si
896 1775 1000 1851 forte
1014 1773 1199 1861 incendio,
1210 1773 1362 1862 ruina,¹⁵
1372 1773 1592 1872 naufragio,
1602 1784 1671 1851 aut
1680 1775 1876 1851 latronum
1884 1773 1969 1850 hos·

378 1899 524 1976 tiumve
545 1897 712 1986 incursu,
734 1905 963 1995 consumpta
985 1895 1105 1972 fuerit
1126 1895 1187 1971 vel
1208 1894 1422 1993 deperdita,
1444 1895 1643 1972 subtracta
1663 1895 1725 1971 vel
1746 1895 1888 1971 ablata.
1912 1895 1970 1970 Et

379 2019 546 2116 quirem
566 2018 751 2095 utendam
772 2015 959 2115 aceepit‚²⁰
981 2041 1059 2092 non
1080 2015 1218 2092 sufficit
1240 2016 1290 2092 ad
1311 2016 1366 2092 rei
1386 2017 1601 2093 custodiam
1621 2017 1725 2115 quod
1745 2016 1864 2094 talem
1886 2015 1969 2091 dili-

379 2139 552 2237 gentiam
573 2138 751 2214 adbibeat
774 2138 927 2236 qualem
949 2137 1027 2213 suis
1049 2136 1162 2214 rebus
1185 2135 1353 2236 propriis
1376 2137 1555 2213 adhibere
1577 2138 1685 2225 solet,
1710 2138 1742 2214 si
1765 2137 1862 2213 alius
1885 2163 1970 2213 eam

379 2259 601 2357 diligentius
625 2258 755 2357 potuit
777 2259 981 2335 custodire.
1007 2258 1076 2333 Ad
1100 2258 1178 2334 vim
1203 2267 1333 2334 autem
1356 2257 1541 2335 maiorem
1565 2258 1626 2334 vel
1650 2283 1760 2334 casus
1787 2259 1970 2334 fortuitos

379 2404 458 2454 non
473 2388 629 2455 tenetur
646 2379 730 2477 quis
746 2378 819 2454 nisi
835 2379 952 2477 culpa
968 2405 1039 2455 sua
1055 2378 1314 2467 intervenerit,
1331 2388 1377 2456 ut
1396 2379 1427 2455 si
1445 2405 1526 2454 rem
1545 2378 1615 2455 sibi
1633 2379 1736 2454 domi
1754 2379 1968 2455 commoda-

379 2507 461 2574 tam
481 2522 609 2575 secum
629 2497 837 2576 detuleritH
858 2523 946 2574 cum
965 2523 1128 2597 peregre
1148 2498 1347 2596 profectus
1369 2499 1500 2587 fuerit,
1521 2506 1561 2574 et
1582 2499 1688 2575 illam
1708 2499 1862 2575 incursu
1885 2499 1969 2575 bos·

379 2620 477 2700 tium
500 2621 561 2696 vel
584 2621 810 2720 praedonum
832 2619 894 2696 vel
916 2620 1125 2717 naufragio
1149 2619 1329 2709 amiserit,
1354 2630 1514 2697 nonest
1538 2619 1698 2696 dubium
1721 2619 1815 2718 quin
1839 2621 1890 2695 ad
1915 2620 1969 2695 rei

379 2741 661 2818 restitutionem
676 2749 866 2817 teneatur.
885 2741 1141 2818 Commodata
1157 2750 1288 2817 autem
1304 2766 1364 2816 res
1382 2741 1522 2816 dicitur
1539 2741 1589 2817 ad
1605 2741 1847 2817 commodum
1864 2740 1969 2827 data,

378 2871 419 2938 et
439 2861 596 2962 proprie
616 2861 853 2960 intellegitur
872 2860 1115 2938 commodata
1135 2886 1222 2937 cum
1243 2860 1350 2937 nulla
1370 2862 1544 2938 mercede
1566 2871 1723 2960 accepta
1744 2887 1804 2937 res
1825 2862 1970 2937 utenda

379 2982 506 3058 datun
530 2981 759 3059 Gratuitum
777 2982 879 3058 enim
898 2983 1011 3059 debet
1031 3006 1112 3059 esse
1131 2982 1427 3070 commodatum,
1448 2991 1488 3059 et
1508 2982 1539 3059 si
1558 3007 1702 3058 merces
1722 2981 1971 3058 intervenerit

380 3103 510 3203 potius
528 3103 601 3179 diei
619 3101 761 3179 debet¹⁸
779 3102 918 3178 locatio
936 3112 975 3178 et
993 3101 1196 3178 conductio
1214 3127 1331 3201 quam
1349 3103 1645 3178 commodatum.
1667 3103 1710 3178 Is
1730 3103 1837 3200 apud
1856 3127 1970 3200 quem

380 3223 468 3302 res²⁹
487 3223 695 3321 deponitur
712 3249 754 3298 re
772 3223 978 3320 obligatur,
997 3233 1036 3299 et
1054 3222 1102 3299 de
1121 3248 1166 3299 ea
1184 3249 1226 3298 re
1245 3248 1361 3321 quam
1380 3223 1527 3320 accepit
1546 3224 1785 3299 restituenda
1802 3232 1969 3310 tenetur,

380 3353 419 3421 et
435 3343 551 3420 etiam
568 3344 617 3419 ad
632 3344 672 3418 id
688 3344 719 3420 si
735 3343 827 3442 quid
843 3343 883 3418 in
899 3369 941 3420 re
957 3343 1134 3441 deposita
1149 3343 1238 3419 dolo
1254 3343 1495 3420 commiserit.
1515 3343 1652 3441 Culpae
1670 3353 1800 3419 autem
1817 3344 1970 3419 nomine

379 3489 459 3540 non
470 3473 636 3553 tenetur,
650 3464 690 3540 id
701 3472 761 3540 est
774 3463 926 3540 desidiae
940 3465 1001 3540 vel
1013 3463 1269 3562 negligentiae,
1284 3463 1402 3562 quia²⁰
1418 3462 1510 3562 qui²²
1524 3464 1737 3562 negligenti
1752 3465 1874 3541 audeo
1889 3489 1970 3539 rem

380 3582 669 3660 custodiendam
692 3584 825 3673 tradit,
852 3584 922 3660 sibi
945 3585 1019 3682 ipsi
1045 3595 1084 3662 et
1108 3584 1275 3684 propriae
1300 3584 1505 3660 facilitati²²
1530 3585 1600 3660 hoc
1625 3584 1739 3661 debet
1764 3585 1968 3684 imputare.

381 3703 562 3781 Creditor
579 3705 643 3804 qui
662 3705 804 3804 pignus
823 3705 969 3804 accepit
987 3731 1029 3780 re
1046 3706 1242 3803 obligatur
1258 3714 1297 3782 et
1316 3706 1365 3782 ad
1383 3705 1489 3781 illam
1507 3704 1785 3782 restituendam
1802 3715 1969 3793 tenetur,

380 3834 420 3900 et
442 3849 530 3901 oum
552 3825 769 3901 huiusmodi
791 3851 852 3901 res
875 3825 916 3901 in
939 3826 1082 3925 pignus
1106 3826 1200 3902 data
1222 3825 1422 3924 utriusque
1445 3826 1585 3924 gratia,
1610 3825 1751 3902 scilieet
1776 3826 1969 3913 debitoris,

380 3973 456 4046 quo
476 3945 600 4044 magis
621 3945 783 4046 pecunia
804 3945 866 4022 ei²³
887 3947 1118 4035 crederetur,
1141 3948 1233 4022 data
1254 3947 1315 4034 sit,
1337 3956 1376 4022 et
1397 3945 1607 4035 creditoris,
1630 3971 1706 4045 quo
1727 3947 1851 4044 magis
1874 3947 1908 4022 ei
1930 3947 1970 4022 in

380 4075 467 4144 tuto
488 4068 537 4144 sit
557 4067 757 4155 creditum,
779 4065 917 4144 sufficit
939 4067 989 4143 ad
1009 4065 1111 4142 illius
1132 4066 1186 4142 rei
1209 4066 1423 4143 custodiam
1444 4076 1619 4142 exactam
1641 4067 1881 4164 diligentiam
1903 4067 1969 4142 ad·

380 4186 518 4265 hibere.
540 4187 670 4276 Quam
691 4188 722 4264 si
742 4186 965 4286 praestiterit
983 4197 1024 4264 et
1044 4212 1126 4263 rem
1145 4211 1236 4262 casu
1257 4187 1436 4276 amiserit,
1458 4211 1613 4264 secmus
1635 4213 1715 4264 esse
1736 4188 1880 4286 poterit
1900 4212 1970 4264 nec

380 4308 611 4405 impedietur
636 4307 824 4384 creditum
849 4317 991 4407 petere.
1017 4306 1156 4383 Verbis
1181 4307 1422 4384 contrahitlu
1448 4307 1632 4404 obligatio
1658 4334 1728 4407 per
1755 4308 1969 4408 stipulatio-

380 4453 479 4503 nem.
503 4428 580 4505 Est
602 4428 702 4504 enim
725 4427 924 4526 stipulatio
946 4428 1122 4527 quaedam
1142 4429 1347 4503 verborum
1370 4429 1569 4525 conceptio
1592 4453 1676 4527 quae
1698 4428 1872 4505 consistit
1894 4427 1971 4504 ex²⁴

380 4641 437 4705 'in
455 4647 563 4721 mutui,
579 4645 624 4718 V;
647 4643 712 4722 (vel
729 4649 837 4720 mutui,
855 4645 922 4721 LA,
941 4645 1037 4722 ΜΒ).
1078 4643 1298 4723 ‘apponendo
1317 4643 1389 4718 oc;
1409 4643 1681 4724 apprehendendo,
1701 4646 1783 4718 MG;
1804 4645 1971 4724 aperendo,

382 4746 455 4808 CM.
503 4744 721 4822 ¹⁰mestlendo,
748 4745 817 4820 OA,
844 4746 913 4822 OB,
942 4745 1018 4822 MA,
1046 4746 1123 4822 MG,
1151 4747 1226 4821 CM,
1252 4746 1299 4820 Y;
1326 4751 1520 4823 mestiantur,
1549 4748 1631 4819 MB;
1658 4746 1875 4821 mensurando,
1903 4749 1970 4809 OC.

380 4847 501 4923 ²1item,
517 4847 587 4922 OB,
603 4847 679 4922 MA,
695 4847 759 4907 ΜΒ
768 4869 777 4920 ;
792 4846 852 4924 bls,
866 4847 906 4921 V,
921 4847 990 4922 OC,
1006 4849 1086 4921 cM;
1102 4850 1140 4921 si,
1156 4848 1233 4910 MG.
1271 4845 1336 4882 ²²⁴³
1347 4854 1485 4909 mutuum
1502 4857 1534 4910 et
1550 4847 1782 4923 commodatum,
1799 4850 1877 4924 MG,
1894 4849 1971 4925 MA,

382 4949 439 5010 OB
473 4947 800 5028 (commodatumque).
850 4947 1014 5029 ²⁴accipit,
1042 4949 1113 5025 OB,
1141 4949 1218 5022 MA,
1247 4950 1323 5026 MB,
1351 4950 1393 5024 Y,
1421 4951 1495 5011 cM.
1545 4947 1664 5026 ¹⁶0m.,
1692 4951 1761 5026 OB,
1790 4952 1865 5027 MA,
1894 4951 1970 5011 ΜΒ.

381 5049 407 5086 ²⁸
419 5054 543 5129 accipit,
559 5048 628 5126 OB,
644 5050 720 5126 MA,
736 5051 813 5125 ΜΒ,
829 5050 868 5109 Y.
906 5048 931 5084 ²⁷
944 5047 1062 5124 tulerit,
1079 5051 1151 5123 LA;
1168 5049 1252 5123 tulit,
1268 5052 1342 5112 MC.
1381 5049 1541 5126 ²⁸debeat,
1558 5052 1627 5126 OB,
1645 5053 1721 5127 MA,
1739 5053 1813 5113 MB.
1852 5050 1971 5127 ²⁹0m,

381 5150 450 5226 OB,
468 5151 544 5226 MA,
561 5151 638 5227 MB,
654 5151 723 5228 CB,
745 5149 874 5230 ΗΥ).
913 5149 1033 5229 ¹⁰Om,
1051 5150 1126 5212 MA.
1165 5149 1285 5226 ¹²Om.,
1303 5151 1373 5228 OB,
1391 5151 1467 5213 MB.
1508 5150 1701 5226 ²¹lacultati,
1720 5154 1789 5229 OB,
1809 5154 1885 5229 MA,
1906 5154 1970 5215 ΜΒ

385 5251 481 5329 (corr.
500 5252 683 5331 facilitati);
702 5252 853 5328 fatuitati,
869 5251 908 5314 V.
948 5251 974 5287 ²⁸
986 5251 1066 5329 om,
1084 5253 1153 5327 OB,
1172 5252 1249 5327 MA,
1267 5253 1343 5328 MB,
1361 5253 1428 5327 ΟΕ,
1446 5253 1486 5314 Y.
1526 5251 1553 5286 ²⁴
1563 5257 1607 5330 in,
1625 5255 1694 5328 OB,
1713 5254 1789 5330 MA,
1809 5255 1886 5329 MG,
1904 5255 1972 5333 CB,

372 5355 428 5428 .Y;
441 5375 510 5428 om,
524 5355 579 5417 OC
598 5354 687 5432 (-l·),
702 5355 778 5431 MB,
792 5355 865 5415 MC.
