<?xml version="1.0" encoding="UTF-8"?>
<!DOCTYPE html PUBLIC "-//W3C//DTD XHTML 1.0 Transitional//EN"
    "http://www.w3.org/TR/xhtml1/DTD/xhtml1-transitional.dtd">
<html xmlns="http://www.w3.org/1999/xhtml" xml:lang="en" lang="en">
 <head>
  <title>
</title>
<meta http-equiv="Content-Type" content="text/html;charset=utf-8" />
  <meta name='ocr-system' content='tesseract 3.04.00' />
  <meta name='ocr-capabilities' content='ocr_page ocr_carea ocr_par ocr_line ocrx_word'/>
</head>
<body>
  <div class='ocr_page' id='page_1' title='image "./bractondelegibu01histgoog_0067.png"; bbox 0 0 4394 6342; ppageno 0'>
   <div class='ocr_carea' id='block_1_1' title="bbox 635 451 1826 526">
    <p class='ocr_par' dir='ltr' id='par_1_1' title="bbox 635 451 1826 526">
     <span class='ocr_line' id='line_1_1' title="bbox 635 451 1826 526; baseline -0.003 -11"><span class='ocrx_word' id='word_1_1' title='bbox 635 454 697 516; x_wconf 85' lang='lat' dir='ltr'><strong>DE</strong></span> <span class='ocrx_word' id='word_1_2' title='bbox 719 451 1021 526; x_wconf 86' lang='lat' dir='ltr'><strong>ADQUIRENDO</strong></span> <span class='ocrx_word' id='word_1_3' title='bbox 1044 451 1201 512; x_wconf 83' lang='lat' dir='ltr'>RERUM</span> <span class='ocrx_word' id='word_1_4' title='bbox 1225 451 1427 513; x_wconf 88' lang='lat' dir='ltr'><strong>DOMINIO</strong></span> <span class='ocrx_word' id='word_1_5' title='bbox 1777 457 1826 526; x_wconf 74' lang='lat'><strong>49</strong></span> 
     </span>
    </p>
   </div>
   <div class='ocr_carea' id='block_1_2' title="bbox 237 601 1827 942">
    <p class='ocr_par' dir='ltr' id='par_1_2' title="bbox 237 601 1827 942">
     <span class='ocr_line' id='line_1_2' title="bbox 238 601 1827 700; baseline -0.003 -17"><span class='ocrx_word' id='word_1_6' title='bbox 238 608 268 683; x_wconf 82' lang='lat' dir='ltr'><strong>f.</strong></span> <span class='ocrx_word' id='word_1_7' title='bbox 284 607 352 700; x_wconf 94' lang='lat'><strong>11]</strong></span> <span class='ocrx_word' id='word_1_8' title='bbox 408 607 544 683; x_wconf 93' lang='lat' dir='ltr'><strong>domus</strong></span> <span class='ocrx_word' id='word_1_9' title='bbox 568 605 700 682; x_wconf 93' lang='lat' dir='ltr'><strong>domui</strong></span> <span class='ocrx_word' id='word_1_10' title='bbox 724 613 762 682; x_wconf 88' lang='lat' dir='ltr'><strong>et</strong></span> <span class='ocrx_word' id='word_1_11' title='bbox 786 628 852 682; x_wconf 87' lang='lat' dir='ltr'><strong>rus</strong></span> <span class='ocrx_word' id='word_1_12' title='bbox 877 604 958 679; x_wconf 87' lang='lat' dir='ltr'><strong>ruri</strong></span> <span class='ocrx_word' id='word_1_13' title='bbox 982 601 1239 700; x_wconf 78' lang='lat' dir='ltr'><strong>subiungitur,</strong></span> <span class='ocrx_word' id='word_1_14' title='bbox 1264 611 1305 680; x_wconf 90' lang='lat' dir='ltr'><strong>et</strong></span> <span class='ocrx_word' id='word_1_15' title='bbox 1328 601 1384 679; x_wconf 86' lang='lat' dir='ltr'><strong>ito</strong></span> <span class='ocrx_word' id='word_1_16' title='bbox 1407 601 1599 678; x_wconf 85' lang='lat' dir='ltr'><strong>dicantur²</strong></span> <span class='ocrx_word' id='word_1_17' title='bbox 1625 601 1827 678; x_wconf 83' lang='lat' dir='ltr'><strong>servitutes</strong></span> 
     </span>
     <span class='ocr_line' id='line_1_3' title="bbox 237 719 1826 823; baseline -0.004 -21"><span class='ocrx_word' id='word_1_18' title='bbox 237 726 394 802; x_wconf 76' lang='lat' dir='ltr'><strong>urbana</strong></span> <span class='ocrx_word' id='word_1_19' title='bbox 406 735 446 802; x_wconf 90' lang='lat' dir='ltr'><strong>et</strong></span> <span class='ocrx_word' id='word_1_20' title='bbox 459 723 620 801; x_wconf 81' lang='lat' dir='ltr'><strong>nuticae.</strong></span> <span class='ocrx_word' id='word_1_21' title='bbox 635 723 693 801; x_wconf 83' lang='lat' dir='ltr'><strong>Et</strong></span> <span class='ocrx_word' id='word_1_22' title='bbox 708 748 792 823; x_wconf 86' lang='lat' dir='ltr'><strong>quoe</strong></span> <span class='ocrx_word' id='word_1_23' title='bbox 803 723 886 800; x_wconf 81' lang='lat' dir='ltr'><strong>istae</strong></span> <span class='ocrx_word' id='word_1_24' title='bbox 898 723 976 800; x_wconf 88' lang='lat' dir='ltr'><strong>sint</strong></span> <span class='ocrx_word' id='word_1_25' title='bbox 988 732 1027 800; x_wconf 93' lang='lat' dir='ltr'><strong>et</strong></span> <span class='ocrx_word' id='word_1_26' title='bbox 1041 722 1126 822; x_wconf 93' lang='lat' dir='ltr'><strong>quis</strong></span> <span class='ocrx_word' id='word_1_27' title='bbox 1140 721 1219 798; x_wconf 77' lang='lat' dir='ltr'><strong>eas&#39;</strong></span> <span class='ocrx_word' id='word_1_28' title='bbox 1231 719 1454 798; x_wconf 77' lang='lat' dir='ltr'><strong>constituat8</strong></span> <span class='ocrx_word' id='word_1_29' title='bbox 1468 728 1508 797; x_wconf 90' lang='lat' dir='ltr'><strong>et</strong></span> <span class='ocrx_word' id='word_1_30' title='bbox 1521 721 1583 797; x_wconf 93' lang='lat' dir='ltr'><strong>cui</strong></span> <span class='ocrx_word' id='word_1_31' title='bbox 1597 730 1637 797; x_wconf 91' lang='lat' dir='ltr'><strong>et</strong></span> <span class='ocrx_word' id='word_1_32' title='bbox 1650 720 1826 820; x_wconf 73' lang='lat' dir='ltr'><strong>qualiter,</strong></span> 
     </span>
     <span class='ocr_line' id='line_1_4' title="bbox 237 840 1485 942; baseline -0.006 -19"><span class='ocrx_word' id='word_1_33' title='bbox 237 854 277 922; x_wconf 93' lang='lat' dir='ltr'><strong>et</strong></span> <span class='ocrx_word' id='word_1_34' title='bbox 292 870 380 922; x_wconf 88' lang='lat' dir='ltr'><strong>cum</strong></span> <span class='ocrx_word' id='word_1_35' title='bbox 395 844 681 922; x_wconf 79' lang='lat' dir='ltr'><strong>constituantur</strong></span> <span class='ocrx_word' id='word_1_36' title='bbox 696 843 861 942; x_wconf 83' lang='lat' dir='ltr'><strong>qualiter</strong></span> <span class='ocrx_word' id='word_1_37' title='bbox 876 840 1132 930; x_wconf 72' lang='lat' dir='ltr'><strong>amittantur,⁴</strong></span> <span class='ocrx_word' id='word_1_38' title='bbox 1148 841 1310 918; x_wconf 75' lang='lat' dir='ltr'><strong>interim</strong></span> <span class='ocrx_word' id='word_1_39' title='bbox 1327 840 1485 918; x_wconf 88' lang='lat' dir='ltr'><strong>dicetur.</strong></span> 
     </span>
    </p>
   </div>
   <div class='ocr_carea' id='block_1_3' title="bbox 238 1080 1830 1780">
    <p class='ocr_par' dir='ltr' id='par_1_3' title="bbox 238 1080 1830 1780">
     <span class='ocr_line' id='line_1_5' title="bbox 336 1080 1706 1182; baseline -0.002 -21"><span class='ocrx_word' id='word_1_40' title='bbox 336 1086 404 1162; x_wconf 83' lang='lat' dir='ltr'><strong>De</strong></span> <span class='ocrx_word' id='word_1_41' title='bbox 424 1108 553 1162; x_wconf 77' lang='lat' dir='ltr'><strong>rerum</strong></span> <span class='ocrx_word' id='word_1_42' title='bbox 574 1084 743 1162; x_wconf 67' lang='lat' dir='ltr'><strong>domimo</strong></span> <span class='ocrx_word' id='word_1_43' title='bbox 763 1083 1000 1182; x_wconf 76' lang='lat' dir='ltr'><strong>odqrcircndo</strong></span> <span class='ocrx_word' id='word_1_44' title='bbox 1022 1107 1070 1160; x_wconf 77' lang='lat' dir='ltr'><strong>ea</strong></span> <span class='ocrx_word' id='word_1_45' title='bbox 1091 1107 1208 1160; x_wconf 77' lang='lat' dir='ltr'><strong>causo</strong></span> <span class='ocrx_word' id='word_1_46' title='bbox 1228 1081 1446 1160; x_wconf 73' lang='lat' dir='ltr'><strong>donatiortia</strong></span> <span class='ocrx_word' id='word_1_47' title='bbox 1466 1080 1568 1158; x_wconf 82' lang='lat' dir='ltr'><strong>inter</strong></span> <span class='ocrx_word' id='word_1_48' title='bbox 1588 1082 1706 1160; x_wconf 77' lang='lat' dir='ltr'><strong>vivos.</strong></span> 
     </span>
     <span class='ocr_line' id='line_1_6' title="bbox 238 1201 1830 1301; baseline -0.001 -21"><span class='ocrx_word' id='word_1_49' title='bbox 238 1204 451 1294; x_wconf 70' lang='lat' dir='ltr'><strong>Quorsum</strong></span> <span class='ocrx_word' id='word_1_50' title='bbox 465 1204 565 1281; x_wconf 89' lang='lat' dir='ltr'><strong>inter</strong></span> <span class='ocrx_word' id='word_1_51' title='bbox 578 1202 673 1280; x_wconf 84' lang='lat' dir='ltr'><strong>alias</strong></span> <span class='ocrx_word' id='word_1_52' title='bbox 685 1228 820 1280; x_wconf 88' lang='lat' dir='ltr'><strong>causas</strong></span> <span class='ocrx_word' id='word_1_53' title='bbox 835 1201 1099 1301; x_wconf 74' lang='lat' dir='ltr'><strong>adquisitionis</strong></span> <span class='ocrx_word' id='word_1_54' title='bbox 1111 1201 1236 1300; x_wconf 82' lang='lat' dir='ltr'><strong>magis</strong></span> <span class='ocrx_word' id='word_1_55' title='bbox 1250 1201 1407 1278; x_wconf 91' lang='lat' dir='ltr'><strong>celebris</strong></span> <span class='ocrx_word' id='word_1_56' title='bbox 1421 1210 1479 1279; x_wconf 89' lang='lat' dir='ltr'><strong>est</strong></span> <span class='ocrx_word' id='word_1_57' title='bbox 1493 1210 1533 1278; x_wconf 90' lang='lat' dir='ltr'><strong>et</strong></span> <span class='ocrx_word' id='word_1_58' title='bbox 1550 1202 1699 1277; x_wconf 83' lang='lat' dir='ltr'><strong>famosa</strong></span> <span class='ocrx_word' id='word_1_59' title='bbox 1714 1225 1830 1278; x_wconf 87' lang='lat' dir='ltr'><strong>causa</strong></span> 
     </span>
     <span class='ocr_line' id='line_1_7' title="bbox 239 1319 1828 1420; baseline -0.003 -19"><span class='ocrx_word' id='word_1_60' title='bbox 239 1323 467 1413; x_wconf 87' lang='lat' dir='ltr'><strong>donationis,</strong></span> <span class='ocrx_word' id='word_1_61' title='bbox 480 1323 566 1400; x_wconf 90' lang='lat' dir='ltr'><strong>ideo</strong></span> <span class='ocrx_word' id='word_1_62' title='bbox 579 1323 649 1400; x_wconf 86' lang='lat' dir='ltr'><strong>sibi</strong></span> <span class='ocrx_word' id='word_1_63' title='bbox 662 1322 831 1399; x_wconf 87' lang='lat' dir='ltr'><strong>vindicat</strong></span> <span class='ocrx_word' id='word_1_64' title='bbox 845 1321 1068 1398; x_wconf 83' lang='lat' dir='ltr'><strong>secundum⁸</strong></span> <span class='ocrx_word' id='word_1_65' title='bbox 1081 1321 1220 1410; x_wconf 93' lang='lat' dir='ltr'><strong>locum,</strong></span> <span class='ocrx_word' id='word_1_66' title='bbox 1234 1321 1324 1420; x_wconf 88' lang='lat' dir='ltr'><strong>quia</strong></span> <span class='ocrx_word' id='word_1_67' title='bbox 1338 1347 1410 1420; x_wconf 88' lang='lat' dir='ltr'><strong>per</strong></span> <span class='ocrx_word' id='word_1_68' title='bbox 1424 1347 1509 1398; x_wconf 88' lang='lat' dir='ltr'><strong>eam</strong></span> <span class='ocrx_word' id='word_1_69' title='bbox 1522 1321 1646 1418; x_wconf 83' lang='lat' dir='ltr'><strong>magis</strong></span> <span class='ocrx_word' id='word_1_70' title='bbox 1663 1319 1828 1419; x_wconf 85' lang='lat' dir='ltr'><strong>adquiri·</strong></span> 
     </span>
     <span class='ocr_line' id='line_1_8' title="bbox 239 1439 1830 1542; baseline -0.003 -22"><span class='ocrx_word' id='word_1_71' title='bbox 239 1453 306 1520; x_wconf 91' lang='lat' dir='ltr'><strong>tur</strong></span> <span class='ocrx_word' id='word_1_72' title='bbox 327 1451 367 1519; x_wconf 91' lang='lat' dir='ltr'><strong>et</strong></span> <span class='ocrx_word' id='word_1_73' title='bbox 387 1442 525 1542; x_wconf 84' lang='lat' dir='ltr'><strong>saepius</strong></span> <span class='ocrx_word' id='word_1_74' title='bbox 549 1467 665 1541; x_wconf 89' lang='lat' dir='ltr'><strong>quam</strong></span> <span class='ocrx_word' id='word_1_75' title='bbox 687 1468 759 1542; x_wconf 86' lang='lat' dir='ltr'><strong>per</strong></span> <span class='ocrx_word' id='word_1_76' title='bbox 781 1441 906 1518; x_wconf 89' lang='lat' dir='ltr'><strong>aliam.</strong></span> <span class='ocrx_word' id='word_1_77' title='bbox 932 1442 989 1519; x_wconf 85' lang='lat' dir='ltr'><strong>Et</strong></span> <span class='ocrx_word' id='word_1_78' title='bbox 1011 1442 1114 1517; x_wconf 91' lang='lat' dir='ltr'><strong>unde</strong></span> <span class='ocrx_word' id='word_1_79' title='bbox 1137 1440 1325 1540; x_wconf 87' lang='lat' dir='ltr'><strong>imprimis</strong></span> <span class='ocrx_word' id='word_1_80' title='bbox 1348 1439 1557 1517; x_wconf 83' lang='lat' dir='ltr'><strong>videndum</strong></span> <span class='ocrx_word' id='word_1_81' title='bbox 1579 1449 1638 1517; x_wconf 89' lang='lat' dir='ltr'><strong>est</strong></span> <span class='ocrx_word' id='word_1_82' title='bbox 1662 1439 1755 1539; x_wconf 93' lang='lat' dir='ltr'><strong>quid</strong></span> <span class='ocrx_word' id='word_1_83' title='bbox 1779 1439 1830 1516; x_wconf 92' lang='lat' dir='ltr'><strong>sit</strong></span> 
     </span>
     <span class='ocr_line' id='line_1_9' title="bbox 239 1558 1830 1659; baseline -0.003 -22"><span class='ocrx_word' id='word_1_84' title='bbox 239 1560 408 1650; x_wconf 86' lang='lat' dir='ltr'><strong>donatio,</strong></span> <span class='ocrx_word' id='word_1_85' title='bbox 422 1560 475 1637; x_wconf 82' lang='lat' dir='ltr'><strong>et⁸</strong></span> <span class='ocrx_word' id='word_1_86' title='bbox 489 1560 653 1659; x_wconf 80' lang='lat' dir='ltr'><strong>qualiter</strong></span> <span class='ocrx_word' id='word_1_87' title='bbox 667 1559 873 1648; x_wconf 82' lang='lat' dir='ltr'><strong>dividatur,</strong></span> <span class='ocrx_word' id='word_1_88' title='bbox 888 1560 971 1658; x_wconf 90' lang='lat' dir='ltr'><strong>quis</strong></span> <span class='ocrx_word' id='word_1_89' title='bbox 986 1560 1130 1635; x_wconf 86' lang='lat' dir='ltr'><strong>donare</strong></span> <span class='ocrx_word' id='word_1_90' title='bbox 1144 1558 1277 1658; x_wconf 84' lang='lat' dir='ltr'><strong>possit,</strong></span> <span class='ocrx_word' id='word_1_91' title='bbox 1292 1567 1332 1635; x_wconf 92' lang='lat' dir='ltr'><strong>et</strong></span> <span class='ocrx_word' id='word_1_92' title='bbox 1345 1559 1429 1659; x_wconf 90' lang='lat' dir='ltr'><strong>quis</strong></span> <span class='ocrx_word' id='word_1_93' title='bbox 1444 1585 1534 1635; x_wconf 92' lang='lat' dir='ltr'><strong>non.</strong></span> <span class='ocrx_word' id='word_1_94' title='bbox 1551 1559 1655 1636; x_wconf 86' lang='lat' dir='ltr'><strong>Item</strong></span> <span class='ocrx_word' id='word_1_95' title='bbox 1669 1583 1753 1656; x_wconf 88' lang='lat' dir='ltr'><strong>quae</strong></span> <span class='ocrx_word' id='word_1_96' title='bbox 1767 1581 1830 1633; x_wconf 85' lang='lat' dir='ltr'><strong>res</strong></span> 
     </span>
     <span class='ocr_line' id='line_1_10' title="bbox 239 1676 1830 1780; baseline -0.001 -25"><span class='ocrx_word' id='word_1_97' title='bbox 239 1679 375 1755; x_wconf 86' lang='lat' dir='ltr'><strong>donari</strong></span> <span class='ocrx_word' id='word_1_98' title='bbox 390 1679 513 1780; x_wconf 86' lang='lat' dir='ltr'><strong>possit</strong></span> <span class='ocrx_word' id='word_1_99' title='bbox 527 1688 568 1756; x_wconf 90' lang='lat' dir='ltr'><strong>et</strong></span> <span class='ocrx_word' id='word_1_100' title='bbox 583 1704 667 1778; x_wconf 83' lang='lat' dir='ltr'><strong>quae</strong></span> <span class='ocrx_word' id='word_1_101' title='bbox 682 1704 772 1768; x_wconf 91' lang='lat' dir='ltr'><strong>non,</strong></span> <span class='ocrx_word' id='word_1_102' title='bbox 788 1689 827 1756; x_wconf 90' lang='lat' dir='ltr'><strong>et</strong></span> <span class='ocrx_word' id='word_1_103' title='bbox 843 1679 904 1755; x_wconf 87' lang='lat' dir='ltr'><strong>oui</strong></span> <span class='ocrx_word' id='word_1_104' title='bbox 921 1679 1004 1755; x_wconf 88' lang='lat' dir='ltr'><strong>dari</strong></span> <span class='ocrx_word' id='word_1_105' title='bbox 1020 1678 1143 1777; x_wconf 91' lang='lat' dir='ltr'><strong>possit</strong></span> <span class='ocrx_word' id='word_1_106' title='bbox 1160 1689 1199 1755; x_wconf 90' lang='lat' dir='ltr'><strong>et</strong></span> <span class='ocrx_word' id='word_1_107' title='bbox 1214 1679 1275 1754; x_wconf 92' lang='lat' dir='ltr'><strong>cui</strong></span> <span class='ocrx_word' id='word_1_108' title='bbox 1291 1703 1381 1754; x_wconf 92' lang='lat' dir='ltr'><strong>non.</strong></span> <span class='ocrx_word' id='word_1_109' title='bbox 1400 1679 1504 1755; x_wconf 91' lang='lat' dir='ltr'><strong>Item</strong></span> <span class='ocrx_word' id='word_1_110' title='bbox 1520 1701 1605 1776; x_wconf 82' lang='lat' dir='ltr'><strong>quae</strong></span> <span class='ocrx_word' id='word_1_111' title='bbox 1622 1676 1830 1775; x_wconf 85' lang='lat' dir='ltr'><strong>exigantur</strong></span> 
     </span>
    </p>
   </div>
   <div class='ocr_carea' id='block_1_4' title="bbox 237 1795 1829 4754">
    <p class='ocr_par' dir='ltr' id='par_1_4' title="bbox 237 1795 1829 3556">
     <span class='ocr_line' id='line_1_11' title="bbox 240 1795 1829 1896; baseline -0.001 -22"><span class='ocrx_word' id='word_1_112' title='bbox 240 1798 377 1874; x_wconf 84' lang='lat' dir='ltr'><strong>adhoc</strong></span> <span class='ocrx_word' id='word_1_113' title='bbox 394 1798 498 1896; x_wconf 94' lang='lat' dir='ltr'><strong>quod</strong></span> <span class='ocrx_word' id='word_1_114' title='bbox 515 1797 642 1875; x_wconf 88' lang='lat' dir='ltr'><strong>valeat</strong></span> <span class='ocrx_word' id='word_1_115' title='bbox 662 1797 829 1874; x_wconf 89' lang='lat' dir='ltr'><strong>donatio.</strong></span> <span class='ocrx_word' id='word_1_116' title='bbox 851 1799 955 1874; x_wconf 89' lang='lat' dir='ltr'><strong>Item</strong></span> <span class='ocrx_word' id='word_1_117' title='bbox 974 1797 1138 1896; x_wconf 85' lang='lat' dir='ltr'><strong>qualiter</strong></span> <span class='ocrx_word' id='word_1_118' title='bbox 1157 1797 1386 1896; x_wconf 87' lang='lat' dir='ltr'><strong>adquiratur</strong></span> <span class='ocrx_word' id='word_1_119' title='bbox 1405 1797 1603 1896; x_wconf 87' lang='lat' dir='ltr'><strong>possessio,</strong></span> <span class='ocrx_word' id='word_1_120' title='bbox 1623 1806 1662 1874; x_wconf 88' lang='lat' dir='ltr'><strong>et</strong></span> <span class='ocrx_word' id='word_1_121' title='bbox 1683 1795 1731 1872; x_wconf 88' lang='lat' dir='ltr'><strong>ab</strong></span> <span class='ocrx_word' id='word_1_122' title='bbox 1749 1821 1829 1873; x_wconf 91' lang='lat' dir='ltr'><strong>uno</strong></span> 
     </span>
     <span class='ocr_line' id='line_1_12' title="bbox 240 1916 1829 2015; baseline -0.001 -21"><span class='ocrx_word' id='word_1_123' title='bbox 240 1919 289 1994; x_wconf 88' lang='lat' dir='ltr'><strong>ad</strong></span> <span class='ocrx_word' id='word_1_124' title='bbox 309 1919 428 1995; x_wconf 91' lang='lat' dir='ltr'><strong>alium</strong></span> <span class='ocrx_word' id='word_1_125' title='bbox 445 1919 719 2006; x_wconf 82' lang='lat' dir='ltr'><strong>transferatur,</strong></span> <span class='ocrx_word' id='word_1_126' title='bbox 740 1926 779 1993; x_wconf 93' lang='lat' dir='ltr'><strong>et</strong></span> <span class='ocrx_word' id='word_1_127' title='bbox 799 1943 887 1993; x_wconf 91' lang='lat' dir='ltr'><strong>cum</strong></span> <span class='ocrx_word' id='word_1_128' title='bbox 907 1917 1026 1993; x_wconf 82' lang='lat' dir='ltr'><strong>fuerit</strong></span> <span class='ocrx_word' id='word_1_129' title='bbox 1047 1917 1240 2015; x_wconf 87' lang='lat' dir='ltr'><strong>adquisito</strong></span> <span class='ocrx_word' id='word_1_130' title='bbox 1259 1916 1424 2015; x_wconf 88' lang='lat' dir='ltr'><strong>qualiter</strong></span> <span class='ocrx_word' id='word_1_131' title='bbox 1445 1916 1659 2004; x_wconf 86' lang='lat' dir='ltr'><strong>amittatur,</strong></span> <span class='ocrx_word' id='word_1_132' title='bbox 1681 1924 1720 1993; x_wconf 89' lang='lat' dir='ltr'><strong>et</strong></span> <span class='ocrx_word' id='word_1_133' title='bbox 1741 1941 1829 1992; x_wconf 91' lang='lat' dir='ltr'><strong>cum</strong></span> 
     </span>
     <span class='ocr_line' id='line_1_13' title="bbox 239 2035 955 2136; baseline -0.004 -22"><span class='ocrx_word' id='word_1_134' title='bbox 239 2036 379 2114; x_wconf 85' lang='lat' dir='ltr'><strong>amissa</strong></span> <span class='ocrx_word' id='word_1_135' title='bbox 396 2036 516 2113; x_wconf 83' lang='lat' dir='ltr'><strong>fuerit</strong></span> <span class='ocrx_word' id='word_1_136' title='bbox 533 2036 698 2136; x_wconf 86' lang='lat' dir='ltr'><strong>qualiter</strong></span> <span class='ocrx_word' id='word_1_137' title='bbox 716 2035 955 2113; x_wconf 88' lang='lat' dir='ltr'><strong>restituatur.</strong></span> 
     </span>
     <span class='ocr_line' id='line_1_14' title="bbox 339 2155 694 2250; baseline -0.006 -17"><span class='ocrx_word' id='word_1_138' title='bbox 339 2156 448 2250; x_wconf 73' lang='lat' dir='ltr'><strong>Quid</strong></span> <span class='ocrx_word' id='word_1_139' title='bbox 460 2156 511 2233; x_wconf 82' lang='lat' dir='ltr'><strong>sit</strong></span> <span class='ocrx_word' id='word_1_140' title='bbox 526 2155 694 2234; x_wconf 62' lang='lat' dir='ltr'><strong>domno.</strong></span> 
     </span>
     <span class='ocr_line' id='line_1_15' title="bbox 238 2272 1829 2373; baseline -0.001 -22"><span class='ocrx_word' id='word_1_141' title='bbox 238 2275 322 2351; x_wconf 81' lang='lat' dir='ltr'><strong>Esr</strong></span> <span class='ocrx_word' id='word_1_142' title='bbox 340 2282 471 2351; x_wconf 88' lang='lat' dir='ltr'><strong>autem</strong></span> <span class='ocrx_word' id='word_1_143' title='bbox 491 2273 648 2350; x_wconf 91' lang='lat' dir='ltr'><strong>donatio</strong></span> <span class='ocrx_word' id='word_1_144' title='bbox 668 2274 842 2373; x_wconf 84' lang='lat' dir='ltr'><strong>quaedam</strong></span> <span class='ocrx_word' id='word_1_145' title='bbox 861 2273 1053 2349; x_wconf 89' lang='lat' dir='ltr'><strong>institutio</strong></span> <span class='ocrx_word' id='word_1_146' title='bbox 1073 2298 1156 2371; x_wconf 84' lang='lat' dir='ltr'><strong>quae</strong></span> <span class='ocrx_word' id='word_1_147' title='bbox 1175 2297 1224 2349; x_wconf 89' lang='lat' dir='ltr'><strong>ex</strong></span> <span class='ocrx_word' id='word_1_148' title='bbox 1243 2299 1350 2349; x_wconf 88' lang='lat' dir='ltr'><strong>mera</strong></span> <span class='ocrx_word' id='word_1_149' title='bbox 1370 2273 1600 2350; x_wconf 86' lang='lat' dir='ltr'><strong>liberalitate</strong></span> <span class='ocrx_word' id='word_1_150' title='bbox 1619 2272 1726 2350; x_wconf 88' lang='lat' dir='ltr'><strong>nullo</strong></span> <span class='ocrx_word' id='word_1_151' title='bbox 1746 2273 1829 2349; x_wconf 87' lang='lat' dir='ltr'><strong>iure</strong></span> 
     </span>
     <span class='ocr_line' id='line_1_16' title="bbox 237 2392 1828 2493; baseline -0.001 -23"><span class='ocrx_word' id='word_1_152' title='bbox 237 2403 398 2491; x_wconf 84' lang='lat' dir='ltr'><strong>cogente</strong></span> <span class='ocrx_word' id='word_1_153' title='bbox 417 2393 603 2493; x_wconf 87' lang='lat' dir='ltr'><strong>procedit,</strong></span> <span class='ocrx_word' id='word_1_154' title='bbox 622 2402 667 2470; x_wconf 88' lang='lat' dir='ltr'><strong>ut</strong></span> <span class='ocrx_word' id='word_1_155' title='bbox 686 2418 768 2469; x_wconf 89' lang='lat' dir='ltr'><strong>rem</strong></span> <span class='ocrx_word' id='word_1_156' title='bbox 786 2393 999 2469; x_wconf 87' lang='lat' dir='ltr'><strong>transferat</strong></span> <span class='ocrx_word' id='word_1_157' title='bbox 1019 2394 1069 2469; x_wconf 88' lang='lat' dir='ltr'><strong>ad</strong></span> <span class='ocrx_word' id='word_1_158' title='bbox 1089 2392 1217 2468; x_wconf 90' lang='lat' dir='ltr'><strong>alium.</strong></span> <span class='ocrx_word' id='word_1_159' title='bbox 1237 2392 1296 2469; x_wconf 88' lang='lat' dir='ltr'><strong>Et</strong></span> <span class='ocrx_word' id='word_1_160' title='bbox 1317 2403 1375 2469; x_wconf 90' lang='lat' dir='ltr'><strong>est</strong></span> <span class='ocrx_word' id='word_1_161' title='bbox 1394 2393 1486 2470; x_wconf 88' lang='lat' dir='ltr'><strong>dare</strong></span> <span class='ocrx_word' id='word_1_162' title='bbox 1505 2418 1589 2469; x_wconf 90' lang='lat' dir='ltr'><strong>rem</strong></span> <span class='ocrx_word' id='word_1_163' title='bbox 1608 2393 1828 2492; x_wconf 87' lang='lat' dir='ltr'><strong>accipientis</strong></span> 
     </span>
     <span class='ocr_line' id='line_1_17' title="bbox 239 2510 1828 2612; baseline 0 -24"><span class='ocrx_word' id='word_1_164' title='bbox 239 2514 367 2590; x_wconf 83' lang='lat' dir='ltr'><strong>facere</strong></span> <span class='ocrx_word' id='word_1_165' title='bbox 391 2536 479 2588; x_wconf 90' lang='lat' dir='ltr'><strong>oum</strong></span> <span class='ocrx_word' id='word_1_166' title='bbox 503 2513 659 2601; x_wconf 87' lang='lat' dir='ltr'><strong>effectu,</strong></span> <span class='ocrx_word' id='word_1_167' title='bbox 686 2511 855 2612; x_wconf 90' lang='lat' dir='ltr'><strong>alioquin</strong></span> <span class='ocrx_word' id='word_1_168' title='bbox 881 2511 1026 2588; x_wconf 92' lang='lat' dir='ltr'><strong>inutilis</strong></span> <span class='ocrx_word' id='word_1_169' title='bbox 1053 2511 1125 2589; x_wconf 91' lang='lat' dir='ltr'><strong>erit</strong></span> <span class='ocrx_word' id='word_1_170' title='bbox 1152 2510 1310 2588; x_wconf 85' lang='lat' dir='ltr'><strong>donatio</strong></span> <span class='ocrx_word' id='word_1_171' title='bbox 1337 2537 1421 2611; x_wconf 85' lang='lat' dir='ltr'><strong>quae</strong></span> <span class='ocrx_word' id='word_1_172' title='bbox 1448 2511 1591 2588; x_wconf 88' lang='lat' dir='ltr'><strong>irritari</strong></span> <span class='ocrx_word' id='word_1_173' title='bbox 1618 2511 1762 2611; x_wconf 90' lang='lat' dir='ltr'><strong>poterit</strong></span> <span class='ocrx_word' id='word_1_174' title='bbox 1789 2519 1828 2588; x_wconf 88' lang='lat' dir='ltr'><strong>et</strong></span> 
     </span>
     <span class='ocr_line' id='line_1_18' title="bbox 238 2630 1828 2731; baseline 0.001 -25"><span class='ocrx_word' id='word_1_175' title='bbox 238 2632 419 2708; x_wconf 87' lang='lat' dir='ltr'><strong>revocari.</strong></span> <span class='ocrx_word' id='word_1_176' title='bbox 438 2632 500 2708; x_wconf 95' lang='lat' dir='ltr'><strong>Ut</strong></span> <span class='ocrx_word' id='word_1_177' title='bbox 517 2631 549 2707; x_wconf 92' lang='lat' dir='ltr'><strong>si</strong></span> <span class='ocrx_word' id='word_1_178' title='bbox 567 2632 636 2708; x_wconf 88' lang='lat' dir='ltr'><strong>fiat</strong></span> <span class='ocrx_word' id='word_1_179' title='bbox 655 2632 702 2707; x_wconf 95' lang='lat' dir='ltr'><strong>de</strong></span> <span class='ocrx_word' id='word_1_180' title='bbox 719 2657 761 2707; x_wconf 92' lang='lat' dir='ltr'><strong>re</strong></span> <span class='ocrx_word' id='word_1_181' title='bbox 780 2631 915 2720; x_wconf 88' lang='lat' dir='ltr'><strong>aliena,</strong></span> <span class='ocrx_word' id='word_1_182' title='bbox 934 2631 1025 2730; x_wconf 88' lang='lat' dir='ltr'><strong>quia</strong></span> <span class='ocrx_word' id='word_1_183' title='bbox 1043 2656 1121 2706; x_wconf 91' lang='lat' dir='ltr'><strong>non</strong></span> <span class='ocrx_word' id='word_1_184' title='bbox 1139 2631 1293 2707; x_wconf 83' lang='lat' dir='ltr'><strong>videtur</strong></span> <span class='ocrx_word' id='word_1_185' title='bbox 1310 2631 1395 2730; x_wconf 87' lang='lat' dir='ltr'><strong>quis</strong></span> <span class='ocrx_word' id='word_1_186' title='bbox 1415 2630 1692 2731; x_wconf 88' lang='lat' dir='ltr'><strong>possessionem</strong></span> <span class='ocrx_word' id='word_1_187' title='bbox 1711 2632 1828 2730; x_wconf 89' lang='lat' dir='ltr'><strong>adep·</strong></span> 
     </span>
     <span class='ocr_line' id='line_1_19' title="bbox 238 2748 1828 2849; baseline 0.001 -24"><span class='ocrx_word' id='word_1_188' title='bbox 238 2757 302 2826; x_wconf 90' lang='lat' dir='ltr'><strong>tus</strong></span> <span class='ocrx_word' id='word_1_189' title='bbox 324 2749 391 2848; x_wconf 94' lang='lat' dir='ltr'><strong>qui</strong></span> <span class='ocrx_word' id='word_1_190' title='bbox 411 2775 498 2825; x_wconf 92' lang='lat' dir='ltr'><strong>eam</strong></span> <span class='ocrx_word' id='word_1_191' title='bbox 519 2749 576 2825; x_wconf 87' lang='lat' dir='ltr'><strong>ita</strong></span> <span class='ocrx_word' id='word_1_192' title='bbox 596 2757 732 2826; x_wconf 85' lang='lat' dir='ltr'><strong>nactus</strong></span> <span class='ocrx_word' id='word_1_193' title='bbox 755 2757 880 2826; x_wconf 91' lang='lat' dir='ltr'><strong>estut</strong></span> <span class='ocrx_word' id='word_1_194' title='bbox 902 2748 1008 2825; x_wconf 91' lang='lat' dir='ltr'><strong>illam</strong></span> <span class='ocrx_word' id='word_1_195' title='bbox 1029 2749 1194 2825; x_wconf 91' lang='lat' dir='ltr'><strong>retinere</strong></span> <span class='ocrx_word' id='word_1_196' title='bbox 1218 2774 1296 2825; x_wconf 93' lang='lat' dir='ltr'><strong>non</strong></span> <span class='ocrx_word' id='word_1_197' title='bbox 1318 2749 1451 2849; x_wconf 88' lang='lat' dir='ltr'><strong>possit.</strong></span> <span class='ocrx_word' id='word_1_198' title='bbox 1476 2749 1535 2826; x_wconf 85' lang='lat' dir='ltr'><strong>Et</strong></span> <span class='ocrx_word' id='word_1_199' title='bbox 1557 2760 1689 2827; x_wconf 61' lang='lat' dir='ltr'><strong>nmen</strong></span> <span class='ocrx_word' id='word_1_200' title='bbox 1712 2749 1744 2826; x_wconf 90' lang='lat' dir='ltr'><strong>si</strong></span> <span class='ocrx_word' id='word_1_201' title='bbox 1767 2775 1828 2827; x_wconf 89' lang='lat' dir='ltr'><strong>res</strong></span> 
     </span>
     <span class='ocr_line' id='line_1_20' title="bbox 238 2866 1828 2967; baseline 0.001 -24"><span class='ocrx_word' id='word_1_202' title='bbox 238 2867 362 2943; x_wconf 90' lang='lat' dir='ltr'><strong>aliena</strong></span> <span class='ocrx_word' id='word_1_203' title='bbox 380 2869 557 2956; x_wconf 92' lang='lat' dir='ltr'><strong>donetur,</strong></span> <span class='ocrx_word' id='word_1_204' title='bbox 576 2867 649 2944; x_wconf 91' lang='lat' dir='ltr'><strong>erit</strong></span> <span class='ocrx_word' id='word_1_205' title='bbox 667 2868 823 2944; x_wconf 91' lang='lat' dir='ltr'><strong>donatio</strong></span> <span class='ocrx_word' id='word_1_206' title='bbox 841 2866 969 2943; x_wconf 88' lang='lat' dir='ltr'><strong>valida</strong></span> <span class='ocrx_word' id='word_1_207' title='bbox 987 2868 1115 2967; x_wconf 85' lang='lat' dir='ltr'><strong>quoad</strong></span> <span class='ocrx_word' id='word_1_208' title='bbox 1133 2868 1290 2944; x_wconf 87' lang='lat' dir='ltr'><strong>dantem</strong></span> <span class='ocrx_word' id='word_1_209' title='bbox 1309 2875 1349 2944; x_wconf 91' lang='lat' dir='ltr'><strong>et</strong></span> <span class='ocrx_word' id='word_1_210' title='bbox 1367 2869 1495 2967; x_wconf 88' lang='lat' dir='ltr'><strong>quoad</strong></span> <span class='ocrx_word' id='word_1_211' title='bbox 1513 2867 1759 2967; x_wconf 90' lang='lat' dir='ltr'><strong>incipientem</strong></span> <span class='ocrx_word' id='word_1_212' title='bbox 1779 2868 1828 2945; x_wconf 88' lang='lat' dir='ltr'><strong>ab</strong></span> 
     </span>
     <span class='ocr_line' id='line_1_21' title="bbox 237 2986 1828 3086; baseline 0.002 -24"><span class='ocrx_word' id='word_1_213' title='bbox 237 2986 358 3075; x_wconf 92' lang='lat' dir='ltr'><strong>initio,</strong></span> <span class='ocrx_word' id='word_1_214' title='bbox 373 2987 462 3065; x_wconf 85' lang='lat' dir='ltr'><strong>licet</strong></span> <span class='ocrx_word' id='word_1_215' title='bbox 477 2987 646 3063; x_wconf 90' lang='lat' dir='ltr'><strong>invalida</strong></span> <span class='ocrx_word' id='word_1_216' title='bbox 661 2987 710 3063; x_wconf 93' lang='lat' dir='ltr'><strong>sit</strong></span> <span class='ocrx_word' id='word_1_217' title='bbox 727 2995 916 3085; x_wconf 88' lang='lat' dir='ltr'><strong>quantum</strong></span> <span class='ocrx_word' id='word_1_218' title='bbox 933 2987 982 3062; x_wconf 88' lang='lat' dir='ltr'><strong>ad</strong></span> <span class='ocrx_word' id='word_1_219' title='bbox 998 3011 1132 3063; x_wconf 89' lang='lat' dir='ltr'><strong>verum</strong></span> <span class='ocrx_word' id='word_1_220' title='bbox 1148 2986 1346 3063; x_wconf 90' lang='lat' dir='ltr'><strong>dominum</strong></span> <span class='ocrx_word' id='word_1_221' title='bbox 1363 2996 1402 3064; x_wconf 91' lang='lat' dir='ltr'><strong>et</strong></span> <span class='ocrx_word' id='word_1_222' title='bbox 1418 2986 1527 3064; x_wconf 90' lang='lat' dir='ltr'><strong>illum</strong></span> <span class='ocrx_word' id='word_1_223' title='bbox 1544 2987 1610 3086; x_wconf 91' lang='lat' dir='ltr'><strong>qui</strong></span> <span class='ocrx_word' id='word_1_224' title='bbox 1625 2987 1684 3064; x_wconf 91' lang='lat' dir='ltr'><strong>ius</strong></span> <span class='ocrx_word' id='word_1_225' title='bbox 1701 2987 1828 3076; x_wconf 87' lang='lat' dir='ltr'><strong>habet,</strong></span> 
     </span>
     <span class='ocr_line' id='line_1_22' title="bbox 238 3104 1828 3206; baseline 0 -24"><span class='ocrx_word' id='word_1_226' title='bbox 238 3131 332 3203; x_wconf 85' lang='lat' dir='ltr'><strong>erga</strong></span> <span class='ocrx_word' id='word_1_227' title='bbox 357 3131 471 3204; x_wconf 92' lang='lat' dir='ltr'><strong>quem</strong></span> <span class='ocrx_word' id='word_1_228' title='bbox 496 3105 602 3181; x_wconf 92' lang='lat' dir='ltr'><strong>nullo</strong></span> <span class='ocrx_word' id='word_1_229' title='bbox 627 3114 802 3204; x_wconf 87' lang='lat' dir='ltr'><strong>tempore</strong></span> <span class='ocrx_word' id='word_1_230' title='bbox 827 3104 900 3182; x_wconf 92' lang='lat' dir='ltr'><strong>erit</strong></span> <span class='ocrx_word' id='word_1_231' title='bbox 924 3104 1064 3194; x_wconf 87' lang='lat' dir='ltr'><strong>valida,</strong></span> <span class='ocrx_word' id='word_1_232' title='bbox 1090 3105 1163 3182; x_wconf 92' lang='lat' dir='ltr'><strong>nisi</strong></span> <span class='ocrx_word' id='word_1_233' title='bbox 1188 3130 1259 3204; x_wconf 91' lang='lat' dir='ltr'><strong>per</strong></span> <span class='ocrx_word' id='word_1_234' title='bbox 1284 3105 1615 3183; x_wconf 89' lang='lat' dir='ltr'><strong>confirmationem</strong></span> <span class='ocrx_word' id='word_1_235' title='bbox 1640 3105 1734 3183; x_wconf 63' lang='lat' dir='ltr'><strong>eius*</strong></span> <span class='ocrx_word' id='word_1_236' title='bbox 1762 3106 1828 3206; x_wconf 93' lang='lat' dir='ltr'><strong>qui</strong></span> 
     </span>
     <span class='ocr_line' id='line_1_23' title="bbox 237 3222 1828 3324; baseline 0.002 -24"><span class='ocrx_word' id='word_1_237' title='bbox 237 3224 344 3301; x_wconf 92' lang='lat' dir='ltr'><strong>illam</strong></span> <span class='ocrx_word' id='word_1_238' title='bbox 359 3223 569 3300; x_wconf 78' lang='lat' dir='ltr'><strong>infirmare⁸</strong></span> <span class='ocrx_word' id='word_1_239' title='bbox 586 3224 741 3324; x_wconf 87' lang='lat' dir='ltr'><strong>poterit,</strong></span> <span class='ocrx_word' id='word_1_240' title='bbox 759 3222 900 3301; x_wconf 90' lang='lat' dir='ltr'><strong>scilicet</strong></span> <span class='ocrx_word' id='word_1_241' title='bbox 916 3225 996 3300; x_wconf 90' lang='lat' dir='ltr'><strong>veri</strong></span> <span class='ocrx_word' id='word_1_242' title='bbox 1013 3225 1156 3301; x_wconf 92' lang='lat' dir='ltr'><strong>domini</strong></span> <span class='ocrx_word' id='word_1_243' title='bbox 1174 3225 1235 3301; x_wconf 90' lang='lat' dir='ltr'><strong>vel</strong></span> <span class='ocrx_word' id='word_1_244' title='bbox 1252 3224 1333 3302; x_wconf 89' lang='lat' dir='ltr'><strong>eius</strong></span> <span class='ocrx_word' id='word_1_245' title='bbox 1350 3225 1510 3314; x_wconf 90' lang='lat' dir='ltr'><strong>heredis,</strong></span> <span class='ocrx_word' id='word_1_246' title='bbox 1528 3225 1589 3302; x_wconf 90' lang='lat' dir='ltr'><strong>vel</strong></span> <span class='ocrx_word' id='word_1_247' title='bbox 1606 3250 1678 3324; x_wconf 86' lang='lat' dir='ltr'><strong>per</strong></span> <span class='ocrx_word' id='word_1_248' title='bbox 1695 3251 1828 3303; x_wconf 90' lang='lat' dir='ltr'><strong>eorum</strong></span> 
     </span>
     <span class='ocr_line' id='line_1_24' title="bbox 237 3331 1827 3442; baseline 0.001 -23"><span class='ocrx_word' id='word_1_249' title='bbox 237 3342 557 3431; x_wconf 88' lang='lat' dir='ltr'><strong>ratihabitionem,</strong></span> <span class='ocrx_word' id='word_1_250' title='bbox 578 3344 638 3419; x_wconf 89' lang='lat' dir='ltr'><strong>vel</strong></span> <span class='ocrx_word' id='word_1_251' title='bbox 658 3368 729 3442; x_wconf 90' lang='lat' dir='ltr'><strong>per</strong></span> <span class='ocrx_word' id='word_1_252' title='bbox 747 3368 903 3419; x_wconf 92' lang='lat' dir='ltr'><strong>cursum</strong></span> <span class='ocrx_word' id='word_1_253' title='bbox 921 3344 1119 3442; x_wconf 87' lang='lat' dir='ltr'><strong>temporis,</strong></span> <span class='ocrx_word' id='word_1_254' title='bbox 1140 3345 1243 3442; x_wconf 93' lang='lat' dir='ltr'><strong>quod</strong></span> <span class='ocrx_word' id='word_1_255' title='bbox 1264 3369 1417 3419; x_wconf 90' lang='lat' dir='ltr'><strong>omnem</strong></span> <span class='ocrx_word' id='word_1_256' title='bbox 1437 3344 1606 3421; x_wconf 87' lang='lat' dir='ltr'><strong>excludit</strong></span> <span class='ocrx_word' id='word_1_257' title='bbox 1627 3331 1827 3421; x_wconf 85' lang='lat' dir='ltr'><strong>actionem.</strong></span> 
     </span>
     <span class='ocr_line' id='line_1_25' title="bbox 339 3461 913 3556; baseline 0.002 -18"><span class='ocrx_word' id='word_1_258' title='bbox 339 3461 518 3556; x_wconf 76' lang='lat' dir='ltr'><strong>Qualiter</strong></span> <span class='ocrx_word' id='word_1_259' title='bbox 532 3462 690 3540; x_wconf 80' lang='lat' dir='ltr'><strong>donatio</strong></span> <span class='ocrx_word' id='word_1_260' title='bbox 706 3461 913 3540; x_wconf 75' lang='lat' dir='ltr'><strong>dividatur.</strong></span> 
     </span>
    </p>

    <p class='ocr_par' dir='ltr' id='par_1_5' title="bbox 237 3579 1829 4754">
     <span class='ocr_line' id='line_1_26' title="bbox 237 3579 1827 3681; baseline 0.003 -25"><span class='ocrx_word' id='word_1_261' title='bbox 237 3579 487 3657; x_wconf 76' lang='lat' dir='ltr'><strong>annnom&#39;</strong></span> <span class='ocrx_word' id='word_1_262' title='bbox 511 3580 676 3679; x_wconf 87' lang='lat' dir='ltr'><strong>qualiter</strong></span> <span class='ocrx_word' id='word_1_263' title='bbox 700 3580 857 3657; x_wconf 87' lang='lat' dir='ltr'><strong>donatio</strong></span> <span class='ocrx_word' id='word_1_264' title='bbox 880 3580 1086 3658; x_wconf 87' lang='lat' dir='ltr'><strong>dividatur.</strong></span> <span class='ocrx_word' id='word_1_265' title='bbox 1111 3580 1314 3657; x_wconf 89' lang='lat' dir='ltr'><strong>Dividitur</strong></span> <span class='ocrx_word' id='word_1_266' title='bbox 1338 3591 1468 3659; x_wconf 88' lang='lat' dir='ltr'><strong>autem</strong></span> <span class='ocrx_word' id='word_1_267' title='bbox 1493 3583 1556 3671; x_wconf 91' lang='lat' dir='ltr'><strong>sic,</strong></span> <span class='ocrx_word' id='word_1_268' title='bbox 1582 3583 1685 3681; x_wconf 94' lang='lat' dir='ltr'><strong>quod</strong></span> <span class='ocrx_word' id='word_1_269' title='bbox 1710 3584 1827 3661; x_wconf 86' lang='lat' dir='ltr'><strong>dona·</strong></span> 
     </span>
     <span class='ocr_line' id='line_1_27' title="bbox 237 3699 1828 3792; baseline 0.003 -16"><span class='ocrx_word' id='word_1_270' title='bbox 237 3699 387 3777; x_wconf 90' lang='lat' dir='ltr'><strong>tionum</strong></span> <span class='ocrx_word' id='word_1_271' title='bbox 404 3700 480 3776; x_wconf 88' lang='lat' dir='ltr'><strong>alia</strong></span> <span class='ocrx_word' id='word_1_272' title='bbox 497 3701 597 3777; x_wconf 88' lang='lat' dir='ltr'><strong>inter</strong></span> <span class='ocrx_word' id='word_1_273' title='bbox 614 3701 732 3789; x_wconf 89' lang='lat' dir='ltr'><strong>vivos,</strong></span> <span class='ocrx_word' id='word_1_274' title='bbox 750 3699 825 3775; x_wconf 88' lang='lat' dir='ltr'><strong>alia</strong></span> <span class='ocrx_word' id='word_1_275' title='bbox 842 3701 977 3776; x_wconf 90' lang='lat' dir='ltr'><strong>mortis</strong></span> <span class='ocrx_word' id='word_1_276' title='bbox 995 3725 1122 3789; x_wconf 85' lang='lat' dir='ltr'><strong>causa,</strong></span> <span class='ocrx_word' id='word_1_277' title='bbox 1142 3700 1239 3777; x_wconf 92' lang='lat' dir='ltr'><strong>sicut</strong></span> <span class='ocrx_word' id='word_1_278' title='bbox 1258 3724 1440 3777; x_wconf 86' lang='lat' dir='ltr'><strong>excausa</strong></span> <span class='ocrx_word' id='word_1_279' title='bbox 1458 3703 1759 3792; x_wconf 88' lang='lat' dir='ltr'><strong>testamentaria,</strong></span> <span class='ocrx_word' id='word_1_280' title='bbox 1780 3703 1828 3780; x_wconf 92' lang='lat' dir='ltr'><strong>de</strong></span> 
     </span>
     <span class='ocr_line' id='line_1_28' title="bbox 237 3817 1829 3920; baseline 0.002 -26"><span class='ocrx_word' id='word_1_281' title='bbox 237 3843 315 3917; x_wconf 92' lang='lat' dir='ltr'><strong>qua</strong></span> <span class='ocrx_word' id='word_1_282' title='bbox 335 3817 497 3895; x_wconf 82' lang='lat' dir='ltr'><strong>inferius</strong></span> <span class='ocrx_word' id='word_1_283' title='bbox 519 3819 677 3895; x_wconf 90' lang='lat' dir='ltr'><strong>dicetur.</strong></span> <span class='ocrx_word' id='word_1_284' title='bbox 702 3820 806 3895; x_wconf 91' lang='lat' dir='ltr'><strong>Item</strong></span> <span class='ocrx_word' id='word_1_285' title='bbox 826 3818 1078 3896; x_wconf 88' lang='lat' dir='ltr'><strong>donationum</strong></span> <span class='ocrx_word' id='word_1_286' title='bbox 1099 3819 1175 3896; x_wconf 85' lang='lat' dir='ltr'><strong>alia</strong></span> <span class='ocrx_word' id='word_1_287' title='bbox 1197 3819 1360 3918; x_wconf 87' lang='lat' dir='ltr'><strong>simplex</strong></span> <span class='ocrx_word' id='word_1_288' title='bbox 1382 3829 1423 3896; x_wconf 91' lang='lat' dir='ltr'><strong>et</strong></span> <span class='ocrx_word' id='word_1_289' title='bbox 1445 3845 1557 3920; x_wconf 85' lang='lat' dir='ltr'><strong>pura,</strong></span> <span class='ocrx_word' id='word_1_290' title='bbox 1580 3820 1722 3898; x_wconf 89' lang='lat' dir='ltr'><strong>seilicet</strong></span> <span class='ocrx_word' id='word_1_291' title='bbox 1745 3846 1829 3920; x_wconf 76' lang='lat' dir='ltr'><strong>qua</strong></span> 
     </span>
     <span class='ocr_line' id='line_1_29' title="bbox 238 3937 1827 4037; baseline 0.002 -24"><span class='ocrx_word' id='word_1_292' title='bbox 238 3939 345 4014; x_wconf 91' lang='lat' dir='ltr'><strong>nullo</strong></span> <span class='ocrx_word' id='word_1_293' title='bbox 371 3937 454 4015; x_wconf 88' lang='lat' dir='ltr'><strong>iure</strong></span> <span class='ocrx_word' id='word_1_294' title='bbox 480 3938 580 4014; x_wconf 86' lang='lat' dir='ltr'><strong>civili</strong></span> <span class='ocrx_word' id='word_1_295' title='bbox 606 3938 668 4014; x_wconf 89' lang='lat' dir='ltr'><strong>vel</strong></span> <span class='ocrx_word' id='word_1_296' title='bbox 693 3937 864 4014; x_wconf 79' lang='lat' dir='ltr'><strong>natinali</strong></span> <span class='ocrx_word' id='word_1_297' title='bbox 890 3946 1064 4036; x_wconf 81' lang='lat' dir='ltr'><strong>cogente,</strong></span> <span class='ocrx_word' id='word_1_298' title='bbox 1091 3938 1199 4014; x_wconf 91' lang='lat' dir='ltr'><strong>nullo</strong></span> <span class='ocrx_word' id='word_1_299' title='bbox 1227 3937 1391 4037; x_wconf 86' lang='lat' dir='ltr'><strong>pretio,²⁰</strong></span> <span class='ocrx_word' id='word_1_300' title='bbox 1420 3947 1527 4015; x_wconf 88' lang='lat' dir='ltr'><strong>metu</strong></span> <span class='ocrx_word' id='word_1_301' title='bbox 1555 3940 1616 4016; x_wconf 90' lang='lat' dir='ltr'><strong>vel</strong></span> <span class='ocrx_word' id='word_1_302' title='bbox 1644 3941 1682 4015; x_wconf 89' lang='lat' dir='ltr'><strong>vi</strong></span> <span class='ocrx_word' id='word_1_303' title='bbox 1710 3941 1827 4017; x_wconf 90' lang='lat' dir='ltr'><strong>inter-</strong></span> 
     </span>
     <span class='ocr_line' id='line_1_30' title="bbox 237 4056 1828 4157; baseline 0.003 -25"><span class='ocrx_word' id='word_1_304' title='bbox 237 4058 424 4146; x_wconf 83' lang='lat' dir='ltr'><strong>veniente,</strong></span> <span class='ocrx_word' id='word_1_305' title='bbox 439 4083 487 4134; x_wconf 90' lang='lat' dir='ltr'><strong>ex</strong></span> <span class='ocrx_word' id='word_1_306' title='bbox 500 4083 607 4133; x_wconf 89' lang='lat' dir='ltr'><strong>mera</strong></span> <span class='ocrx_word' id='word_1_307' title='bbox 622 4067 660 4134; x_wconf 91' lang='lat' dir='ltr'><strong>et</strong></span> <span class='ocrx_word' id='word_1_308' title='bbox 674 4057 847 4155; x_wconf 84' lang='lat' dir='ltr'><strong>gratuita</strong></span> <span class='ocrx_word' id='word_1_309' title='bbox 861 4056 1090 4133; x_wconf 90' lang='lat' dir='ltr'><strong>liberalitate</strong></span> <span class='ocrx_word' id='word_1_310' title='bbox 1104 4057 1283 4134; x_wconf 90' lang='lat' dir='ltr'><strong>donantis</strong></span> <span class='ocrx_word' id='word_1_311' title='bbox 1299 4058 1484 4157; x_wconf 90' lang='lat' dir='ltr'><strong>procedit,</strong></span> <span class='ocrx_word' id='word_1_312' title='bbox 1500 4069 1540 4135; x_wconf 90' lang='lat' dir='ltr'><strong>et</strong></span> <span class='ocrx_word' id='word_1_313' title='bbox 1554 4058 1647 4134; x_wconf 88' lang='lat' dir='ltr'><strong>ubi²¹</strong></span> <span class='ocrx_word' id='word_1_314' title='bbox 1663 4060 1705 4134; x_wconf 92' lang='lat' dir='ltr'><strong>in</strong></span> <span class='ocrx_word' id='word_1_315' title='bbox 1719 4059 1828 4136; x_wconf 92' lang='lat' dir='ltr'><strong>nullo</strong></span> 
     </span>
     <span class='ocr_line' id='line_1_31' title="bbox 237 4174 1827 4276; baseline 0.002 -25"><span class='ocrx_word' id='word_1_316' title='bbox 237 4200 328 4253; x_wconf 88' lang='lat' dir='ltr'><strong>casu</strong></span> <span class='ocrx_word' id='word_1_317' title='bbox 342 4175 434 4253; x_wconf 84' lang='lat' dir='ltr'><strong>velit</strong></span> <span class='ocrx_word' id='word_1_318' title='bbox 447 4175 613 4253; x_wconf 88' lang='lat' dir='ltr'><strong>donator</strong></span> <span class='ocrx_word' id='word_1_319' title='bbox 627 4176 678 4253; x_wconf 90' lang='lat' dir='ltr'><strong>ad</strong></span> <span class='ocrx_word' id='word_1_320' title='bbox 692 4200 732 4252; x_wconf 92' lang='lat' dir='ltr'><strong>se</strong></span> <span class='ocrx_word' id='word_1_321' title='bbox 745 4176 886 4252; x_wconf 89' lang='lat' dir='ltr'><strong>reverti</strong></span> <span class='ocrx_word' id='word_1_322' title='bbox 900 4174 1031 4274; x_wconf 87' lang='lat' dir='ltr'><strong>quod²¹</strong></span> <span class='ocrx_word' id='word_1_323' title='bbox 1046 4176 1163 4264; x_wconf 91' lang='lat' dir='ltr'><strong>dedit,</strong></span> <span class='ocrx_word' id='word_1_324' title='bbox 1178 4174 1267 4252; x_wconf 84' lang='lat' dir='ltr'><strong>vel²⁸</strong></span> <span class='ocrx_word' id='word_1_325' title='bbox 1283 4177 1387 4275; x_wconf 93' lang='lat' dir='ltr'><strong>quod</strong></span> <span class='ocrx_word' id='word_1_326' title='bbox 1402 4175 1470 4253; x_wconf 80' lang='lat' dir='ltr'><strong>se¹⁴</strong></span> <span class='ocrx_word' id='word_1_327' title='bbox 1484 4176 1669 4254; x_wconf 87' lang='lat' dir='ltr'><strong>datumm</strong></span> <span class='ocrx_word' id='word_1_328' title='bbox 1685 4177 1827 4276; x_wconf 91' lang='lat' dir='ltr'><strong>promi·</strong></span> 
     </span>
     <span class='ocr_line' id='line_1_32' title="bbox 237 4295 1825 4394; baseline 0.002 -23"><span class='ocrx_word' id='word_1_329' title='bbox 237 4295 299 4385; x_wconf 87' lang='lat' dir='ltr'><strong>sit,</strong></span> <span class='ocrx_word' id='word_1_330' title='bbox 313 4296 392 4372; x_wconf 87' lang='lat' dir='ltr'><strong>sive</strong></span> <span class='ocrx_word' id='word_1_331' title='bbox 404 4295 475 4371; x_wconf 86' lang='lat' dir='ltr'><strong>fiat</strong></span> <span class='ocrx_word' id='word_1_332' title='bbox 489 4295 646 4372; x_wconf 89' lang='lat' dir='ltr'><strong>donatio</strong></span> <span class='ocrx_word' id='word_1_333' title='bbox 660 4320 758 4394; x_wconf 91' lang='lat' dir='ltr'><strong>pure</strong></span> <span class='ocrx_word' id='word_1_334' title='bbox 773 4295 850 4372; x_wconf 89' lang='lat' dir='ltr'><strong>sive</strong></span> <span class='ocrx_word' id='word_1_335' title='bbox 864 4295 904 4370; x_wconf 93' lang='lat' dir='ltr'><strong>in</strong></span> <span class='ocrx_word' id='word_1_336' title='bbox 918 4295 1030 4384; x_wconf 91' lang='lat' dir='ltr'><strong>diem,</strong></span> <span class='ocrx_word' id='word_1_337' title='bbox 1046 4295 1118 4372; x_wconf 88' lang='lat' dir='ltr'><strong>nisi</strong></span> <span class='ocrx_word' id='word_1_338' title='bbox 1134 4296 1203 4372; x_wconf 90' lang='lat' dir='ltr'><strong>fiat</strong></span> <span class='ocrx_word' id='word_1_339' title='bbox 1219 4295 1289 4371; x_wconf 88' lang='lat' dir='ltr'><strong>sub</strong></span> <span class='ocrx_word' id='word_1_340' title='bbox 1304 4295 1523 4372; x_wconf 89' lang='lat' dir='ltr'><strong>condicione</strong></span> <span class='ocrx_word' id='word_1_341' title='bbox 1538 4296 1599 4372; x_wconf 89' lang='lat' dir='ltr'><strong>vel</strong></span> <span class='ocrx_word' id='word_1_342' title='bbox 1614 4296 1684 4373; x_wconf 91' lang='lat' dir='ltr'><strong>sub</strong></span> <span class='ocrx_word' id='word_1_343' title='bbox 1699 4297 1825 4374; x_wconf 91' lang='lat' dir='ltr'><strong>modo.</strong></span> 
     </span>
     <span class='ocr_line' id='line_1_33' title="bbox 239 4413 1828 4515; baseline 0.001 -24"><span class='ocrx_word' id='word_1_344' title='bbox 239 4414 344 4491; x_wconf 88' lang='lat' dir='ltr'><strong>Item</strong></span> <span class='ocrx_word' id='word_1_345' title='bbox 362 4414 439 4491; x_wconf 83' lang='lat' dir='ltr'><strong>alia</strong></span> <span class='ocrx_word' id='word_1_346' title='bbox 458 4415 504 4491; x_wconf 87' lang='lat' dir='ltr'><strong>fit</strong></span> <span class='ocrx_word' id='word_1_347' title='bbox 524 4413 573 4490; x_wconf 94' lang='lat' dir='ltr'><strong>ob</strong></span> <span class='ocrx_word' id='word_1_348' title='bbox 593 4439 759 4503; x_wconf 88' lang='lat' dir='ltr'><strong>causam,</strong></span> <span class='ocrx_word' id='word_1_349' title='bbox 780 4413 846 4490; x_wconf 94' lang='lat' dir='ltr'><strong>ubi</strong></span> <span class='ocrx_word' id='word_1_350' title='bbox 866 4413 1007 4490; x_wconf 89' lang='lat' dir='ltr'><strong>scilicet</strong></span> <span class='ocrx_word' id='word_1_351' title='bbox 1027 4438 1143 4490; x_wconf 87' lang='lat' dir='ltr'><strong>causa</strong></span> <span class='ocrx_word' id='word_1_352' title='bbox 1163 4414 1423 4513; x_wconf 89' lang='lat' dir='ltr'><strong>interponitur</strong></span> <span class='ocrx_word' id='word_1_353' title='bbox 1444 4424 1489 4492; x_wconf 93' lang='lat' dir='ltr'><strong>ut</strong></span> <span class='ocrx_word' id='word_1_354' title='bbox 1510 4415 1654 4515; x_wconf 91' lang='lat' dir='ltr'><strong>aliquid</strong></span> <span class='ocrx_word' id='word_1_355' title='bbox 1676 4416 1745 4493; x_wconf 87' lang='lat' dir='ltr'><strong>liat</strong></span> <span class='ocrx_word' id='word_1_356' title='bbox 1767 4417 1828 4495; x_wconf 90' lang='lat' dir='ltr'><strong>vel</strong></span> 
     </span>
     <span class='ocr_line' id='line_1_34' title="bbox 237 4531 1828 4633; baseline 0.003 -25"><span class='ocrx_word' id='word_1_357' title='bbox 237 4557 317 4610; x_wconf 93' lang='lat' dir='ltr'><strong>non</strong></span> <span class='ocrx_word' id='word_1_358' title='bbox 332 4533 414 4622; x_wconf 89' lang='lat' dir='ltr'><strong>fiat,</strong></span> <span class='ocrx_word' id='word_1_359' title='bbox 430 4533 471 4608; x_wconf 91' lang='lat' dir='ltr'><strong>in</strong></span> <span class='ocrx_word' id='word_1_360' title='bbox 488 4536 606 4632; x_wconf 86' lang='lat' dir='ltr'><strong>quam</strong></span> <span class='ocrx_word' id='word_1_361' title='bbox 621 4531 814 4633; x_wconf 80' lang='lat' dir='ltr'><strong>speciem¹⁸</strong></span> <span class='ocrx_word' id='word_1_362' title='bbox 831 4533 934 4610; x_wconf 88' lang='lat' dir='ltr'><strong>cadit</strong></span> <span class='ocrx_word' id='word_1_363' title='bbox 951 4533 1107 4610; x_wconf 84' lang='lat' dir='ltr'><strong>donatio</strong></span> <span class='ocrx_word' id='word_1_364' title='bbox 1125 4558 1240 4609; x_wconf 90' lang='lat' dir='ltr'><strong>causa</strong></span> <span class='ocrx_word' id='word_1_365' title='bbox 1257 4533 1357 4611; x_wconf 88' lang='lat' dir='ltr'><strong>dotis</strong></span> <span class='ocrx_word' id='word_1_366' title='bbox 1374 4534 1435 4610; x_wconf 89' lang='lat' dir='ltr'><strong>vel</strong></span> <span class='ocrx_word' id='word_1_367' title='bbox 1453 4533 1596 4611; x_wconf 80' lang='lat' dir='ltr'><strong>oausa²⁰</strong></span> <span class='ocrx_word' id='word_1_368' title='bbox 1614 4536 1749 4612; x_wconf 90' lang='lat' dir='ltr'><strong>mortis</strong></span> <span class='ocrx_word' id='word_1_369' title='bbox 1766 4535 1828 4612; x_wconf 87' lang='lat' dir='ltr'><strong>vel</strong></span> 
     </span>
     <span class='ocr_line' id='line_1_35' title="bbox 237 4651 1828 4754; baseline 0.003 -27"><span class='ocrx_word' id='word_1_370' title='bbox 237 4651 466 4729; x_wconf 89' lang='lat' dir='ltr'><strong>huiusmodi.</strong></span> <span class='ocrx_word' id='word_1_371' title='bbox 480 4652 542 4729; x_wconf 88' lang='lat' dir='ltr'><strong>Ut</strong></span> <span class='ocrx_word' id='word_1_372' title='bbox 556 4652 587 4730; x_wconf 93' lang='lat' dir='ltr'><strong>si</strong></span> <span class='ocrx_word' id='word_1_373' title='bbox 603 4651 687 4751; x_wconf 91' lang='lat' dir='ltr'><strong>quis</strong></span> <span class='ocrx_word' id='word_1_374' title='bbox 702 4677 748 4728; x_wconf 93' lang='lat' dir='ltr'><strong>ea</strong></span> <span class='ocrx_word' id='word_1_375' title='bbox 761 4661 889 4728; x_wconf 91' lang='lat' dir='ltr'><strong>mente</strong></span> <span class='ocrx_word' id='word_1_376' title='bbox 904 4651 1064 4740; x_wconf 89' lang='lat' dir='ltr'><strong>dederit,</strong></span> <span class='ocrx_word' id='word_1_377' title='bbox 1079 4662 1124 4729; x_wconf 90' lang='lat' dir='ltr'><strong>ut</strong></span> <span class='ocrx_word' id='word_1_378' title='bbox 1138 4661 1231 4730; x_wconf 92' lang='lat' dir='ltr'><strong>tunc</strong></span> <span class='ocrx_word' id='word_1_379' title='bbox 1246 4653 1403 4730; x_wconf 90' lang='lat' dir='ltr'><strong>demum</strong></span> <span class='ocrx_word' id='word_1_380' title='bbox 1417 4654 1488 4731; x_wconf 87' lang='lat' dir='ltr'><strong>fiat</strong></span> <span class='ocrx_word' id='word_1_381' title='bbox 1504 4655 1723 4754; x_wconf 88' lang='lat' dir='ltr'><strong>accipientis</strong></span> <span class='ocrx_word' id='word_1_382' title='bbox 1740 4679 1828 4732; x_wconf 89' lang='lat' dir='ltr'><strong>cum</strong></span> 
     </span>
    </p>
   </div>
   <div class='ocr_carea' id='block_1_5' title="bbox 238 4869 1827 5460">
    <p class='ocr_par' dir='ltr' id='par_1_6' title="bbox 238 4869 1827 5460">
     <span class='ocr_line' id='line_1_36' title="bbox 321 4869 1827 4953; baseline 0.001 -19"><span class='ocrx_word' id='word_1_383' title='bbox 321 4871 502 4947; x_wconf 85' lang='lat' dir='ltr'><strong>²dicnntnr,</strong></span> <span class='ocrx_word' id='word_1_384' title='bbox 524 4873 563 4948; x_wconf 91' lang='lat' dir='ltr'><strong>V,</strong></span> <span class='ocrx_word' id='word_1_385' title='bbox 586 4871 664 4948; x_wconf 89' lang='lat' dir='ltr'><strong>MG,</strong></span> <span class='ocrx_word' id='word_1_386' title='bbox 688 4872 763 4947; x_wconf 89' lang='lat' dir='ltr'><strong>CM,</strong></span> <span class='ocrx_word' id='word_1_387' title='bbox 786 4871 860 4946; x_wconf 91' lang='lat' dir='ltr'><strong>MC,</strong></span> <span class='ocrx_word' id='word_1_388' title='bbox 884 4871 958 4945; x_wconf 89' lang='lat' dir='ltr'><strong>HA,</strong></span> <span class='ocrx_word' id='word_1_389' title='bbox 980 4871 1057 4932; x_wconf 81' lang='lat' dir='ltr'><strong>Aac.</strong></span> <span class='ocrx_word' id='word_1_390' title='bbox 1102 4869 1173 4946; x_wconf 66' lang='grc' dir='ltr'><strong>ἐι,</strong></span> <span class='ocrx_word' id='word_1_391' title='bbox 1196 4873 1266 4948; x_wconf 87' lang='grc' dir='ltr'><strong>ΟΒ,</strong></span> <span class='ocrx_word' id='word_1_392' title='bbox 1290 4873 1357 4934; x_wconf 92' lang='lat' dir='ltr'><strong>MA</strong></span> <span class='ocrx_word' id='word_1_393' title='bbox 1384 4873 1479 4950; x_wconf 86' lang='lat' dir='ltr'><strong>(corr.</strong></span> <span class='ocrx_word' id='word_1_394' title='bbox 1505 4874 1587 4953; x_wconf 84' lang='lat' dir='ltr'><strong>eas).</strong></span> <span class='ocrx_word' id='word_1_395' title='bbox 1632 4872 1827 4950; x_wconf 66' lang='lat' dir='ltr'><strong>‘consutus</strong></span> 
     </span>
     <span class='ocr_line' id='line_1_37' title="bbox 238 4972 1827 5051; baseline 0.003 -17"><span class='ocrx_word' id='word_1_396' title='bbox 238 4973 317 5049; x_wconf 88' lang='lat' dir='ltr'><strong>MG,</strong></span> <span class='ocrx_word' id='word_1_397' title='bbox 339 4974 412 5035; x_wconf 90' lang='lat' dir='ltr'><strong>CM.</strong></span> <span class='ocrx_word' id='word_1_398' title='bbox 456 4973 697 5049; x_wconf 80' lang='lat' dir='ltr'><strong>‘admittantur,</strong></span> <span class='ocrx_word' id='word_1_399' title='bbox 719 4973 789 5048; x_wconf 92' lang='lat' dir='ltr'><strong>OB,</strong></span> <span class='ocrx_word' id='word_1_400' title='bbox 811 4973 893 5046; x_wconf 89' lang='lat' dir='ltr'><strong>MA;</strong></span> <span class='ocrx_word' id='word_1_401' title='bbox 915 4972 1131 5047; x_wconf 84' lang='lat' dir='ltr'><strong>admittantur,</strong></span> <span class='ocrx_word' id='word_1_402' title='bbox 1154 4974 1236 5047; x_wconf 85' lang='lat' dir='ltr'><strong>MB;</strong></span> <span class='ocrx_word' id='word_1_403' title='bbox 1259 4977 1452 5051; x_wconf 82' lang='lat' dir='ltr'><strong>amittuntur,</strong></span> <span class='ocrx_word' id='word_1_404' title='bbox 1476 4975 1515 5049; x_wconf 92' lang='lat' dir='ltr'><strong>V,</strong></span> <span class='ocrx_word' id='word_1_405' title='bbox 1539 4975 1579 5051; x_wconf 91' lang='lat' dir='ltr'><strong>Y,</strong></span> <span class='ocrx_word' id='word_1_406' title='bbox 1604 4975 1677 5038; x_wconf 89' lang='lat' dir='ltr'><strong>MC.</strong></span> <span class='ocrx_word' id='word_1_407' title='bbox 1722 4975 1827 5051; x_wconf 80' lang='lat' dir='ltr'><strong>⁵Om,</strong></span> 
     </span>
     <span class='ocr_line' id='line_1_38' title="bbox 238 5071 1826 5154; baseline 0.001 -17"><span class='ocrx_word' id='word_1_408' title='bbox 238 5075 307 5150; x_wconf 87' lang='lat' dir='ltr'><strong>OB,</strong></span> <span class='ocrx_word' id='word_1_409' title='bbox 324 5077 401 5152; x_wconf 88' lang='lat' dir='ltr'><strong>MA,</strong></span> <span class='ocrx_word' id='word_1_410' title='bbox 419 5076 494 5136; x_wconf 87' lang='grc' dir='ltr'><strong>ΜΒ.</strong></span> <span class='ocrx_word' id='word_1_411' title='bbox 532 5074 638 5150; x_wconf 79' lang='lat' dir='ltr'><strong>⁰0m.,</strong></span> <span class='ocrx_word' id='word_1_412' title='bbox 651 5075 722 5150; x_wconf 84' lang='lat' dir='ltr'><strong>LA,</strong></span> <span class='ocrx_word' id='word_1_413' title='bbox 740 5075 815 5150; x_wconf 91' lang='lat' dir='ltr'><strong>CM,</strong></span> <span class='ocrx_word' id='word_1_414' title='bbox 831 5074 910 5148; x_wconf 89' lang='lat' dir='ltr'><strong>MG,</strong></span> <span class='ocrx_word' id='word_1_415' title='bbox 928 5075 1000 5135; x_wconf 89' lang='lat' dir='ltr'><strong>MC.</strong></span> <span class='ocrx_word' id='word_1_416' title='bbox 1039 5071 1129 5136; x_wconf 73' lang='lat' dir='ltr'><strong>&#39;eius</strong></span> <span class='ocrx_word' id='word_1_417' title='bbox 1147 5074 1198 5136; x_wconf 84' lang='lat' dir='ltr'><strong>vel</strong></span> <span class='ocrx_word' id='word_1_418' title='bbox 1215 5073 1348 5150; x_wconf 82' lang='lat' dir='ltr'><strong>heredis,</strong></span> <span class='ocrx_word' id='word_1_419' title='bbox 1366 5075 1444 5150; x_wconf 89' lang='lat' dir='ltr'><strong>MG,</strong></span> <span class='ocrx_word' id='word_1_420' title='bbox 1462 5077 1535 5137; x_wconf 88' lang='lat' dir='ltr'><strong>CM.</strong></span> <span class='ocrx_word' id='word_1_421' title='bbox 1575 5073 1734 5154; x_wconf 76' lang='lat' dir='ltr'><strong>⁸lii-marc,</strong></span> <span class='ocrx_word' id='word_1_422' title='bbox 1751 5077 1826 5150; x_wconf 75' lang='lat'><strong>013,</strong></span> 
     </span>
     <span class='ocr_line' id='line_1_39' title="bbox 238 5173 1827 5255; baseline 0.001 -16"><span class='ocrx_word' id='word_1_423' title='bbox 238 5177 430 5253; x_wconf 82' lang='lat' dir='ltr'><strong>confirmare,</strong></span> <span class='ocrx_word' id='word_1_424' title='bbox 455 5177 532 5252; x_wconf 89' lang='lat' dir='ltr'><strong>MB,</strong></span> <span class='ocrx_word' id='word_1_425' title='bbox 555 5176 629 5237; x_wconf 88' lang='lat' dir='ltr'><strong>CM.</strong></span> <span class='ocrx_word' id='word_1_426' title='bbox 675 5173 863 5237; x_wconf 78' lang='lat' dir='ltr'><strong>&#39;ridendum</strong></span> <span class='ocrx_word' id='word_1_427' title='bbox 886 5178 958 5250; x_wconf 84' lang='lat' dir='ltr'><strong>crit,</strong></span> <span class='ocrx_word' id='word_1_428' title='bbox 982 5176 1027 5249; x_wconf 87' lang='lat' dir='ltr'><strong>V;</strong></span> <span class='ocrx_word' id='word_1_429' title='bbox 1051 5175 1216 5236; x_wconf 87' lang='lat' dir='ltr'><strong>videndum</strong></span> <span class='ocrx_word' id='word_1_430' title='bbox 1240 5183 1297 5249; x_wconf 84' lang='lat' dir='ltr'><strong>est,</strong></span> <span class='ocrx_word' id='word_1_431' title='bbox 1324 5178 1397 5238; x_wconf 91' lang='lat' dir='ltr'><strong>CM.</strong></span> <span class='ocrx_word' id='word_1_432' title='bbox 1444 5174 1640 5255; x_wconf 82' lang='lat' dir='ltr'><strong>²⁰pr1edicto,</strong></span> <span class='ocrx_word' id='word_1_433' title='bbox 1665 5179 1734 5253; x_wconf 90' lang='lat' dir='ltr'><strong>OA,</strong></span> <span class='ocrx_word' id='word_1_434' title='bbox 1761 5179 1827 5255; x_wconf 87' lang='lat' dir='ltr'><strong>LA,</strong></span> 
     </span>
     <span class='ocr_line' id='line_1_40' title="bbox 239 5275 1825 5357; baseline 0.002 -17"><span class='ocrx_word' id='word_1_435' title='bbox 239 5279 314 5354; x_wconf 84' lang='lat' dir='ltr'><strong>MC,</strong></span> <span class='ocrx_word' id='word_1_436' title='bbox 335 5277 403 5354; x_wconf 79' lang='grc' dir='ltr'><strong>ΟΕ,</strong></span> <span class='ocrx_word' id='word_1_437' title='bbox 423 5279 490 5340; x_wconf 93' lang='lat' dir='ltr'><strong>MA</strong></span> <span class='ocrx_word' id='word_1_438' title='bbox 514 5276 609 5355; x_wconf 86' lang='lat' dir='ltr'><strong>(corr.</strong></span> <span class='ocrx_word' id='word_1_439' title='bbox 629 5277 768 5356; x_wconf 81' lang='lat' dir='ltr'><strong>pretio);</strong></span> <span class='ocrx_word' id='word_1_440' title='bbox 789 5276 993 5356; x_wconf 73' lang='lat' dir='ltr'><strong>precedente,</strong></span> <span class='ocrx_word' id='word_1_441' title='bbox 1013 5277 1080 5338; x_wconf 89' lang='lat' dir='ltr'><strong>OC.</strong></span> <span class='ocrx_word' id='word_1_442' title='bbox 1123 5275 1249 5352; x_wconf 87' lang='lat' dir='ltr'><strong>²¹nibll,</strong></span> <span class='ocrx_word' id='word_1_443' title='bbox 1272 5278 1349 5354; x_wconf 92' lang='lat' dir='ltr'><strong>MG,</strong></span> <span class='ocrx_word' id='word_1_444' title='bbox 1373 5278 1446 5339; x_wconf 89' lang='lat' dir='ltr'><strong>CM.</strong></span> <span class='ocrx_word' id='word_1_445' title='bbox 1490 5276 1629 5357; x_wconf 64' lang='lat' dir='ltr'><strong>1&#39;quana</strong></span> <span class='ocrx_word' id='word_1_446' title='bbox 1652 5280 1729 5355; x_wconf 88' lang='lat' dir='ltr'><strong>MG,</strong></span> <span class='ocrx_word' id='word_1_447' title='bbox 1752 5280 1825 5343; x_wconf 88' lang='lat' dir='ltr'><strong>CM.</strong></span> 
     </span>
     <span class='ocr_line' id='line_1_41' title="bbox 238 5376 1629 5460; baseline -0.001 -17"><span class='ocrx_word' id='word_1_448' title='bbox 238 5379 305 5415; x_wconf 76' lang='lat'>¹¹¹¹¹</span> <span class='ocrx_word' id='word_1_449' title='bbox 316 5381 372 5443; x_wconf 86' lang='lat' dir='ltr'><strong>lllo</strong></span> <span class='ocrx_word' id='word_1_450' title='bbox 398 5379 491 5460; x_wconf 88' lang='lat' dir='ltr'><strong>qnod,</strong></span> <span class='ocrx_word' id='word_1_451' title='bbox 518 5379 587 5454; x_wconf 87' lang='lat' dir='ltr'><strong>OB,</strong></span> <span class='ocrx_word' id='word_1_452' title='bbox 614 5378 690 5439; x_wconf 90' lang='grc' dir='ltr'><strong>ΜΒ.</strong></span> <span class='ocrx_word' id='word_1_453' title='bbox 738 5376 906 5456; x_wconf 66' lang='lat' dir='ltr'><strong>²“speclea</strong></span> <span class='ocrx_word' id='word_1_454' title='bbox 932 5377 989 5438; x_wconf 96' lang='lat' dir='ltr'><strong>OB</strong></span> <span class='ocrx_word' id='word_1_455' title='bbox 1022 5377 1158 5457; x_wconf 85' lang='lat' dir='ltr'><strong>(quem),</strong></span> <span class='ocrx_word' id='word_1_456' title='bbox 1186 5378 1261 5439; x_wconf 93' lang='lat' dir='ltr'><strong>MB.</strong></span> <span class='ocrx_word' id='word_1_457' title='bbox 1310 5376 1429 5456; x_wconf 79' lang='lat' dir='ltr'><strong>1⁰0m.,</strong></span> <span class='ocrx_word' id='word_1_458' title='bbox 1457 5380 1527 5456; x_wconf 93' lang='lat' dir='ltr'><strong>OB,</strong></span> <span class='ocrx_word' id='word_1_459' title='bbox 1555 5381 1629 5442; x_wconf 87' lang='lat' dir='ltr'><strong>MB.</strong></span> 
     </span>
    </p>
   </div>
   <div class='ocr_carea' id='block_1_6' title="bbox 0 0 2202 6340">
    <p class='ocr_par' dir='ltr' id='par_1_7' title="bbox 0 0 2202 6340">
     <span class='ocr_line' id='line_1_42' title="bbox 0 0 2202 6340; baseline 0 0"><span class='ocrx_word' id='word_1_460' title='bbox 0 0 2202 6340; x_wconf 95' lang='lat' dir='ltr'><strong> </strong></span> 
     </span>
    </p>
   </div>
  </div>
 </body>
</html>
