4392 6352
399 490 475 559 314
933 482 1156 545 BRACTON:
1179 482 1239 543 DE
1263 482 1456 544 LEGIBUS

400 633 533 710 tiarios
547 641 700 710 nostros
714 634 764 711 ad
777 634 896 710 talem
910 633 1068 711 assisam
1082 633 1321 734 capiendam,
1337 633 1398 710 vel
1413 633 1531 710 talem
1547 658 1664 731 quam
1679 633 1767 710 talis
1784 633 1994 710 arramavit

401 759 558 840 etcetra,
572 759 762 850 utsupra.
777 752 852 828 Vel
866 752 936 828 sic:
952 753 1001 828 ad
1017 751 1174 828 assisam
1189 777 1297 827 novae
1312 751 1515 828 dissaisinae
1528 751 1757 850 capiendam
1772 777 1889 851 quam
1903 751 1993 828 talis

401 869 610 946 arramavit
626 877 804 959 etcetera,
820 868 892 946 ut⁸⁸
909 869 1068 968 supra?⁴
1086 871 1144 946 Et
1160 870 1334 948 similiter
1350 869 1401 947 ad
1417 870 1574 947 assisam
1591 870 1726 947 mortis
1745 871 1993 948 antecessoris

401 1015 518 1089 quam
537 989 627 1066 talis
648 988 857 1065 arramavit
877 997 1055 1077 etcetera,
1076 999 1273 1087 utsupra.
1297 988 1470 1066 Possunt
1491 987 1592 1065 enim
1613 988 1744 1087 plures
1767 989 1892 1066 asaiae
1914 1013 1993 1064 arna

400 1107 606 1185 iustitiaria
630 1107 816 1184 contineri
842 1107 940 1184 sicut
964 1133 1044 1183 una
1069 1108 1100 1184 si
1125 1133 1225 1184 unua
1252 1107 1373 1184 fuerit
1398 1117 1534 1207 petens
1560 1107 1621 1184 vel
1647 1133 1822 1206 querens,
1848 1117 1887 1184 et
1914 1107 1992 1185 sive

401 1224 532 1325 plures
550 1224 603 1301 ibi
620 1224 767 1304 fuerint
785 1223 1014 1302 disseiainoe²⁵
1034 1223 1139 1300 sive²⁸
1157 1226 1289 1324 plures
1307 1223 1594 1313 dissaisiaores,¹'
1614 1225 1692 1303 sive
1709 1225 1841 1325 plures
1860 1235 1992 1303 tenen·

400 1355 459 1423 tes
473 1346 551 1423 sive
563 1371 675 1422 unus.
689 1344 748 1422 Et
762 1344 848 1420 ideo
861 1344 931 1421 tibi
945 1344 1188 1443 praecipimus
1202 1343 1306 1443 quod
1320 1344 1479 1422 assisam
1492 1343 1598 1421 illam
1613 1343 1674 1420 vel
1690 1344 1827 1421 assisas
1840 1343 1926 1421 illas
1942 1345 1992 1420 ad

401 1463 628 1564 praedictum
642 1463 744 1539 diem
758 1472 796 1541 et
811 1463 949 1552 locum,
964 1461 1053 1539 vel²⁸
1068 1463 1118 1540 ad
1133 1463 1235 1540 diem
1249 1472 1288 1539 et
1303 1461 1457 1538 locum²⁰
1473 1487 1587 1562 quem
1602 1461 1708 1539 vobis
1724 1463 1819 1539 scire
1836 1463 1991 1552 facient,

399 1607 530 1658 coram
547 1581 722 1682 prefatis
738 1581 950 1659 iustitiariis
968 1580 1108 1659 nostris
1127 1581 1257 1657 venire
1275 1581 1395 1658 facias
1413 1589 1590 1658 etcetera.
1611 1582 1729 1658 Teste
1749 1589 1926 1658 etcetera.
1949 1581 1993 1658 Si

400 1711 531 1779 autem
550 1701 670 1778 assisa
687 1700 832 1777 utimae
851 1699 1156 1799 praesentationis
1177 1699 1365 1798 capienda
1385 1700 1434 1776 sit
1455 1723 1585 1775 coram
1604 1699 1746 1776 talibus
1768 1699 1991 1788 iustitiariis,

399 1829 494 1897 trrnc
506 1818 576 1896 sicr
590 1820 641 1895 ad
654 1819 1004 1917 recognoscendum
1017 1843 1134 1918 super
1147 1827 1429 1895 sacramentum
1445 1843 1557 1894 suum
1573 1818 1657 1918 quis
1673 1819 1881 1894 advocatus
1895 1826 1990 1894 tem·

400 1963 495 2037 pore
519 1935 625 2036 pacis
650 1935 897 2036 presentavit
922 1936 1099 2013 ultimam
1124 1961 1329 2035 personam
1354 1945 1532 2026 etcetera,
1559 1935 1798 2013 secundum⁸⁰
1824 1936 1992 2013 formam

399 2054 525 2131 brevis
541 2081 613 2156 per
629 2056 768 2132 omnia.
788 2055 831 2132 Si
847 2064 977 2132 autem
994 2055 1044 2132 ad
1061 2055 1219 2132 assisam
1234 2063 1378 2144 utrum,
1395 2063 1489 2131 tunc
1507 2053 1576 2132 sic:
1596 2056 1645 2131 ad
1663 2055 1822 2132 assisam
1838 2055 1991 2154 capien-

399 2177 491 2252 dam
515 2202 599 2274 quae
625 2175 857 2251 summonita
882 2182 940 2250 est
964 2198 1094 2249 coram
1118 2173 1224 2250 vobis
1249 2199 1321 2272 per
1346 2182 1583 2271 preceptum
1608 2183 1785 2250 nostrum
1810 2173 1912 2249 inter
1936 2174 1990 2249 A.

399 2318 605 2393 personam
620 2293 708 2370 talia
725 2293 888 2370 ecclesiae
904 2301 1101 2391 petentem
1116 2301 1155 2368 et
1171 2293 1219 2369 B.
1237 2292 1389 2381 laicum,
1407 2291 1547 2369 scilicet
1563 2300 1770 2382 tenentem,
1786 2293 1848 2368 vel
1865 2318 1887 2367 e
1902 2317 1991 2368 oon·

399 2436 522 2501 verso,
538 2410 590 2488 ad
605 2411 955 2510 recognoscendum
970 2420 1103 2487 utrum
1120 2420 1275 2487 tantum
1291 2419 1403 2487 terrac
1420 2411 1481 2486 vel
1499 2410 1672 2487 redditus
1690 2434 1778 2486 cum
1795 2411 1990 2510 pertinen-

399 2529 463 2606 tiis
479 2528 521 2604 in
535 2529 605 2605 tali
621 2528 714 2605 villa
729 2529 779 2606 ait
795 2528 915 2605 libera
931 2527 1137 2606 elemosina
1153 2527 1350 2627 pertinens
1368 2529 1418 2604 ad
1434 2528 1632 2605 ecclesiam
1648 2527 1849 2627 praedicti⁸²
1867 2529 1920 2604 A.
1940 2553 1992 2604 an

398 2649 540 2726 laicum
557 2649 715 2725 feodum
732 2647 904 2747 praedicti
922 2648 984 2736 Β.,
1002 2647 1063 2724 vel
1081 2673 1102 2724 e
1120 2647 1313 2723 contrario
1331 2655 1464 2723 utrum
1482 2654 1637 2723 tantum
1655 2656 1767 2724 terrae
1785 2647 1846 2722 vel
1866 2646 1991 2723 reddi·

399 2767 429 2842 f.
446 2769 539 2860 111]
594 2775 658 2844 tus
681 2790 769 2842 cum
791 2765 1033 2866 pertinentiis
1056 2765 1097 2842 in
1118 2765 1189 2842 tali
1210 2765 1303 2842 villa
1326 2766 1375 2844 ait
1397 2765 1538 2843 laicum
1562 2765 1720 2843 feodum
1743 2765 1917 2865 predicti
1940 2767 1990 2841 B.

398 2886 460 2963 vel
476 2885 597 2962 libera
613 2884 818 2963 elemosina
835 2885 968 2984 ipsius²
985 2885 1039 2962 A.
1060 2885 1102 2962 Si
1120 2894 1250 2962 autem
1267 2885 1527 2962 constituatur
1544 2885 1680 2984 aliquis
1698 2885 1925 2962 iustitiarius
1943 2886 1992 2961 de

399 3003 533 3093 banco,
546 3004 607 3080 vel
621 3005 719 3082 alius
731 3012 771 3082 et
785 3006 888 3081 solus
902 3004 1171 3094 constituatur,
1186 3013 1280 3081 tunc
1294 3005 1365 3081 fiat
1379 3003 1427 3081 ei²
1442 3004 1556 3082 breve
1571 3012 1708 3105 patens
1723 3005 1773 3082 de
1787 3004 1992 3082 iustitiaria

399 3122 440 3198 in
454 3122 525 3198 hac
541 3123 680 3198 forma.

499 3243 546 3319 Si
561 3242 787 3320 iustitioriaa
803 3243 852 3320 dc
867 3241 988 3319 bocco
1003 3243 1107 3320 solua
1123 3243 1382 3321 constituatur
1396 3253 1435 3321 at
1452 3243 1557 3342 quod
1573 3252 1756 3323 oammot.

400 3361 496 3436 Rnx
514 3358 654 3436 dilecto
672 3370 711 3437 et
730 3361 835 3437 fideli
853 3387 922 3438 suo
940 3361 1009 3437 tali
1030 3360 1205 3438 salutem.
1227 3362 1366 3439 Sciatis
1386 3363 1490 3462 quod
1507 3362 1775 3440 constituimus
1794 3388 1863 3440 vos
1883 3362 1990 3439 iusti-

398 3479 556 3556 tiarium
572 3489 760 3569 nostrum,
776 3505 855 3556 una
872 3505 960 3555 cum
977 3479 1074 3556 aliis⁸
1092 3506 1187 3579 quos
1203 3481 1310 3558 vobis
1327 3479 1515 3558 duxeritis
1533 3481 1774 3558 associandos
1791 3480 1866 3557 vel⁴
1885 3507 1990 3558 assu·

398 3598 584 3686 mendos,⁸
600 3598 650 3675 ad
665 3598 823 3675 assisam
837 3623 945 3674 novae
959 3599 1162 3675 disseisinae
1177 3599 1415 3698 capiendam,
1432 3625 1549 3697 quam
1563 3601 1616 3676 A.
1634 3600 1844 3677 arramavit
1860 3625 1991 3676 coram

398 3715 505 3792 vobis
522 3742 593 3815 per
609 3726 846 3816 praeceptum
862 3726 1038 3794 nostrum
1055 3743 1187 3794 versus
1204 3719 1252 3794 Β.
1272 3729 1311 3796 et
1329 3718 1423 3794 alios
1440 3719 1656 3796 nominatos
1673 3718 1716 3794 in
1733 3718 1838 3795 brevi
1856 3728 1991 3795 nostro

399 3836 588 3935 originali,
601 3838 649 3914 de
659 3837 779 3913 libero
791 3845 1010 3914 tenemento
1023 3862 1092 3914 suo
1104 3838 1145 3913 in
1157 3837 1226 3914 tali
1239 3837 1341 3912 villa.
1356 3837 1431 3914 Vel
1444 3837 1513 3912 sic:
1528 3837 1577 3914 ad
1591 3837 1819 3936 capiendam
1833 3837 1990 3914 assisam

398 3954 532 4032 mortis
553 3955 813 4044 antecessoris,
833 3955 894 4032 vel
915 3955 1030 4031 aliam
1050 3980 1331 4055 quamcumque
1350 3956 1561 4032 secundum
1583 3955 1751 4031 formam
1772 3955 1907 4032 brevia.
1931 3956 1991 4032 Et

398 4072 484 4150 ideo
506 4073 612 4150 vobis
634 4073 863 4150 mandamus
886 4074 990 4172 quod
1011 4073 1063 4150 ad
1086 4074 1187 4150 diem
1209 4083 1248 4151 et
1270 4073 1397 4150 locum
1420 4082 1598 4162 etcetera,
1621 4083 1666 4150 ut
1690 4098 1821 4172 supra,
1847 4075 1990 4152 facturi

398 4201 576 4282 etcetera,
601 4193 715 4270 salvis
737 4200 914 4270 etcetera.
939 4190 1216 4270 Mandavimus
1239 4200 1416 4269 etcetera.
1443 4193 1495 4268 In
1517 4191 1625 4269 cuius
1649 4192 1705 4269 rei
1727 4193 1990 4269 testimonium
2128 4287 2130 4290 ,

397 4319 576 4388 etcetera.
595 4312 655 4388 Et
670 4311 741 4388 fiat
759 4310 873 4386 breve
891 4311 1101 4387 vicecomiti
1120 4336 1237 4409 super
1255 4311 1389 4387 eodem
1407 4311 1579 4387 clausum
1598 4310 1702 4410 quod
1721 4311 1850 4387 venire
1870 4312 1990 4388 faciat

399 4430 557 4508 assisam
573 4455 703 4506 coram
721 4429 932 4506 iustitiariis
951 4429 992 4504 in
1009 4430 1079 4504 hac
1098 4430 1236 4504 forma.

498 4548 625 4625 Breve
640 4547 851 4625 vicecomiti
865 4547 1038 4624 cloacam
1054 4547 1101 4625 de
1118 4548 1262 4624 eodem.

398 4666 495 4743 Rex
511 4665 722 4742 vicecomiti
740 4665 914 4742 salutem.
933 4666 1106 4754 Questus
1123 4675 1181 4742 est
1199 4666 1308 4742 nobis
1327 4665 1414 4742 talis
1433 4666 1537 4763 quod
1555 4665 1643 4741 talis
1662 4674 1839 4742 etcetera.
1859 4667 1917 4743 Et
1937 4665 1990 4742 sic

396 4792 526 4861 totum
546 4784 733 4883 originale
755 4785 802 4860 de
823 4782 940 4861 verbo
961 4785 1002 4861 in
1022 4783 1183 4860 verbum
1204 4810 1337 4882 usque,
1360 4785 1418 4861 Et
1438 4793 1702 4860 tenementum
1725 4783 1821 4860 illud
1845 4809 1926 4861 esse
1948 4785 1990 4862 in

397 5002 463 5037 aa-as
476 5003 556 5080 Om,
570 5005 640 5078 OB,
656 5005 732 5080 ΜΒ,
747 5004 813 5078 CE,
829 5005 868 5065 Y.
907 5002 932 5037 ²⁵
945 5001 1115 5080 dissaisitio,
1131 5004 1210 5076 CM;
1228 5003 1385 5077 dissaisiti,
1403 5004 1483 5076 ΜΑ;
1500 5001 1631 5078 dicacis,
1649 5003 1743 5065 MSS.
1759 5023 1823 5063 var.
1862 4999 1927 5036 ²⁸⁴⁷
1939 5001 1989 5063 vel

397 5102 614 5180 disseiaitores,
634 5103 678 5177 V;
699 5112 731 5163 et
749 5105 854 5182 plures
873 5104 1048 5181 diss.,·OA,
1068 5104 1135 5178 OC,
1155 5103 1231 5165 MG.
1274 5101 1340 5137 ¹¹¹¹¹
1352 5103 1432 5181 Om,
1452 5103 1522 5176 OB,
1544 5102 1620 5178 MA,
1641 5104 1718 5179 ΜΒ,
1739 5104 1780 5180 Y,
1799 5104 1876 5166 MG.
1919 5101 1991 5163 ⁸⁰et

397 5201 573 5281 secundm,
588 5203 657 5280 OB,
673 5204 749 5279 MA,
764 5205 841 5279 ΜΒ,
857 5205 897 5278 Υ,
913 5204 985 5265 CM.
1022 5203 1049 5238 ⁸²
1061 5201 1147 5280 dicti,
1162 5204 1231 5280 OB,
1247 5204 1323 5279 MA,
1340 5205 1415 5266 ΜΒ.

481 5303 655 5382 ²praedicti,
672 5305 739 5380 ΟΕ,
755 5305 836 5378 ΜΒ;
852 5325 901 5383 pr.
918 5309 989 5384 ipa,
1005 5306 1075 5380 OB,
1092 5306 1130 5367 Y.
1169 5303 1274 5381 ²Om.‚
1291 5307 1360 5380 OB,
1377 5307 1453 5382 MA,
1470 5307 1547 5382 ΜΒ,
1564 5307 1602 5367 Υ.
1640 5305 1713 5370 ⁸his
1730 5326 1816 5385 quos,
1833 5306 1903 5383 OA,
1920 5307 1989 5383 OC,

397 5403 566 5479 MG,MC.
605 5403 831 5482 ⁴·⁸0m.,MG,
849 5405 922 5467 CM.
