4374 6366
746 433 808 495 DE
831 434 1036 497 PLACITIS
1059 433 1249 498 CORONAE
1720 440 1796 508 448

209 582 340 660 forte²²
363 583 424 660 vel
447 591 561 660 extra
582 583 808 661 comitatum
830 585 871 661 in
894 584 1085 675 fraudem,
1110 595 1149 663 et
1172 583 1336 684 captor·
1359 594 1505 661 terrem
1527 581 1732 660 habuerit¹‘
1756 584 1798 660 in

206 701 393 780 comitatu
414 711 454 779 et
475 703 627 792 catalla,
648 703 777 801 capiat
799 704 966 781 serviens
988 703 1117 803 regis'⁸
1141 705 1190 780 de
1212 702 1348 780 averiis
1370 702 1472 779 illius
1494 702 1535 779 in
1558 700 1733 802 duplum,
1757 711 1796 778 et

206 820 274 896 illa
286 820 458 897 detineat
470 821 592 897 donec
604 821 732 898 averia
745 821 798 898 sic
811 821 979 898 abducta
992 824 1236 899 reducantur.
1253 822 1332 899 Sed
1346 820 1438 920 quid
1453 822 1484 898 si
1498 829 1635 920 captor
1649 821 1796 898 nullam

207 948 352 1016 terram
365 939 542 1016 habuerit
554 941 595 1016 in
606 941 792 1018 comitatu
807 964 876 1016 nec
890 939 1051 1017 catalla?
1065 940 1173 1029 Quid
1186 941 1281 1017 erit?
1297 941 1399 1018 Cum
1415 949 1587 1039 potestas
1602 941 1796 1018 vicecomi-

206 1057 258 1134 tis
270 1055 376 1134 non²⁰
390 1057 623 1135 extendatur
636 1083 757 1156 usque
772 1057 848 1134 ad²²
863 1058 981 1134 alium
995 1059 1231 1148 comitatum,
1247 1069 1286 1135 et
1299 1059 1370 1135 hoc
1384 1059 1454 1136 fiat
1468 1059 1510 1134 in
1524 1059 1704 1135 fraudem
1719 1057 1798 1136 ad²⁸

60 1185 66 1194 '
207 1176 491 1275 impediendam
508 1184 740 1275 potestatem
758 1176 998 1266 vicecomitis,
1015 1185 1109 1254 tuuc
1127 1178 1401 1255 recurrendum
1418 1188 1477 1255 est
1497 1179 1546 1254 ad
1564 1187 1798 1278 potestatem

207 1294 322 1393 regis,
338 1304 378 1372 et
393 1293 490 1372 fiat²'
505 1295 584 1372 tale
600 1295 725 1372 breve.

307 1414 435 1490 Breve
448 1413 497 1491 de
511 1413 766 1502 attaclaiepdo,
781 1439 900 1512 quare
914 1416 1015 1513 cepit
1030 1414 1160 1491 averia
1173 1425 1211 1492 et
1225 1415 1380 1512 soponit
1396 1425 1508 1492 cetra
1523 1416 1758 1494 concitatum.

208 1533 305 1609 Rnx
323 1531 533 1610 vicecomiti
552 1532 727 1610 salutem.
748 1532 853 1621 Quia
873 1533 925 1608 A.
947 1533 1039 1609 fecit
1059 1559 1128 1608 nos
1149 1558 1300 1610 securos
1321 1542 1497 1610 etcetera.
1519 1533 1595 1610 Vel
1615 1533 1744 1609 alitert
1766 1533 1798 1611 si

207 1651 261 1727 A
277 1651 413 1728 fecerit
425 1660 465 1727 te
480 1676 656 1729 securum
671 1660 848 1740 etcetera,
863 1651 992 1750 pone⁸⁰
1009 1678 1079 1751 per
1093 1652 1249 1728 vadium
1266 1661 1305 1729 et
1321 1651 1445 1728 salvos
1461 1650 1610 1750 pleffl'os
1626 1653 1675 1727 B.
1693 1652 1798 1750 quod

209 1771 259 1848 sit
281 1796 411 1848 coram
433 1771 646 1848 iustitiariis
670 1771 811 1848 nostris
836 1772 942 1870 apud
965 1771 1357 1848 Westmonasterium
1380 1771 1450 1846 tali
1476 1772 1548 1859 die,
1570 1779 1797 1848 'ostensurus

209 1916 327 1989 quare
345 1891 447 1989 cepit
466 1891 593 1966 averia
609 1890 729 1989 ipsius
747 1890 800 1965 A.
819 1891 861 1964 in
878 1889 1063 1966 comitatu
1081 1889 1150 1965 tali
1170 1889 1236 1965 ubi
1253 1888 1355 1965 idem
1373 1890 1422 1965 B.
1443 1913 1522 1965 non
1540 1888 1655 1965 habet
1673 1897 1797 1964 terras

207 2035 332 2108 neque
351 2018 582 2098 tenementa,
603 2010 691 2085 licet
711 2009 850 2085 habeat
872 2009 998 2096 feoda,
1020 2019 1059 2084 et
1080 2010 1166 2107 ipsa
1187 2008 1340 2106 fugavit
1362 2034 1386 2084 a
1407 2008 1590 2106 praedicto
1611 2008 1797 2083 comitatu

208 2126 277 2204 tali
298 2127 490 2225 usquead
511 2127 736 2202 comitatum
757 2137 868 2204 tuum
891 2126 932 2203 in
953 2126 1132 2204 fraudem
1153 2135 1265 2202 extra
1287 2124 1546 2224 potestatem'²
1569 2125 1797 2202 vicecomitis

208 2244 238 2320 f.
255 2244 373 2337 157b]
428 2245 550 2322 nostri
567 2244 668 2333 talis,
687 2254 725 2321 et
743 2243 884 2320 ibidem
903 2271 949 2321 ea
965 2244 1112 2321 detinet
1130 2253 1266 2320 contra
1283 2268 1418 2343 pacem
1436 2252 1610 2319 nostram
1628 2251 1673 2318 ut
1693 2243 1796 2319 dicit.

208 2361 360 2438 Eodem
381 2362 495 2438 modo
516 2361 613 2438 fiat⁸¹
634 2362 747 2439 breve
769 2363 800 2438 si
820 2361 891 2438 hoc
912 2363 1047 2439 fecerit
1068 2363 1118 2438 ad
1138 2388 1349 2460 gravamen
1369 2361 1534 2439 tenentis
1556 2363 1626 2452 sui,
1648 2387 1736 2438 cum
1756 2362 1797 2438 in

209 2479 394 2556 comitatu
409 2479 474 2554 ubi
490 2489 624 2557 tenens
641 2480 789 2579 degerit
807 2481 965 2556 feodum
981 2479 1157 2557 habuerit
1173 2490 1213 2557 et
1230 2481 1375 2556 curiam
1392 2481 1597 2579 capitalem
1615 2481 1665 2556 ad
1682 2507 1798 2579 quam

208 2607 343 2675 tenens
360 2607 503 2675 sectam
520 2598 705 2686 debuerit,
722 2623 811 2674 cum
828 2598 899 2674 hoc
916 2599 1036 2675 faciat
1054 2599 1102 2675 de
1118 2600 1318 2676 voluntate
1336 2608 1376 2675 et
1393 2599 1433 2675 in
1453 2600 1642 2688 fraudem,
1662 2610 1702 2677 et
1720 2626 1798 2676 non

211 2715 259 2792 de
272 2716 496 2792 necessitate
510 2741 583 2815 pro
598 2718 752 2793 delectu
766 2718 890 2793 curiae.
905 2718 963 2794 Et
977 2727 1071 2794 tunc
1084 2717 1153 2794 sic:
1168 2718 1406 2796 Ostensurus
1421 2745 1540 2817 quare
1554 2721 1657 2818 cepit
1671 2722 1800 2796 averia

210 2835 330 2933 ipsius
347 2835 400 2910 A.
418 2836 459 2910 in
475 2834 659 2912 comitatu
676 2836 746 2913 tali
762 2835 828 2911 ubi
846 2836 947 2912 idem
964 2838 1012 2912 B.
1031 2845 1155 2913 terras
1172 2836 1286 2913 habet
1304 2846 1342 2913 et
1359 2846 1579 2914 tenementa
1597 2847 1636 2914 et
1654 2839 1800 2914 curiam

210 2954 427 3052 capitalem,
442 2961 483 3029 et
498 2953 583 3052 ipsa
598 2954 753 3053 fugavit
769 2963 935 3031 etcetera
951 2964 995 3031 ut
1013 2980 1142 3054 supra.
1163 2954 1205 3030 Si
1222 2964 1351 3032 autem
1367 2955 1438 3030 hoc
1455 2955 1591 3031 fecerit
1607 2980 1655 3030 ex
1672 2979 1798 3031 neces·

211 3073 324 3150 sitate
340 3080 379 3148 et
396 3099 467 3171 pro
483 3073 639 3149 defectu
656 3072 780 3163 curioe,
796 3099 876 3149 non
893 3072 965 3150 erit
982 3072 1052 3148 hoc
1069 3074 1103 3150 ei
1120 3073 1403 3172 imputandum.

312 3192 414 3268 Cam
431 3191 636 3268 vicecomes
652 3191 714 3268 vel
728 3192 896 3268 serviens
912 3192 1015 3289 repis
1031 3193 1156 3268 meam
1173 3191 1347 3268 habuerit
1364 3191 1412 3269 de
1429 3191 1566 3268 averiis
1581 3191 1662 3268 aiae
1678 3192 1799 3290 impe·

311 3310 493 3388 dimeato

212 3430 317 3505 Cum
334 3439 463 3506 autem
478 3427 683 3504 vicecomes
698 3428 758 3504 vel
774 3429 939 3505 serviens
956 3427 1085 3526 regis⁸⁸
1101 3429 1225 3504 visum
1240 3428 1444 3506 habuerit⁸⁴
1460 3430 1508 3505 de
1524 3429 1660 3506 averiis
1676 3431 1800 3528 captis

212 3546 292 3625 sine
306 3547 580 3646 impedimento
594 3556 632 3623 et
646 3546 958 3635 contradictione,
973 3547 1104 3624 statim
1121 3547 1239 3624 faciat
1254 3546 1327 3623 ea⁸⁶
1342 3546 1544 3623 deliberari
1559 3547 1745 3645 querenti,
1762 3554 1802 3624 et

213 3668 344 3743 statim
364 3667 430 3743 det
448 3665 603 3764 utrique
621 3691 754 3741 eorum
774 3666 874 3741 diem
895 3666 945 3740 ad
966 3665 1186 3763 proximum
1206 3665 1442 3753 comitatum,
1464 3675 1509 3742 ut
1529 3665 1592 3740 ille
1613 3664 1679 3763 qui
1699 3664 1802 3763 cepit

213 3784 367 3862 averia⁸⁸
387 3810 550 3883 quorum
569 3784 697 3882 captio
716 3783 838 3859 dedici
856 3809 935 3858 non
954 3783 1097 3881 poterit
1117 3792 1252 3859 contra
1272 3784 1472 3859 recordum
1492 3783 1720 3860 vicecomitis
1740 3783 1801 3860 vel

213 3905 421 3992 servientis,
442 3903 521 3980 sive
540 3903 642 3979 iusta
661 3902 781 3979 fuerit
800 3901 878 3978 sive
896 3901 1049 3989 iniusta,
1071 3902 1249 3978 ostendat
1269 3901 1458 3978 rationem
1477 3927 1596 3999 quare
1617 3901 1684 3976 illa
1702 3901 1802 3978 iuste

212 4021 395 4121 ceperit,⁸⁷
417 4032 456 4100 et
474 4030 568 4097 tunc
587 4020 650 4097 ille
669 4020 734 4118 qui
756 4019 930 4119 queritur
949 4019 1086 4095 doceat
1107 4019 1137 4095 si
1158 4020 1279 4117 possit
1300 4020 1403 4117 quod
1424 4018 1575 4094 iniuste.
1596 4019 1666 4095 Ad
1687 4045 1801 4117 quem

213 4142 438 4218 comitatum
458 4141 505 4216 de
523 4139 606 4215 iure
625 4139 775 4215 nullum
795 4146 1030 4237 competeret
1048 4139 1198 4235 captori
1220 4137 1421 4226 essonium,
1442 4162 1529 4213 cum
1549 4137 1692 4215 iniusta
1712 4163 1801 4237 cap

213 4260 268 4336 tio
292 4258 359 4336 et⁸⁸
383 4256 581 4335 detentio⁸⁹
605 4265 741 4333 contra
765 4255 921 4332 vadium
946 4265 985 4332 et
1010 4255 1158 4354 plegios
1183 4254 1257 4330 dici
1282 4253 1427 4353 poterit
1452 4256 1627 4353 quaedam
1652 4255 1802 4332 roberia

213 4391 348 4458 contra
369 4405 503 4479 pacem
524 4378 668 4455 domini
687 4377 801 4475 regis,
823 4375 966 4454 etiem⁴⁰
986 4376 1075 4475 plus
1098 4401 1215 4473 quam
1234 4401 1335 4450 nova
1357 4374 1564 4451 disseisina.
1588 4375 1690 4450 Cum
1711 4400 1802 4450 vero

213 4511 375 4600 uterque
395 4525 561 4600 presens
582 4498 701 4574 fuerit
722 4497 763 4573 in
781 4499 979 4585 comitatu,
999 4504 1093 4571 tunc
1114 4496 1217 4572 dicat
1236 4504 1374 4593 captor
1395 4496 1500 4593 quod
1520 4496 1618 4573 iuste
1638 4496 1741 4594 cepit
1763 4503 1802 4573 et

215 4620 451 4699 secundum⁴²
470 4618 813 4697 considerationem
831 4617 944 4692 curiae
964 4642 1052 4705 suae,
1072 4642 1145 4714 pro
1165 4615 1318 4692 servitio
1338 4615 1441 4714 quod
1461 4615 1563 4692 idem
1581 4640 1744 4713 querens
1764 4624 1804 4691 et

214 4841 241 4876 ²²
253 4841 334 4918 Om.,
350 4842 418 4915 OB,
434 4841 510 4915 MA,
527 4839 603 4913 ΜΒ,
619 4840 686 4912 ΟΕ,
702 4839 775 4900 CM.
813 4835 840 4871 ²⁸
852 4845 971 4915 raptor,
988 4836 1056 4910 OA,
1073 4836 1139 4911 ΟΕ,
1157 4837 1233 4897 MG.
1271 4833 1297 4868 ²⁴
1309 4832 1431 4908 habeat,
1448 4834 1514 4909 LA,
1531 4833 1571 4906 Y,
1589 4833 1669 4905 MC;
1686 4831 1803 4905 habuit,

214 4943 288 5005 CM.
330 4940 449 5018 ηοω,
468 4941 550 5014 ΜΑ;
571 4940 686 5001 domini
706 4943 800 5017 regis,
820 4939 888 5014 LA,
907 4939 948 5012 Y,
968 4936 1041 5000 MC.
1085 4933 1203 5012 ²⁰Om.,
1224 4937 1293 5012 OA,
1314 4935 1389 5009 ΜΟ,
1411 4935 1488 5010 MG,
1510 4935 1566 4995 LA
1591 4932 1679 5010 (†).
1722 4931 1803 5007 nin,

214 5043 281 5118 LA,
302 5042 343 5117 Y,
364 5041 438 5103 MC.
481 5040 561 5117 ²⁸et,
582 5040 660 5114 MG,
681 5040 737 5101 OC
763 5039 811 5115 (et
831 5039 895 5117 in).
939 5036 1033 5099 ²⁹liat
1054 5041 1093 5112 ei,
1116 5037 1182 5111 LA,
1205 5037 1245 5111 Y,
1268 5036 1340 5098 ΜΟ.
1385 5035 1497 5098 ⁸⁰tunc
1520 5055 1611 5115 pone,
1635 5035 1712 5109 MG,
1735 5034 1801 5097 OC.

214 5141 241 5177 ⁸²
252 5146 440 5218 comitatum,
460 5140 528 5214 OB,
549 5139 626 5215 MA,
646 5140 722 5201 ΜΒ.
764 5138 866 5213 ⁸²fiet,
885 5140 952 5215 LA,
973 5141 1014 5216 Y,
1035 5139 1107 5199 ΜΟ.
1151 5135 1270 5212 ”Om.,
1290 5137 1357 5214 OC,
1380 5137 1456 5198 MG.
1500 5136 1526 5171 ⁸⁴
1538 5135 1712 5212 habuerint,
1734 5137 1803 5211 OA,

214 5243 282 5317 LA,
296 5242 364 5318 ΟΕ,
379 5241 451 5303 MC.
489 5239 701 5315 ⁸⁵0m.,MG,
717 5239 782 5302 OC.
820 5238 962 5299 ⁸⁶averia
977 5247 1018 5313 et,
1034 5239 1103 5312 OB,
1119 5240 1195 5315 MA,
1211 5241 1286 5300 ΜΒ.
1324 5237 1456 5316 ”cepit
1471 5240 1538 5314 OC,
1555 5239 1622 5300 MG
1643 5235 1802 5315 (iniuste).

215 5340 281 5377 Μ’
293 5341 373 5419 Ona,
388 5341 457 5418 ΟΒ,
473 5341 549 5417 MA,
566 5341 641 5402 ΜΒ.
678 5339 705 5374 ⁴⁰
716 5346 759 5416 et,
774 5341 852 5417 MG,
869 5342 943 5416 CM,
960 5339 1035 5400 MA.
1073 5339 1099 5373 ⁴²
1111 5359 1179 5417 per,
1195 5339 1234 5415 V,
1252 5341 1318 5413 LA,
1335 5340 1376 5416 Y,
1392 5341 1464 5402 MC.
