4394 6342
909 457 1131 520 BRACTON:
1154 458 1215 519 DE
1240 457 1431 520 LEGIBUS

380 611 428 686 F.
445 618 518 686 100
545 608 741 686 Iudicialis
760 607 970 707 stipulatio.

545 728 588 803 Si
604 754 665 803 res
683 727 813 827 plures
830 726 873 802 in
889 725 1177 825 stipulationem
1194 725 1446 802 deducantur.

543 845 642 935 Quis
656 871 736 922 non
749 845 872 944 possit
887 844 1076 944 stipulari.

543 964 679 1040 Causae
694 990 812 1063 quare
827 965 990 1039 inventae
1005 965 1167 1040 fuerunt
1182 962 1449 1063 stipulationes
1466 973 1505 1039 et
1521 962 1784 1060 obligationes.

541 1083 606 1160 De
619 1081 916 1180 obligationibus
928 1107 1013 1181 quae
1026 1082 1135 1180 quasi
1148 1108 1196 1158 ex
1210 1090 1412 1158 contractu
1425 1091 1648 1158 nascuntur.

540 1203 605 1278 De
622 1201 829 1279 traditione
847 1209 887 1277 et
903 1201 1092 1278 iunctura.

542 1321 621 1396 Per
637 1345 732 1419 quas
748 1343 932 1420 personas
948 1319 1165 1417 adquiritur
1181 1318 1376 1416 obligatio.

542 1437 694 1527 Quibus
709 1438 831 1515 modis
848 1437 999 1514 tollitur
1014 1437 1209 1535 obligatio.

378 1558 427 1633 F.
443 1566 514 1632 101
543 1557 648 1633 Item
661 1556 839 1633 oriuntur
854 1556 1105 1653 obligationes
1122 1582 1171 1633 ex
1185 1555 1323 1632 delicto
1339 1555 1400 1632 vel
1415 1556 1535 1654 quasi.

540 1675 606 1751 De
621 1675 747 1774 prima
765 1674 947 1752 divisione
965 1675 1168 1751 actionum.

378 1794 428 1870 F.
443 1801 514 1870 102
542 1793 641 1882 Quae
654 1802 744 1869 sunt
760 1793 926 1869 actiones
940 1793 981 1869 in
994 1818 1076 1869 rem
1091 1794 1138 1870 de
1151 1819 1193 1870 re
1206 1792 1401 1871 immobili.

541 1910 640 1999 Quae
652 1922 742 1988 sunt
757 1913 923 1988 actiones
937 1913 977 1988 in
990 1937 1072 1989 rem
1086 1912 1133 1988 de
1147 1937 1188 1988 re
1201 1910 1342 1988 mobili.

541 2031 639 2119 Quae
654 2030 704 2107 sit
720 2031 819 2106 actio
833 2030 968 2106 mixta.

377 2150 426 2228 F.
442 2159 514 2226 100
541 2150 731 2239 Quadam
745 2159 938 2248 conceptae
952 2157 1043 2226 sunt
1058 2150 1098 2225 in
1113 2149 1295 2249 simplum
1310 2159 1348 2226 et
1365 2150 1428 2226 sic.

539 2269 604 2345 De
619 2267 830 2345 actionibus
844 2269 885 2344 in
898 2294 991 2344 rem.

539 2385 605 2462 De
619 2386 830 2463 actionibus
846 2387 1016 2463 civilibus
1030 2387 1072 2463 in
1084 2411 1301 2487 personam,
1316 2387 1482 2486 qualiter
1496 2398 1718 2465 nascuntur.

538 2505 604 2582 De
626 2505 858 2604 possessoria
878 2505 1101 2582 hereditatis
1124 2504 1321 2605 petitione,
1345 2530 1429 2604 quae
1452 2506 1526 2582 dici
1548 2506 1693 2605 poterit
1717 2507 1835 2584 assisa
1857 2532 1965 2583 novae

640 2623 854 2699 disseisinae.

540 2743 614 2820 Cui
632 2751 854 2840 competant
872 2741 1038 2818 actiones
1055 2767 1139 2841 quae
1158 2743 1335 2819 oriuntur
1354 2769 1401 2819 ex
1420 2743 1605 2832 malefico,
1624 2753 1664 2820 et
1684 2752 1818 2820 contra
1838 2769 1963 2843 quem.

539 2861 644 2937 Item
658 2862 719 2937 cui
734 2863 832 2937 actio
846 2861 1073 2937 iniuriarum
1088 2869 1293 2960 competat,
1309 2871 1349 2938 et
1364 2871 1499 2937 contra
1514 2888 1639 2961 quem.

540 2980 643 3056 Item
657 2980 717 3055 cui
730 2981 830 3056 actio
845 2981 947 3078 quod
960 2987 1086 3057 metus
1099 3005 1225 3068 causa,
1239 2989 1279 3056 et
1292 2989 1429 3056 contra
1441 3006 1566 3079 quem.

540 3099 644 3175 Item
659 3099 719 3173 cui
733 3108 773 3174 et
787 3107 923 3174 contra
938 3124 1052 3196 quem
1067 3106 1262 3196 competat
1277 3098 1525 3175 interdictum
1539 3098 1643 3198 quod
1658 3100 1697 3175 vi
1714 3108 1782 3176 aut
1799 3099 1908 3175 clam.

376 3220 424 3295 F.
441 3228 512 3295 104
540 3220 644 3296 Item
664 3219 724 3294 cui
744 3229 783 3295 et
803 3226 937 3294 contra
957 3245 1071 3317 quem
1091 3227 1286 3316 competat
1306 3219 1554 3334 interdictum
1575 3220 1622 3296 de
1642 3220 1778 3298 itinere
1799 3229 1964 3319 actrrque

639 3335 802 3434 privato.

536 3456 602 3532 De
616 3457 819 3533 interdicto
832 3481 997 3554 quorum
1011 3456 1210 3532 bonorum.

538 3575 632 3650 Alia
650 3574 783 3651 divisio
802 3574 1006 3654 actionum.

540 3695 583 3770 Si
599 3693 730 3794 plures
746 3701 968 3792 competant
983 3718 1100 3792 super
1116 3719 1251 3770 unare
1267 3704 1307 3771 et
1322 3720 1403 3769 una
1419 3694 1538 3770 fuerit
1556 3694 1686 3771 electa.

541 3813 583 3889 Si
600 3811 684 3911 quis
700 3838 740 3887 se
755 3813 960 3889 retraxerit
976 3811 1025 3888 ab
1040 3837 1118 3887 una
1133 3837 1221 3888 cum
1238 3812 1357 3891 fuerit
1374 3813 1505 3890 electa.

538 3931 642 4007 Item
656 3929 851 4006 actionum
866 3931 982 4006 tertia
996 3929 1141 4008 divisio.

538 4047 619 4125 Ubi
632 4048 832 4125 terminari
847 4048 1010 4126 debeant
1026 4050 1192 4127 actiones
1208 4050 1432 4127 criminales.
1635 4133 1639 4142 ,

536 4169 601 4244 De
619 4167 822 4266 generibus
841 4191 1044 4268 poenarum
1063 4168 1199 4267 quibus
1220 4169 1389 4245 homines
1410 4168 1628 4246 afficiuntur
1647 4179 1810 4270 propter
1828 4196 1962 4247 corum

636 4285 867 4384 iniquitates.

375 4408 423 4482 F.
439 4416 511 4483 105
538 4405 620 4483 Ubi
632 4406 882 4484 temrinandae
895 4416 986 4483 sunt
999 4407 1166 4484 actiones
1179 4407 1317 4484 civiles.

373 4528 422 4603 F.
438 4535 510 4604 106
537 4526 619 4603 Ubi
641 4535 681 4602 et
703 4552 833 4603 coram
856 4527 993 4625 quibus
1017 4529 1190 4626 personis
1215 4527 1476 4626 proponendae
1500 4539 1590 4606 sunt
1616 4529 1782 4607 actiones
1807 4540 1845 4608 et
1870 4557 1959 4632 pro·

636 4646 781 4721 bandae.

536 4764 643 4853 Quid
662 4764 711 4840 sit
731 4763 922 4853 iudicium,
942 4773 982 4840 et
1000 4764 1042 4839 in
1060 4764 1197 4863 quibus
1216 4765 1389 4842 consistit
1408 4765 1574 4843 officium
1593 4766 1738 4856 iudicis,
1760 4767 1900 4844 scilicet
1921 4768 1961 4844 in

635 4883 769 4959 tribus.

534 5001 600 5078 De
613 5011 805 5101 potestate
820 5002 964 5078 iudicis.

372 5124 422 5201 F.
438 5130 510 5205 107
536 5123 601 5202 De
617 5123 799 5200 divisione
818 5123 1123 5200 iurisdictionum
1139 5123 1340 5200 sacerdotii
1357 5133 1396 5200 et
1414 5123 1534 5221 regni.

534 5243 599 5318 De
630 5242 814 5340 regimine
847 5242 1151 5319 iurisdictionum
1183 5243 1305 5340 regni,
1338 5243 1429 5341 quia
1461 5244 1509 5320 de
1543 5244 1748 5321 sacerdotis
1782 5245 1876 5321 nihil
1909 5246 1959 5321 ad

634 5386 812 5461 praesens.
