4374 6366
738 457 799 518 DE
822 457 1026 520 PLACITIS
1050 457 1239 519 CORONAE
1713 463 1785 530 441

197 608 301 707 quod
323 632 402 682 non
425 606 633 705 cognoscit,
657 606 857 706 quiscum
881 606 1018 707 aliquis
1042 606 1258 683 dedixerit²²
1283 605 1480 684 servitium
1504 606 1682 705 petitum,
1708 607 1787 682 sive

197 727 370 804 debitum
386 727 435 803 sit
453 736 492 803 et
509 725 678 803 solutum
696 726 773 801 sive
791 751 880 814 non,
898 750 987 801 cum
1003 727 1043 801 in
1060 725 1203 825 placito
1220 725 1287 800 illo
1303 751 1375 824 per
1391 725 1505 800 breve
1522 724 1667 800 domini
1684 723 1787 821 regis

195 843 415 944 perveniri¹²
433 843 556 943 possit
572 845 622 920 ad
640 844 812 920 duellum
830 842 917 920 vel²⁸
936 869 1121 940 magnam
1140 843 1308 932 assisam,
1327 842 1533 919 manifeste
1552 851 1662 941 patet
1683 842 1786 940 quod

196 962 226 1039 f.
242 961 361 1056 156b]
416 961 546 1038 nullus
565 961 662 1036 liber
681 961 795 1038 homo
816 962 863 1038 de
884 961 953 1038 tali
976 960 1129 1037 servitio
1149 970 1306 1037 tenetur
1325 961 1557 1058 respondere
1579 961 1659 1037 sine
1680 959 1786 1034 brevi

197 1079 341 1156 domini
353 1079 467 1177 regis,
480 1104 559 1154 non
570 1079 695 1177 magis
707 1105 824 1177 quam
838 1080 885 1155 de
899 1079 1018 1156 libero
1030 1089 1249 1157 tenemento
1264 1105 1344 1156 suo.
1364 1079 1441 1154 Sed
1456 1079 1548 1178 quid
1563 1079 1594 1154 si
1610 1078 1787 1154 dominus

197 1208 371 1274 recenter
388 1197 507 1274 fuerit
524 1197 565 1274 in
583 1197 720 1274 seisina
737 1199 785 1274 de
803 1198 956 1274 servitio
975 1199 1023 1274 de
1041 1224 1116 1297 quo
1134 1197 1401 1274 contenditur?
1420 1197 1623 1297 Numquid
1643 1198 1788 1297 poterit

197 1324 333 1392 tenens
352 1316 448 1392 illud
468 1316 661 1392 dedicere?
681 1317 789 1393 Bene
808 1317 953 1415 poterit
973 1325 1019 1392 ut
1037 1316 1201 1405 videtur,
1222 1317 1311 1392 licet
1330 1316 1512 1404 solutum,
1534 1314 1706 1392 debitum
1726 1315 1787 1392 vel

198 1433 422 1511 indebitum.

297 1552 344 1630 Si
356 1577 519 1652 querens
532 1561 718 1652 queratur
730 1554 778 1630 de
791 1552 968 1651 captione
982 1552 1123 1630 scilieet
1137 1563 1175 1630 et
1189 1552 1419 1630 detentione.

200 1672 246 1748 SI
271 1679 402 1749 autem
425 1670 587 1748 tenens²⁴
612 1680 870 1770 conqueratur
893 1672 941 1747 de
966 1671 1110 1747 iniusta
1133 1671 1310 1769 captione
1336 1681 1374 1747 et
1400 1671 1542 1746 iniusta
1568 1670 1789 1772 detentione

198 1790 312 1867 simul
335 1797 375 1866 et
398 1790 526 1878 semel,
548 1790 644 1866 bene
667 1789 811 1889 poterit
835 1799 1041 1888 utramque
1063 1789 1242 1865 iniuriam
1266 1789 1298 1866 si
1321 1789 1414 1865 velit
1438 1788 1629 1888 prosequi,
1653 1797 1693 1865 et
1717 1813 1789 1887 per

199 1909 352 1985 eosdem
368 1916 485 1985 testes
501 1917 541 1985 et
556 1933 628 2007 per
643 1908 804 1986 eandem
821 1916 975 1996 sectam,
993 1908 1024 1984 si
1042 1907 1188 1984 fuerint
1205 1907 1410 1982 concordes
1428 1916 1467 1983 et
1485 1906 1611 1982 idonei
1628 1914 1668 1982 et
1685 1904 1787 1982 suffi-

199 2027 352 2115 cientes,
370 2052 514 2125 ponere
531 2025 675 2125 poterit
693 2035 891 2125 captorem
910 2036 949 2103 et
968 2027 1207 2102 detentorem
1226 2026 1277 2100 ad
1294 2025 1430 2123 legem.
1451 2025 1509 2101 Et
1529 2025 1685 2101 vadiata
1702 2026 1788 2123 lege

197 2144 352 2221 habebit
363 2144 463 2220 diem
476 2145 527 2220 ad
539 2144 756 2221 faciendam
767 2144 893 2243 legem
906 2145 956 2220 ad
969 2144 1189 2243 proximum
1201 2143 1438 2231 comitatum,
1453 2143 1503 2218 ad
1517 2168 1631 2241 quem
1643 2143 1788 2241 poterit

199 2271 361 2362 uterque
374 2289 413 2339 se
427 2261 617 2340 essoniare
631 2263 662 2338 si
675 2263 849 2338 voluerit.
865 2263 923 2339 Et
937 2263 968 2339 si
982 2263 1032 2338 ad
1046 2262 1147 2338 diem
1160 2261 1256 2358 legis
1270 2261 1455 2337 faciendae
1469 2261 1638 2338 defuerit
1652 2262 1788 2360 aliquis

198 2381 247 2458 de
263 2380 475 2470 duodecim,
490 2381 550 2456 vel
567 2381 598 2457 si
612 2389 749 2457 contra
763 2380 964 2480 praedictos
981 2380 1106 2479 excipi
1121 2379 1243 2478 possit
1259 2378 1362 2478 quod
1378 2403 1457 2454 non
1473 2377 1577 2456 sint²⁸
1594 2379 1720 2455 idonei
1739 2380 1788 2455 ad

198 2499 324 2598 legem
338 2500 566 2588 faciendam,
582 2525 627 2575 eo
641 2501 745 2598 quod
758 2499 890 2575 villani
904 2497 1009 2575 sint²⁸
1024 2499 1085 2575 vel
1099 2498 1194 2575 alias
1207 2497 1334 2574 minus
1349 2496 1487 2585 idonei,
1501 2506 1596 2574 tunc
1611 2497 1788 2573 dominus

198 2618 339 2695 incidet
353 2619 393 2694 in
406 2617 703 2694 misericordiam
717 2627 756 2694 et
770 2618 913 2693 damna
928 2617 1104 2694 restituet
1120 2617 1217 2693 sicut
1233 2616 1352 2715 prius.
1370 2615 1429 2690 Et
1443 2615 1633 2712 contingit
1647 2614 1786 2690 multo·

198 2736 297 2813 tiens
322 2735 426 2835 quod
450 2736 626 2813 dominus
652 2734 758 2813 salvo
783 2734 927 2834 poterit
952 2735 1161 2811 defendere
1186 2734 1444 2811 detentionem
1470 2742 1606 2810 contra
1632 2735 1789 2810 vadium

195 2863 235 2931 et
247 2855 406 2953 plegios,
419 2856 487 2931 sed
499 2878 577 2929 non
588 2853 769 2930 iniustam
782 2854 1011 2951 captionem,
1024 2861 1063 2929 et
1075 2879 1151 2951 quo
1163 2877 1253 2928 casu
1265 2861 1427 2951 uterque
1439 2852 1579 2929 incidet
1593 2853 1632 2927 in
1644 2851 1788 2928 miseri·

197 2971 367 3048 cordiam
386 2971 614 3048 vicecomitis
633 2979 715 3048 tam
736 2971 912 3047 dominus
932 2996 1049 3069 quam
1069 2979 1216 3058 tenens,
1237 2968 1404 3046 scilicetn
1427 2971 1603 3047 dominus
1625 2978 1787 3071 propter

197 3089 380 3166 iniustam
394 3089 612 3189 captionem
628 3097 667 3165 et
682 3099 816 3166 tenens
833 3114 905 3187 pro
921 3089 1022 3165 falso
1037 3088 1202 3165 elamore
1219 3087 1266 3164 de
1281 3089 1423 3165 iniusta
1440 3087 1669 3164 detentione.

297 3209 345 3287 Si
358 3208 536 3286 &minae
550 3218 641 3307 post
657 3208 782 3306 legem
798 3208 992 3285 vocitatam
1009 3206 1197 3301 defaltum
1213 3205 1361 3302 fecerit.

200 3327 246 3404 Sl
263 3327 440 3403 dominus
456 3337 547 3426 post
562 3327 688 3424 legem
704 3326 900 3403 vadiatam
917 3326 1105 3403 defaltum
1123 3325 1269 3414 fecerit,
1288 3325 1574 3422 distringendus
1592 3325 1665 3401 erit
1684 3325 1787 3423 quod

197 3445 327 3522 veniat
350 3445 400 3520 ad
423 3444 644 3542 proximum
666 3445 892 3521 comitatum
915 3444 1117 3520 auditurus
1140 3443 1322 3519 iudicium
1345 3468 1459 3519 suum
1481 3442 1529 3518 de
1553 3442 1712 3531 defalta,
1738 3443 1788 3518 ad

199 3589 313 3662 quem
336 3563 561 3640 comitatum
586 3563 664 3640 sive
687 3562 836 3640 venerit
859 3564 938 3639 sive
962 3587 1052 3651 non,
1076 3562 1190 3639 debet
1214 3560 1377 3638 tenens²⁸
1402 3560 1531 3637 averia
1555 3586 1625 3636 sua
1649 3559 1788 3636 habere

198 3680 420 3771 deliberata,
432 3707 478 3758 eo
490 3682 594 3780 quod
607 3681 783 3757 dominus
797 3680 953 3756 deficit²⁰
967 3681 1007 3756 in
1019 3680 1105 3778 lege
1118 3705 1189 3756 sua
1202 3679 1390 3756 facienda.
1406 3679 1465 3755 Et
1478 3689 1568 3776 post
1581 3680 1699 3756 talem
1713 3680 1787 3756 dis·

197 3800 414 3878 trictionem
431 3800 581 3876 nullum
596 3798 751 3876 habebit
767 3824 855 3875 reus
871 3797 1062 3874 essonium
1080 3798 1120 3873 in
1138 3797 1269 3873 odium
1284 3796 1442 3872 defaltae
1460 3822 1577 3895 quam
1595 3797 1699 3885 fecit,
1718 3821 1788 3873 nec

197 3919 343 4018 poterit
360 3918 533 3995 dedicere
550 3917 776 3995 comitatum
794 3942 866 4015 per
883 3917 1048 4015 aliquem
1069 3915 1286 3991 audientem
1306 3924 1345 3992 et
1364 3914 1663 4012 intellegentem,
1684 3916 1787 4013 quod

199 4037 281 4136 ipse
293 4037 418 4136 legem
431 4062 510 4113 non
521 4036 746 4125 vadiaverit,
759 4060 847 4111 cum
861 4036 901 4111 in
914 4033 985 4109 hoc
998 4059 1089 4111 casu
1102 4034 1241 4109 habeat
1256 4033 1460 4110 comitatus
1474 4034 1676 4110 reeordum
1690 4034 1789 4111 sicut

198 4157 239 4232 in
257 4155 340 4233 aliis
359 4156 533 4255 pluribus
552 4155 718 4232 casibus:
738 4154 828 4253 quia
848 4153 878 4230 si
896 4153 967 4229 hoc
986 4153 1114 4228 facere
1133 4159 1275 4251 posset,
1294 4152 1428 4228 eadem
1446 4152 1595 4228 ratione
1616 4152 1788 4229 dedicere

198 4285 328 4374 posset
343 4274 501 4374 quilibet
516 4285 652 4351 contra
666 4273 892 4350 comitatum
906 4273 954 4348 de
970 4270 1053 4348 visu
1069 4271 1192 4370 petito
1208 4280 1247 4347 et
1262 4278 1436 4346 voranto
1451 4278 1588 4345 vocato
1602 4277 1643 4346 et
1658 4268 1788 4368 cogni·

198 4393 366 4471 tionibus
386 4402 425 4470 et
445 4391 751 4470 attachiamentis
771 4400 811 4467 et
830 4390 1059 4467 huiusmodi.
1081 4389 1139 4465 Et
1160 4389 1248 4464 inde
1269 4396 1493 4486 sequeretur
1512 4387 1616 4485 quod
1638 4386 1790 4463 nullum

198 4512 386 4611 placitum
401 4511 675 4588 terminaretur
690 4510 731 4586 in
746 4509 942 4586 comitatu.
962 4508 1055 4584 Hoc
1071 4517 1202 4585 tamen
1219 4506 1373 4582 videtur
1390 4531 1470 4582 esse
1488 4513 1624 4580 contra
1641 4531 1704 4581 eos
1723 4505 1788 4603 qui

199 4631 332 4708 dicunt
351 4630 455 4729 quod
473 4630 677 4706 comitatus
697 4654 776 4704 non
795 4628 911 4704 habet
929 4624 1143 4714 recordum,
1163 4624 1225 4701 cui
1244 4623 1454 4700 contradici
1475 4647 1553 4698 non
1575 4622 1697 4721 possit
1718 4647 1789 4721 per

198 4774 321 4826 unum
336 4749 556 4825 audientem
571 4757 611 4825 et
627 4746 925 4845 intellegentem.
1610 4805 1615 4816 .

301 4867 419 4960 Quod
434 4891 513 4943 aon
527 4875 656 4965 potest
672 4866 757 4964 qais
773 4863 919 4962 aliquid
933 4861 1107 4939 dedicere
1122 4859 1171 4938 de
1187 4860 1345 4936 recorda
1361 4859 1581 4937 asanaa.

199 4987 228 5063 l.
244 4986 338 5080 157]
393 4985 460 5061 An
481 4985 585 5084 quod
603 4983 818 5060 notandum
838 4981 943 5080 quod
962 4979 1090 5056 nullus
1111 4987 1241 5078 potest
1261 4977 1302 5053 in
1321 4976 1507 5054 comitatu
1526 4976 1588 5052 vel
1609 4975 1699 5052 alibi
1721 4975 1787 5051 ali·

198 5174 360 5249 ”dixerit
376 5175 445 5251 OB,
461 5175 538 5249 MA,
553 5175 628 5236 ΜΒ.
666 5171 876 5250 ”ρετνωὶι·ε,
893 5169 931 5244 V,
948 5171 1022 5230 CM.
1062 5167 1148 5230 ”vel
1164 5166 1215 5242 ad,
1231 5168 1299 5243 OC,
1315 5166 1383 5227 MG
1404 5165 1483 5244 (et),
1500 5165 1568 5227 OB.
1608 5160 1787 5240 ²‘quaranta

198 5276 272 5351 MC,
290 5276 366 5337 MG.
406 5273 471 5309 ²²²²²
483 5281 556 5336 sunt
577 5318 586 5336 .
608 5317 617 5334 .
640 5318 648 5335 .
670 5279 753 5347 sunt,
770 5272 865 5334 MSS.
882 5290 948 5332 var.
987 5269 1064 5345 ‘'si,
1080 5269 1150 5342 OB,
1168 5268 1243 5330 ΜΒ.
1283 5266 1402 5344 ¹⁸Om.,
1420 5267 1498 5342 MG,
1515 5265 1581 5327 OC.
1622 5263 1787 5338 '’defecit,

198 5375 238 5451 V,
254 5375 323 5451 OB,
338 5374 413 5438 ΜΒ.
