4392 6352
374 511 449 579 280
906 503 1129 566 BBACTON:
1151 504 1212 564 DE
1236 503 1428 566 LEGIBUS

375 653 601 731 indivisibile
623 654 672 730 sit
695 664 734 731 et
757 655 962 732 sectionem
985 655 1063 732 sive
1085 655 1307 732 divisionem
1330 680 1409 730 non
1432 654 1617 754 patiatur,
1641 653 1789 730 nullam
1814 663 1966 752 partem

375 769 540 860 habebit,
563 774 629 848 sed
652 771 842 848 satisfiat⁸⁰
863 773 898 850 ei
921 773 1010 848 alibi
1033 773 1083 849 ad
1106 773 1323 850 valentiam.
1349 765 1453 849 Item
1475 797 1544 848 nec
1567 773 1614 848 de
1638 772 1766 869 aliquo
1789 773 1893 871 quod
1917 772 1965 848 de

374 890 649 967 consuetudine
667 891 784 966 dividi
802 915 882 967 non
899 892 1006 968 solet.
1027 892 1133 981 Quia
1148 901 1230 969 esto
1249 892 1353 990 quod
1370 892 1430 967 vir
1446 916 1526 967 non
1543 890 1700 968 haberet
1719 891 1792 967 nisi
1810 891 1966 966 unicum

373 1011 600 1100 manerium,
613 1011 691 1088 sive
703 1009 800 1087 illud
812 1011 931 1087 fuerit
944 1018 1063 1109 caput
1076 1010 1242 1086 baroniae
1254 1010 1316 1085 vel
1330 1035 1419 1098 non,
1433 1009 1546 1084 uxori
1560 1032 1638 1085 non
1652 1009 1911 1106 assignabitur
1925 1009 1965 1084 in

375 1128 490 1205 tertia
503 1127 643 1227 parte⁸²
657 1129 803 1227 aliquid
816 1128 864 1204 de
877 1129 1034 1228 capitali
1048 1128 1255 1226 mesuagio.
1271 1130 1369 1226 Ipsa
1382 1129 1484 1204 enim
1497 1127 1591 1204 nihil
1604 1127 1732 1226 capiet
1746 1128 1793 1204 de
1808 1127 1965 1226 capitali

374 1250 571 1347 mesuagio
591 1249 668 1326 sive
686 1274 786 1325 unus
806 1247 856 1324 sit
874 1248 926 1323 ibi
945 1248 1053 1324 heres
1072 1247 1150 1324 sive
1169 1247 1313 1346 plures,
1335 1247 1426 1345 quia
1443 1246 1529 1346 ipsa
1549 1255 1701 1346 partem
1720 1272 1799 1322 non
1820 1244 1964 1345 capit,⁸²

375 1367 473 1443 siem
496 1367 592 1443 facit
614 1366 767 1444 coheres
790 1368 985 1466 particeps
1008 1391 1097 1442 curn
1118 1364 1329 1441 coherede⁸³
1353 1365 1554 1465 participe.
1581 1365 1689 1440 Nihil
1714 1365 1816 1441 enim
1839 1365 1965 1462 capiet

373 1485 423 1561 de
441 1484 599 1583 capitali
617 1484 814 1582 mesuagio
834 1485 1044 1562 secundum
1063 1485 1167 1583 quod
1186 1484 1374 1560 vallatum
1395 1485 1515 1561 fuerit
1534 1494 1575 1561 et
1595 1484 1784 1560 inclusum
1805 1484 1965 1571 fossato,

374 1607 486 1704 haya,
509 1605 571 1681 vel
592 1604 749 1704 palatio.
774 1604 832 1680 Et
854 1604 902 1680 de
924 1604 995 1679 hac
1017 1603 1180 1680 materia
1201 1603 1362 1679 inveniri
1386 1603 1530 1702 poterit
1553 1603 1600 1678 de
1622 1602 1788 1678 termino
1814 1602 1966 1706 Sanctae

374 1723 579 1800 Trinitatis
593 1747 695 1798 anno
707 1721 809 1820 regis
823 1722 988 1798 Henrici
1002 1722 1177 1821 septimo,
1191 1722 1377 1798 comitatu
1387 1721 1570 1808 Essexiae,
1581 1718 1628 1795 de
1638 1719 1806 1818 quadam
1817 1719 1966 1795 Idonea

373 1849 531 1940 petente
544 1842 684 1917 dotem.
700 1842 804 1916 Item
817 1865 886 1916 nec
899 1839 948 1917 de
961 1841 1089 1938 aliquo
1103 1840 1206 1938 quod
1221 1841 1327 1916 infra
1335 1837 1535 1916 clausum⁸⁴
1544 1839 1798 1925 contineatur,
1809 1838 1907 1914 sicut
1916 1837 1964 1914 de

373 1959 557 2056 gordinis,
572 1959 759 2048 servoriis,
772 1959 833 2035 vel
845 1959 1009 2034 vivariis.
1024 1959 1089 2034 De
1102 1959 1318 2036 huiusmodi
1331 1955 1421 2034 vero
1436 1959 1467 2034 si
1482 1958 1628 2034 fuerint
1642 1967 1764 2046 extra,
1779 1958 1852 2034 erit
1866 1957 1963 2033 infe-

374 2075 453 2152 rius
470 2075 673 2152 dicendrun
690 2076 782 2174 quid
797 2077 901 2152 iuris.
920 2077 1000 2153 Sed
1014 2102 1101 2152 cum
1118 2077 1211 2152 nihil
1227 2101 1365 2176 capere
1380 2076 1503 2175 possit
1519 2076 1567 2153 de
1582 2076 1739 2176 capitali
1755 2075 1964 2174 mesuagio,

373 2204 413 2272 et
430 2196 517 2294 ipsa
533 2196 613 2272 sine
628 2196 826 2294 mesuagio
843 2221 924 2271 esse
941 2220 1019 2271 non
1035 2194 1186 2284 debeat,
1205 2195 1324 2292 eligat
1341 2196 1428 2295 ipsa
1444 2196 1492 2271 de
1510 2193 1743 2292 villenagio⁸⁸
1762 2194 1965 2270 honestum

374 2313 531 2411 aliquod
548 2322 588 2389 et
605 2315 710 2412 quod
727 2323 947 2412 competens
967 2313 1001 2390 ei
1020 2339 1100 2391 esse
1119 2312 1336 2401 videatur,⁸⁶
1357 2321 1396 2390 et
1414 2313 1503 2390 inde
1523 2339 1563 2390 se
1581 2321 1712 2390 teneat
1731 2320 1963 2388 contentam.

376 2431 419 2508 Si
438 2441 569 2508 autem
587 2431 737 2508 nullum
754 2433 995 2530 mesuagium
1014 2432 1291 2509 inveniatur-in
1310 2431 1527 2530 villenagio,
1546 2441 1641 2509 tunc
1660 2431 1911 2530 provideatur
1930 2432 1965 2507 ei

373 2551 414 2627 in
435 2551 519 2626 loco
540 2551 774 2650 competenti
796 2551 972 2650 quaedam
994 2550 1126 2650 platea
1147 2575 1231 2650 quae
1253 2551 1288 2627 ei
1311 2549 1482 2627 sufficere
1504 2549 1626 2649 possit
1650 2550 1700 2626 ad
1723 2549 1964 2648 mesuagium

374 2671 425 2746 ad
440 2670 648 2746 valentiam
664 2669 786 2746 tertiae
803 2669 937 2769 partis,
955 2668 1097 2746 scilicet
1112 2667 1153 2744 in
1170 2669 1295 2745 latum
1311 2679 1350 2745 et
1367 2669 1409 2743 in
1424 2669 1596 2766 longum,
1614 2677 1654 2744 et
1670 2693 1749 2744 non
1767 2668 1818 2745 cd
1834 2668 1963 2744 valen·

371 2789 468 2866 tiam
486 2781 744 2877 aedificiorum,
764 2796 803 2865 et
822 2788 892 2865 fiat
911 2787 1151 2885 mesuagium
1171 2787 1218 2864 de
1239 2787 1352 2864 bosco
1372 2787 1575 2863 communi.
1599 2787 1642 2863 Si
1663 2797 1794 2864 autem
1814 2787 1963 2862 nullum

373 2908 423 2984 sit
438 2907 678 3005 mesuagium
695 2905 743 2982 de
759 2907 964 3004 villenagio
981 2931 1050 2982 nec
1067 2905 1211 3004 aliquid
1229 2905 1269 2980 in
1286 2905 1475 2981 dominico
1492 2905 1558 2981 ubi
1574 2905 1658 2981 fieri
1676 2906 1798 3004 possit
1815 2931 1962 2982 mesua-

372 3027 492 3126 gium,
513 3036 607 3103 tunc
628 3026 676 3102 de
697 3025 921 3102 necessitate
942 3025 1217 3100 recurrendum
1238 3024 1310 3100 erit
1332 3025 1383 3100 ad
1404 3022 1569 3122 capitale
1590 3023 1842 3121 mesuagium,
1865 3023 1963 3100 sicut

371 3145 413 3221 in
424 3146 622 3244 burgagiis
635 3145 685 3221 ad
697 3145 860 3220 liberum
871 3144 1047 3219 bancum.
1061 3143 1119 3218 Et
1131 3143 1209 3217 haec
1222 3143 1351 3218 omnia
1363 3167 1455 3218 vera
1468 3152 1559 3219 sunt
1572 3140 1671 3217 nisi⁸⁷
1685 3142 1734 3218 ab
1748 3141 1857 3218 initio
1870 3142 1963 3218 velit

373 3263 481 3340 heres
501 3264 535 3339 ei
556 3263 678 3361 gratis
698 3271 851 3362 partem
871 3262 1077 3338 concedere
1099 3262 1146 3338 de
1166 3261 1323 3360 capitali
1343 3261 1553 3359 mesuagio,
1574 3261 1678 3360 quod
1699 3261 1795 3338 bene
1816 3260 1964 3338 licitum

373 3382 403 3457 f.
418 3382 488 3474 98]
543 3381 616 3458 erit
629 3406 718 3457 cum
728 3382 837 3457 heres
849 3379 921 3455 hoc
932 3379 1108 3456 voluerit.
1124 3381 1229 3456 Item
1242 3381 1274 3456 si
1288 3379 1328 3455 in
1342 3380 1476 3456 eodem
1490 3378 1674 3455 manerio²
1688 3379 1729 3454 in
1744 3405 1821 3478 quo
1833 3376 1964 3456 tertia²

372 3527 464 3600 pars
478 3500 551 3577 erit
565 3502 599 3576 ei
614 3498 846 3599 assignanda
859 3499 1006 3576 fuerint
1020 3499 1135 3598 plura
1149 3497 1331 3598 capitolia
1344 3498 1552 3595 mesuagia,
1567 3498 1645 3573 duo
1659 3498 1720 3574 vel
1736 3498 1862 3597 plura,
1877 3498 1963 3597 ipsa

372 3619 423 3694 ad
441 3619 568 3695 minus
588 3618 744 3694 unicum
764 3616 930 3706 habebit,
951 3616 1045 3693 dum
1065 3625 1198 3693 tamen
1218 3616 1325 3693 heres
1347 3616 1486 3692 habeat
1508 3616 1741 3692 electionem.
1767 3616 1810 3692 Si
1832 3623 1962 3692 autem

371 3737 598 3814 nominatim
616 3745 656 3813 et
674 3736 825 3834 integre
844 3737 980 3812 dotata
998 3736 1118 3812 fuerit
1137 3735 1185 3812 de
1205 3735 1333 3834 aliquo
1351 3734 1534 3822 manerio,
1554 3734 1615 3810 vel
1635 3735 1963 3832 qualitercumque

373 3857 509 3932 dotata
530 3855 661 3944 fuerit,
685 3855 716 3931 si
738 3853 959 3931 convenerit
981 3855 1082 3930 inter
1105 3855 1229 3953 ipsam
1252 3862 1292 3930 et
1314 3853 1493 3929 heredem
1517 3853 1621 3952 quod
1643 3852 1783 3929 habeat
1807 3852 1963 3950 aliquod

371 3977 586 4054 manerium
611 3977 760 4074 integre
785 4000 857 4075 pro
883 3976 983 4063 dote,
1008 3975 1104 4050 illud
1128 3972 1269 4051 totum⁸
1294 3974 1448 4050 habebit
1472 3998 1560 4049 cum
1584 3973 1789 4071 mesuagiis
1814 3980 1854 4049 et
1879 3973 1962 4049 aliis

372 4097 625 4196 pertinentiis
643 4097 715 4173 nisi
733 4096 877 4194 aliquid
896 4096 1016 4172 fuerit
1033 4095 1249 4195 specialiter
1266 4103 1484 4194 exceptum,
1503 4095 1563 4170 vel
1583 4094 1655 4170 nisi
1674 4094 1782 4169 valor
1802 4095 1963 4170 excedat

371 4220 501 4295 dotem
518 4217 794 4296 rationabilem.
814 4217 917 4292 Item
933 4241 1022 4292 cum
1039 4216 1273 4314 assignanda
1289 4215 1408 4291 fuerit
1425 4215 1460 4292 ei
1475 4215 1592 4291 tertia
1609 4240 1700 4314 pars
1719 4215 1826 4292 facta
1844 4214 1961 4311 assig-

371 4339 527 4416 natione
545 4339 593 4415 de
610 4337 818 4435 mesuagio,
838 4337 1056 4434 assignetur
1074 4337 1107 4412 ei
1125 4337 1242 4412 tertia
1260 4361 1351 4435 pars
1372 4336 1419 4412 de
1438 4335 1542 4412 omni
1561 4335 1666 4434 quod
1684 4334 1756 4411 vir*
1776 4336 1903 4412 tenuit
1921 4335 1962 4410 in

372 4459 561 4535 dominico
588 4459 797 4534 secundum
823 4466 969 4533 statum
994 4465 1223 4556 praesentem
1250 4457 1291 4533 in
1315 4466 1421 4532 terra
1448 4456 1593 4544 arabili,
1622 4456 1831 4532 seeundum
1858 4456 1962 4554 quod

372 4578 492 4655 fuerit
513 4578 619 4653 culta
639 4577 700 4653 vel
722 4578 878 4666 inculta,
901 4578 1087 4653 seminata
1109 4578 1170 4653 vel
1192 4602 1271 4653 non
1293 4577 1492 4665 seminata,
1515 4586 1554 4653 et
1578 4577 1608 4653 si
1631 4577 1751 4653 fuerit
1775 4577 1962 4654 seminata

371 4698 433 4774 vel
450 4723 529 4773 non
546 4697 735 4774 seminata
750 4697 844 4774 nihil
860 4697 968 4774 dabit
987 4723 1059 4796 pro
1075 4698 1239 4775 cultura.
1260 4699 1364 4774 Item
1382 4696 1600 4795 assignetur
1617 4698 1651 4774 ei
1670 4697 1786 4774 tertia
1803 4722 1895 4795 pars
1913 4696 1962 4772 de

372 4915 398 4951 ⁸⁰
410 4917 597 4992 satisfaciat,
611 4917 651 4992 V,
664 4918 733 4991 OB,
749 4917 824 4992 MA,
839 4918 915 4992 MB,
929 4917 996 4993 ΟΕ,
1011 4918 1051 4991 Y,
1067 4918 1146 4991 MC;
1161 4921 1267 4978 statIm
1284 4917 1390 4990 iaciat,
1407 4917 1486 4990 MG,
1501 4917 1573 4978 ΟΜ.
1612 4914 1637 4948 ⁸¹
1650 4922 1741 4993 parte
1756 4935 1822 4991 sua,
1837 4916 1877 4992 V,
1892 4914 1961 4989 OA,

371 5017 438 5092 LA,
450 5017 524 5079 MC.
560 5017 711 5096 ”capiet
724 5019 792 5093 OB,
807 5018 883 5091 MA,
896 5020 971 5080 MB.
1007 5016 1033 5052 ⁸³
1046 5017 1322 5094 Om.,Y;herede,
1337 5019 1406 5094 OB,
1420 5018 1496 5090 MA,
1511 5018 1587 5092 ΜΒ,
1602 5017 1680 5092 MG,
1694 5018 1735 5092 Y,
1750 5017 1823 5079 ΟΜ.
1859 5015 1962 5078 ⁸‘clu-

371 5139 448 5192 sum,
465 5119 541 5192 MA,
557 5118 624 5194 LA,
641 5120 716 5180 MG.
754 5117 781 5152 ⁸⁵
793 5117 980 5197 villenagiis,
996 5120 1041 5192 V;
1058 5119 1235 5197 vlllenagio‚
1253 5119 1322 5193 OA,
1339 5119 1406 5194 LA,
1423 5119 1490 5193 ΟΟ,
1510 5120 1584 5194 ΜΟ,
1601 5119 1654 5179 ΟΕ
1664 5140 1673 5192 ;
1690 5117 1847 5198 villenag,
1866 5118 1961 5179 MSS.

370 5237 436 5277 var.
474 5216 500 5250 ⁸⁶
511 5217 624 5293 videat,
642 5219 711 5291 OB,
728 5219 804 5293 MA,
821 5219 896 5280 MB.
935 5217 960 5252 ⁸⁷
973 5217 1035 5294 ubi,
1053 5219 1129 5293 MA,
1146 5219 1213 5292 ΟΕ,
1231 5220 1303 5280 ΜΟ.

454 5314 493 5350 ²⁶²
503 5321 640 5378 manerio
658 5317 711 5378 ubi
728 5323 832 5392 tertia,
851 5317 928 5394 MG,
947 5318 987 5392 Y,
1006 5319 1079 5379 cM.
1121 5317 1362 5394 ⁸tenementum,
1381 5321 1448 5397 ΟΕ,
1467 5322 1512 5394 Υ;
1532 5328 1738 5382 tenementum
1757 5329 1865 5399 totum,
1887 5322 1961 5396 CM,

374 5418 441 5480 MG
461 5418 540 5495 (ten.
555 5420 663 5496 cum).
701 5418 772 5480 *vir
787 5441 870 5494 suus,
886 5421 954 5496 OA,
972 5419 1038 5493 LA,
1055 5421 1129 5494 MC,
1146 5420 1213 5496 OC,
1230 5422 1268 5482 V.
