4432 6340
649 521 709 581 DE
733 520 1036 593 ADQUIRENDO
1059 522 1217 582 RERUM
1240 522 1442 585 DOMINIO
1769 531 1843 600 265

253 683 482 772 perceptum
496 673 627 762 fuerit,
640 682 889 749 convertatur
900 674 941 749 in
954 674 1197 749 commodum
1210 673 1330 772 ipsius
1346 673 1411 771 qui
1424 673 1530 749 infra
1544 682 1697 750 aetatem
1712 675 1843 764 fuerit,

152 861 154 864 ,
253 792 464 867 secundum
485 790 774 890 dispositionem
795 800 835 867 et
855 791 1122 890 provisionem¹
1135 801 1342 890 parentum
1363 801 1500 868 contra
1521 793 1683 869 dedecus
1707 793 1741 869 ei
1764 794 1843 869 fac·

252 917 348 985 tum.
367 909 410 983 Si
425 918 556 985 autem
571 909 692 986 fuerit
706 909 996 1008 quatuordecim
1012 935 1202 986 annorum
1218 920 1257 987 et
1273 910 1389 999 ultra,
1406 912 1509 1009 quod
1526 911 1739 988 consentire
1756 937 1843 1011 pos·

253 1031 314 1118 sit,
338 1038 377 1106 et
401 1028 470 1105 tali
492 1028 698 1126 maritagio
721 1029 965 1116 consenserit,
991 1028 1099 1104 nulla
1123 1053 1239 1128 poena
1263 1029 1529 1127 subsequatur.
1558 1029 1601 1106 Si
1626 1028 1710 1128 quis
1735 1030 1842 1106 heres

252 1147 523 1245 cuiuscumque
536 1146 659 1222 aetatis
673 1145 793 1222 fuerit
806 1172 879 1244 pro
892 1147 1046 1223 domino
1060 1172 1129 1223 suo
1144 1173 1184 1223 se
1197 1148 1379 1223 maritare
1393 1148 1570 1236 noluerit,
1585 1173 1664 1224 non
1677 1148 1842 1248 compel-

252 1267 357 1342 latur
374 1266 445 1341 hoc
464 1267 592 1342 facere
609 1273 745 1341 contra
763 1266 1003 1342 voluntatem
1022 1291 1142 1342 suam.
1166 1265 1244 1342 Sed
1263 1291 1351 1342 cum
1372 1267 1421 1342 ad
1440 1275 1594 1342 aetatem
1612 1267 1842 1365 pervenerit,

251 1383 407 1460 domino
424 1409 493 1460 suo
509 1384 723 1461 satisfaciat
739 1386 787 1461 de
803 1391 914 1460 tanto
931 1394 1121 1483 quantum
1138 1384 1315 1462 dominus
1332 1409 1424 1460 suus
1442 1383 1666 1482 percipere⁴⁸
1685 1383 1843 1484 posset⁴⁴

252 1505 302 1580 ab
316 1505 445 1602 aliquo
461 1530 534 1602 pro
549 1503 754 1600 maritagio
770 1512 978 1600 antequam
994 1512 1139 1579 terram
1155 1528 1264 1580 suam
1281 1503 1452 1602 recipiat,
1471 1513 1510 1579 et
1526 1503 1604 1579 sive
1621 1504 1785 1580 voluerit
1803 1530 1843 1580 se

252 1622 434 1699 maritare
455 1623 533 1699 sive
554 1647 632 1697 non
654 1620 859 1721 praedictus
880 1621 1000 1710 heres,
1023 1621 1114 1719 quia
1134 1622 1383 1719 maritagium
1405 1623 1485 1698 eius
1508 1622 1573 1719 qui
1596 1622 1715 1698 fuerit
1738 1622 1844 1698 infra

252 1748 404 1817 atatem
421 1765 527 1817 mero
544 1740 626 1816 iure
642 1739 812 1839 pertinet
830 1740 881 1816 ad
897 1739 1095 1815 dominum
1113 1739 1228 1816 feodi.

351 1959 416 2037 De
435 1958 705 2035 donationibus
722 1967 887 2057 propter
904 1959 1062 2057 nuptias
1081 1957 1129 2034 ob
1149 1982 1304 2035 caenam
1324 1959 1424 2036 dotia
1444 1969 1483 2035 et
1503 1959 1550 2036 de
1571 1959 1842 2036 constitutione

352 2076 464 2154 dotia.

252 2195 281 2270 f.
296 2196 365 2287 92]
422 2195 634 2284 Quonmru
647 2195 742 2272 utile
755 2205 813 2272 est
827 2195 1003 2272 mulieres
1016 2221 1097 2272 esse
1110 2197 1263 2272 dotatas
1277 2196 1408 2272 multis
1421 2196 1469 2272 de
1483 2196 1617 2284 causis,
1633 2197 1841 2294 adquirim-

252 2323 318 2389 tur
338 2313 440 2389 enim
460 2314 513 2391 eis
535 2340 623 2391 cum
645 2315 791 2392 fuerint
813 2316 1039 2391 maritandae
1061 2340 1191 2391 rerum
1213 2314 1384 2391 dominia¹
1401 2341 1452 2390 ex
1474 2340 1589 2391 causa
1612 2315 1841 2403 donationis,

251 2443 296 2510 ut
319 2458 407 2510 cum
431 2433 578 2509 femina
601 2433 721 2510 fuerit
744 2433 975 2521 maritanda,
1000 2434 1046 2510 fit
1070 2435 1105 2510 ei
1130 2433 1287 2510 donatio
1311 2460 1336 2510 a
1359 2433 1441 2509 viro
1468 2459 1537 2510 suo
1561 2433 1693 2510 multis
1718 2434 1841 2510 modis

251 2561 414 2651 propter
432 2553 591 2650 nuptias
610 2553 657 2628 de
677 2578 719 2628 re
738 2553 900 2652 propria
918 2552 1002 2641 viri,
1023 2552 1083 2629 vel
1104 2553 1151 2628 de
1172 2579 1213 2628 re
1233 2552 1356 2651 patris
1376 2552 1437 2628 vel
1457 2552 1603 2640 matris,
1626 2553 1760 2629 fratris
1781 2551 1842 2627 vel

251 2671 402 2759 sororis,
426 2671 488 2747 vel
510 2671 667 2748 alterius
691 2671 813 2759 amici,
837 2673 885 2748 de
907 2697 1040 2748 eorum
1063 2695 1250 2747 consensu
1274 2680 1313 2748 et
1337 2671 1553 2747 voluntate:
1579 2697 1664 2769 quae
1686 2670 1842 2771 quidem

251 2789 408 2866 donatio
427 2788 567 2865 dicitur
587 2790 667 2878 dos,
687 2797 727 2866 et
746 2814 830 2887 quae
850 2789 1005 2888 quidem
1023 2790 1199 2888 perfecta
1219 2814 1299 2865 esse
1319 2814 1398 2865 non
1417 2799 1547 2889 potest
1567 2799 1657 2866 ante
1677 2799 1843 2866 mortem

250 2910 334 2998 viri,
349 2934 419 2987 nec
433 2907 608 3008 quamvis
622 2909 662 2984 in
676 2909 759 2984 vita
772 2908 843 2983 viri
859 2908 981 3007 possit
996 2907 1188 2996 constitui,
1203 2917 1334 2984 tamen
1351 2917 1441 2984 ante
1455 2915 1620 2984 mortem
1636 2934 1745 2986 suam
1762 2933 1841 2984 non

251 3027 395 3127 poterit
405 3027 614 3124 assignari.
639 3027 838 3125 Imprimis
858 3026 978 3124 igitur
999 3025 1219 3102 videndum²
1243 3026 1335 3124 quid
1358 3027 1407 3102 sit
1429 3027 1510 3114 dos,
1532 3035 1572 3102 et
1594 3051 1677 3124 quae
1700 3026 1749 3104 sit
1772 3028 1841 3103 dos

251 3145 498 3234 rationabilis,
519 3155 558 3221 et
578 3145 661 3244 quis
681 3145 804 3244 possit
823 3146 953 3221 dotem
972 3144 1216 3233 constituere,
1236 3154 1276 3221 et
1295 3144 1367 3220 cui.
1391 3146 1495 3221 Item
1514 3146 1682 3244 quando,
1702 3154 1742 3222 et
1762 3145 1840 3234 ubi,

251 3266 354 3342 etde
372 3290 449 3364 qua
465 3291 518 3353 re,
537 3274 577 3341 et
595 3273 795 3362 quantum.
815 3264 919 3339 Item
936 3262 1021 3362 quis
1039 3263 1162 3363 possit
1180 3264 1310 3339 dotem
1329 3262 1537 3360 assignare,
1555 3273 1595 3341 et
1614 3265 1781 3362 quando,
1801 3273 1841 3340 et

250 3383 356 3459 infra
371 3384 474 3481 quod
489 3392 654 3481 tempus,
670 3392 709 3458 et
723 3381 790 3457 ubi
806 3381 1034 3478 assignetur,
1051 3406 1134 3480 quae
1150 3388 1346 3479 competat
1361 3382 1461 3458 actio
1476 3381 1626 3458 mulieri
1644 3383 1694 3459 ad
1710 3382 1841 3458 dotem

251 3525 360 3577 suam
375 3500 692 3598 consequendam.

352 3620 459 3712 Quid
472 3621 523 3697 ait
535 3619 616 3696 doe.

251 3737 316 3812 Er
334 3739 530 3814 sciendum
549 3735 653 3834 quod
670 3737 739 3812 dos
758 3746 816 3813 est
835 3737 875 3812 id
894 3737 997 3834 quod
1015 3735 1111 3812 liber
1129 3736 1243 3811 homo
1263 3737 1331 3813 dat
1350 3761 1499 3835 sponsa
1519 3736 1609 3813 suae²
1631 3738 1680 3813 ad
1699 3736 1840 3813 ostium

251 3854 413 3930 ecclesiae
436 3865 598 3955 propter
622 3879 718 3932 onus
740 3853 974 3930 matrimonii
998 3863 1037 3931 et
1060 3853 1217 3952 nuptias
1243 3854 1409 3942 futuras,
1433 3853 1497 3930 ad⁸
1522 3855 1841 3932 sustentationem

250 3972 381 4049 uxoris
394 3971 448 4049 et*
462 3973 727 4049 educationem
738 3973 945 4048 liberorum
960 3996 1047 4048 cum
1061 3972 1208 4048 fuerint
1222 3971 1425 4070 procreati,
1441 3973 1472 4048 si
1486 3972 1545 4048 vir
1559 3972 1838 4072 praemoriatur.

351 4092 459 4186 Quid
475 4091 525 4168 ait
544 4089 780 4168 rationabilia
799 4090 878 4166 dos.

249 4211 545 4287 Rinosmms
564 4209 706 4285 autem⁶
725 4210 794 4301 dos
811 4217 871 4284 est
888 4207 1089 4284 cuiuslibet
1106 4208 1275 4284 mulieris
1295 4209 1342 4285 de
1363 4233 1600 4307 quocumque
1620 4218 1839 4286 tenemento

248 4329 366 4405 tertia
392 4354 483 4427 pars
510 4327 681 4404 omnium
708 4336 901 4403 terrarum
927 4335 967 4402 et
993 4335 1300 4403 tenementorum
1328 4352 1413 4425 quae
1439 4327 1498 4402 vir
1526 4353 1617 4403 suus
1645 4327 1771 4405 tenuit
1799 4327 1839 4403 in

250 4445 439 4522 dominico
461 4471 542 4534 suo,
565 4455 604 4523 et
625 4446 682 4522 ita
702 4446 743 4521 in
766 4445 880 4522 feodo
903 4445 1006 4543 quod
1028 4471 1113 4522 eam
1135 4444 1224 4522 inde
1246 4446 1382 4521 dotare
1403 4445 1547 4544 poterit
1569 4445 1631 4522 die
1655 4472 1731 4545 quo
1754 4472 1839 4523 eam

248 4562 522 4662 desponsavit.⁸

350 4683 450 4778 Qua
464 4684 586 4782 possit
603 4682 733 4759 dotem
749 4681 991 4758 corratituere.

250 4802 362 4878 Iam
384 4801 467 4900 quis
488 4800 609 4900 possit
629 4802 759 4877 dotem
779 4799 1031 4876 constituere?
1053 4799 1111 4876 Et
1133 4799 1328 4875 sciendum
1349 4801 1452 4897 quod
1472 4809 1555 4876 tarn
1576 4802 1701 4877 minor
1722 4826 1839 4899 quam

247 4919 370 4997 maior
384 4919 588 4996 masculus.
605 4917 701 4994 Cui?
716 4917 845 4993 Uxori
860 4927 941 4994 tam
956 4916 1092 4994 maiori
1107 4942 1223 5015 quam
1238 4917 1387 4994 minori.
1406 4917 1558 4994 Poterit
1574 4919 1675 4994 enim
1691 4918 1755 4994 ille
1773 4920 1838 5016 qui

248 5038 355 5113 infra
374 5045 528 5114 aetatem
549 5045 608 5113 est
629 5061 790 5112 uxorem
811 5061 921 5112 suam
943 5036 1077 5111 dotare
1100 5035 1273 5133 quamvis
1296 5035 1524 5111 existentem
1546 5034 1652 5112 infra
1673 5045 1837 5126 aetatem,

188 5195 193 5206 ·
249 5156 343 5231 dum
367 5165 499 5232 tamen
523 5154 644 5254 possit
670 5154 800 5230 dotem
824 5154 1047 5253 promereri,
1073 5162 1112 5229 et
1137 5153 1263 5228 virum
1289 5153 1487 5241 sustinere,
1515 5163 1554 5230 et
1580 5155 1753 5252 quamvis
1778 5156 1838 5230 vir

248 5337 274 5372 ⁴⁸
286 5343 435 5417 reprere,
451 5338 520 5415 OB,
535 5339 612 5413 MA,
627 5339 702 5399 ΜΒ.
739 5335 766 5371 “
777 5341 887 5416 possit,
903 5337 979 5410 MA,
995 5337 1070 5413 cM,
1085 5337 1151 5398 OC.

331 5437 520 5500 ²vtdendum
534 5445 593 5513 est,
608 5437 686 5513 MG,
703 5437 776 5499 CM.
814 5435 1246 5516 ¹0m,0A,Mo,(÷Y).
1283 5436 1339 5499 ⁸et
1355 5437 1406 5513 ad,
1422 5439 1491 5515 OB,
1508 5440 1585 5515 ΜΒ,
1602 5441 1676 5502 CM.
1715 5439 1837 5519 ‘etad

247 5541 317 5618 OB,
337 5541 413 5617 MA,
433 5540 509 5617 ΜΒ,
529 5540 602 5602 CM.
644 5539 749 5615 'Om.,
769 5540 847 5615 MG,
866 5540 905 5601 Y.
947 5537 1217 5617 ‘desponsaverit
1238 5539 1277 5613 Y,
1298 5539 1362 5600 GE.
