4374 6366
751 467 812 526 DE
836 467 1039 529 PLACITIS
1063 468 1252 532 CORONAE
1725 481 1799 556 427

209 613 392 692 duellum.
427 614 469 692 Si
499 624 630 692 autem
659 617 977 707 warantizaverit,
1008 628 1101 695 tunc
1132 620 1263 697 statim
1294 645 1382 698 cum
1412 623 1559 700 tradita
1588 651 1649 701 res
1680 625 1800 703 fuerit

208 743 394 822 waranto,
409 733 633 810 liberabitur
647 734 711 811 ille
725 735 790 833 qui
803 745 1021 814 warantum
1035 738 1197 826 vocavit,
1212 748 1251 816 et
1266 739 1329 816 ille
1344 740 1410 838 qui
1426 767 1507 817 rem
1522 741 1691 820 vindicat
1706 753 1799 820 tunc

208 847 392 950 loquatur
409 877 542 928 versus
560 877 648 928 eum
667 852 732 951 qui
749 853 1014 932 warantizavit
1033 880 1104 954 per
1122 856 1238 933 verba
1258 858 1414 956 appelli,
1434 860 1533 936 sicut
1550 860 1701 938 locutus
1722 861 1801 937 fuit

208 970 335 1068 primo
348 995 480 1046 versus
493 969 663 1070 primum
677 970 859 1048 scisitum.
876 973 934 1050 Et
949 973 1002 1050 sic
1015 973 1178 1050 vocare²'
1193 976 1337 1074 poterit
1352 986 1547 1055 warantus
1563 979 1611 1055 de
1626 989 1800 1056 waranto

209 1087 250 1162 in
276 1097 505 1178 warantum,
532 1088 663 1188 plures
691 1089 790 1167 sicut
815 1114 928 1180 unus,
958 1097 1077 1189 <per
1104 1093 1291 1170 auxilium
1318 1095 1431 1169 curia
1458 1103 1498 1171 et
1524 1121 1596 1194 per
1623 1096 1797 1188 breve>

212 1205 305 1297 <si
324 1205 408 1304 quis
428 1232 520 1283 vero
539 1207 656 1283 cum¹⁸
675 1216 893 1286 warantum
912 1209 1133 1287 vocaverit²⁹
1152 1211 1292 1288 habere
1312 1236 1391 1288 non
1412 1214 1535 1312 possit
1554 1214 1634 1291 sine
1656 1215 1800 1292 auxilio

209 1323 351 1422 regis,²⁰
366 1334 459 1401 tunc
475 1325 546 1402 fiat
561 1325 675 1403 breve
692 1327 732 1402 in
746 1327 817 1402 hac
833 1327 962 1404 forma
977 1329 1198 1405 vicecomiti.

308 1443 435 1520 Breve
452 1443 500 1520 de
515 1443 694 1538 faciendo
711 1445 840 1522 venire
857 1454 1073 1522 warantum
1090 1472 1162 1546 per
1179 1447 1376 1526 nautam.

208 1561 306 1637 Rux
324 1560 534 1638 vicecomiti
555 1561 729 1639 salutem.
751 1563 1001 1662 Praecipimus
1021 1565 1092 1641 tibi
1112 1567 1217 1664 quod
1235 1566 1306 1642 tali
1327 1567 1400 1656 die,
1421 1567 1518 1644 tali²1
1539 1569 1670 1645 anno²¹
1690 1570 1799 1669 regni

206 1678 341 1768 nostri,
352 1680 483 1756 venire
496 1680 615 1757 facias
627 1681 746 1758 talem
757 1683 807 1758 ad
819 1683 1045 1760 comitatum
1056 1684 1185 1774 talem,
1198 1685 1259 1761 vel
1271 1685 1322 1761 ad
1334 1684 1479 1762 curiam
1490 1687 1608 1764 talem
1623 1689 1729 1787 apud
1741 1698 1799 1765 ta-

209 1798 286 1875 lem
300 1799 438 1888 locum
455 1800 505 1875 ad
521 1801 833 1898 respondendum
848 1801 890 1876 in
905 1801 1039 1879 eodem
1054 1803 1239 1879 comitatu
1256 1803 1316 1879 vel
1332 1804 1374 1879 in
1391 1805 1524 1882 eadem
1542 1806 1648 1882 curia
1662 1806 1733 1882 tali
1750 1806 1799 1883 de

207 1917 520 1995 warantiaatione
537 1918 650 1994 unius
668 1918 756 2016 equi
774 1918 908 2007 furati,
926 1920 986 1995 vel
1005 1919 1162 1997 alterius
1180 1922 1235 1996 rei
1253 1947 1370 2020 quam
1388 1923 1421 1999 ei
1440 1923 1612 2000 vendidit
1631 1934 1675 2001 ut
1695 1924 1798 2013 dicit,

209 2044 248 2112 et
260 2035 364 2112 unde
375 2036 476 2112 idem
488 2036 575 2113 talis
588 2037 628 2111 in
641 2037 775 2114 eodem
786 2038 972 2114 comitatu
985 2038 1046 2114 vel
1058 2038 1099 2114 in
1113 2039 1245 2115 eadem
1258 2039 1364 2115 curia
1377 2041 1527 2118 vocavit
1540 2041 1667 2140 ipsum
1680 2043 1799 2119 talem

208 2155 259 2230 ad
275 2163 492 2231 warantum
507 2179 640 2230 versus
656 2155 784 2253 ipsum
800 2155 929 2232 talem.
948 2157 1065 2233 Teste
1083 2166 1259 2234 etcetera.
1280 2158 1323 2235 si
1340 2159 1425 2256 quis
1443 2168 1572 2236 autem
1591 2185 1672 2236 rem
1691 2159 1797 2236 fura·

208 2270 317 2349 tam²⁸
332 2272 466 2349 emerit
480 2297 568 2348 cum
582 2273 689 2349 illam
703 2275 874 2351 crederet
890 2300 970 2351 esse
985 2275 1161 2372 legalem,
1176 2284 1270 2352 tunc
1286 2276 1317 2353 si
1331 2286 1548 2353 warantum
1563 2302 1643 2352 non
1657 2277 1797 2353 habue-

207 2391 260 2467 rit
279 2389 595 2488 distinguendum
616 2391 689 2468 erit
708 2390 868 2467 utrum²‘
889 2392 994 2468 illam
1015 2391 1177 2469 emerit²⁸
1198 2391 1350 2493 publice
1370 2394 1471 2472 etin
1492 2395 1591 2471 feria
1612 2393 1678 2472 et²⁸
1698 2421 1797 2472 mer-

208 2517 295 2585 cato
318 2517 357 2585 et
377 2508 571 2599 nundinis,
594 2517 633 2584 et
655 2535 784 2596 coram
807 2509 955 2586 ballivis
979 2520 1018 2588 et
1041 2509 1151 2586 aliis²⁷
1175 2511 1305 2610 probis
1328 2512 1543 2590 hominibus
1567 2515 1632 2612 qui
1655 2515 1703 2592 de
1727 2515 1798 2591 hoc

207 2627 469 2703 testimonium
484 2626 760 2726 perhibuerint,
777 2637 816 2703 et
832 2629 936 2726 quod
951 2629 1143 2706 tolnetum
1158 2638 1198 2706 et
1214 2631 1506 2708 consuetudines
1523 2632 1689 2709 dederit:
1707 2633 1798 2709 libe·

206 2743 357 2822 rabitur
372 2744 460 2822 talis
478 2755 632 2844 emptor
648 2770 736 2821 cum
753 2771 834 2822 rem
851 2747 1062 2823 restituerit
1080 2772 1171 2823 vero
1189 2748 1356 2838 domino,
1375 2749 1442 2825 sed
1460 2749 1554 2825 nihil
1572 2751 1798 2828 restituetur

207 2861 237 2937 f.
254 2861 372 2956 151b]
429 2863 462 2938 ei
487 2864 534 2940 de
558 2861 696 2962 pretio,
721 2863 824 2962 quod
847 2863 960 2940 solvit
984 2890 1057 2963 pro
1081 2865 1214 2941 eadem
1239 2892 1291 2941 re.
1320 2866 1362 2943 si
1388 2875 1518 2944 autem
1542 2866 1636 2943 nihil
1660 2868 1797 2944 horum

206 2980 394 3070 habuerit,
409 2981 450 3056 in
466 2981 636 3079 periculo
652 2981 785 3073 erit>

308 3100 426 3193 Quod
439 3100 670 3198 quandoque
682 3100 804 3178 intrat
818 3099 954 3198 aliquia
967 3101 1008 3176 in
1022 3103 1248 3179 warantiara
1264 3102 1451 3180 mabttoae
1467 3113 1505 3180 et
1519 3128 1592 3202 per
1604 3104 1796 3199 fraudem.

208 3219 367 3293 Inrasr
389 3218 618 3316 quandoque
639 3217 680 3292 in
700 3218 927 3294 warentiam
949 3228 989 3295 et
1010 3219 1273 3296 defensionem
1296 3220 1431 3319 aliquis
1454 3221 1642 3298 malitiose
1665 3229 1704 3298 et
1727 3247 1798 3321 per

208 3336 387 3412 fraudem
415 3346 454 3412 et
481 3361 554 3435 pro
580 3336 765 3425 mercede,
792 3335 891 3412 sicut
918 3336 1069 3436 campio
1097 3337 1395 3426 conductitius,²⁸
1422 3337 1553 3437 quod²⁹
1582 3339 1735 3438 quidem
1766 3339 1797 3416 si

208 3454 327 3531 fuerit
353 3480 483 3532 coram
507 3453 719 3531 iustitiariis
746 3456 951 3544 detectum,
978 3480 1057 3531 non
1082 3457 1316 3554 procedatur
1343 3457 1393 3533 ad
1419 3456 1604 3546 duellum,
1632 3458 1699 3534 sed
1725 3483 1798 3556 per

206 3572 375 3671 patriam
390 3572 608 3671 inquiratur
621 3572 804 3662 veritas,⁸⁰
819 3575 850 3649 si
865 3573 953 3650 talis
967 3575 1181 3650 mercedem
1198 3574 1387 3673 acceperit
1403 3576 1463 3651 vel
1479 3600 1568 3651 non.
1586 3576 1645 3652 Et
1661 3576 1693 3652 si
1709 3600 1797 3651 con·

207 3691 348 3768 stiterit
368 3692 471 3790 quod
491 3692 554 3780 sic,
575 3690 714 3790 pedem
734 3692 889 3767 amittat
910 3701 949 3768 et
969 3717 1157 3790 pugnum.
1180 3693 1241 3769 Ut
1261 3717 1389 3769 coram
1411 3693 1587 3770 Martino
1609 3693 1657 3769 de
1679 3694 1796 3770 Pate-

207 3808 318 3885 shilla
332 3809 382 3886 de
397 3809 562 3886 termino
582 3809 715 3886 Sancti
732 3808 893 3884 Hillarii
911 3809 1039 3885 anno⁸l
1058 3809 1159 3907 regis
1178 3809 1343 3885 Henrici
1360 3820 1499 3909 quarto
1517 3811 1701 3887 comitatu
1720 3812 1795 3886 Es-

132 3959 137 3965 ·
207 3928 331 4018 sexiae,
347 3929 394 4004 de
410 3927 502 4003 Elia
518 3927 651 4024 Pigun
666 3925 866 4026 campione
882 3926 1156 4003 conductitio.⁸¹

305 4045 506 4123 Habenda
520 4055 579 4123 eat
591 4045 691 4122 ratio
705 4055 838 4122 utrum
853 4070 913 4122 rea
929 4071 1073 4143 rnaqna
1086 4046 1136 4122 ait
1151 4071 1203 4122 an
1217 4045 1384 4122 raireirna

206 4165 290 4240 ΕΜ
304 4164 420 4242 etiam
434 4164 585 4240 furtum
600 4166 647 4240 dc
660 4191 702 4240 re
715 4190 860 4262 magna
874 4172 912 4240 et
927 4191 968 4241 re
982 4164 1151 4253 minima,
1166 4174 1205 4241 et
1221 4165 1305 4240 ideo
1319 4164 1495 4242 habenda
1510 4165 1582 4242 erit
1597 4166 1697 4243 ratio
1712 4192 1796 4265 quae

206 4283 266 4358 vel
283 4283 405 4382 qualis
422 4283 471 4359 sit
487 4308 547 4359 res
565 4308 648 4382 quae
664 4283 832 4359 furatur.
849 4282 931 4358 Pro
946 4308 1069 4381 parvo
1086 4283 1186 4358 enim
1202 4283 1402 4358 latrocinio
1418 4284 1479 4359 vel
1496 4283 1596 4382 pro⁸⁸
1613 4310 1736 4383 parva
1753 4310 1796 4360 re

204 4401 334 4478 nullus
349 4401 576 4477 christianus
592 4402 708 4476 morti
724 4400 944 4478 tradatur.³⁴
964 4402 1042 4477 Sed
1058 4401 1133 4476 alio
1149 4402 1264 4476 modo
1281 4398 1361 4477 sic⁸⁸
1379 4402 1589 4498 castigetur
1606 4428 1654 4478 ne
1673 4402 1792 4477 facili·

205 4526 266 4595 tas
287 4519 406 4594 veniae
428 4518 510 4595 aliis
532 4518 733 4594 materiam
757 4518 926 4618 praebeat
948 4519 1204 4617 delinquendi,
1229 4528 1267 4595 et
1290 4544 1339 4595 ne
1361 4519 1548 4595 maleficia
1571 4529 1796 4596 remaneant

206 4636 408 4737 impunita.
426 4637 484 4714 Et
498 4637 583 4712 ideo
599 4637 809 4713 secundum
825 4636 1050 4736 qualitatem
1065 4638 1120 4712 rei
1137 4637 1278 4712 furatae
1293 4647 1332 4714 et
1348 4637 1529 4726 valorem,
1547 4637 1578 4714 si
1596 4636 1690 4713 fur⁸⁸
1707 4663 1795 4713 con-

206 4821 232 4856 ²⁷
244 4825 359 4899 vocari,
374 4823 443 4898 OB,
460 4822 536 4897 MA,
553 4822 629 4896 ΜΒ,
646 4821 713 4896 CE,
731 4823 803 4883 CM.
842 4819 961 4895 ²⁸Om.,
978 4821 1056 4896 MG,
1072 4821 1139 4884 00.
1178 4820 1390 4895 19οιιι.,Μ(ιί.
1430 4819 1549 4897 ²⁰Om.,
1568 4821 1645 4897 MG,
1664 4823 1738 4897 CM,
1755 4822 1796 4898 Y,

205 4921 275 4997 OA,
289 4922 356 4997 CE,
370 4921 439 4998 OB,
454 4922 530 4996 MA,
545 4923 626 4995 MB;
642 4923 696 4993 aia,
711 4923 777 4985 00.
814 4920 878 4956 Μ’
890 4921 974 4998 talis,
989 4922 1058 4997 OB,
1073 4922 1149 4996 MA,
1166 4924 1242 4998 ΜΒ,
1257 4924 1332 4998 Μο,
1349 4923 1404 4984 CE
1425 4922 1553 5000 (corn),
1569 4925 1632 4984 CM
1653 4921 1793 5000 (talem).

206 5020 403 5098 ”furtivam
418 5023 488 5098 oA,
502 5021 569 5096 CE,
584 5023 623 5083 Y.
661 5020 727 5055 ²⁹²³
739 5022 904 5097 0m.,‘013,
920 5021 996 5096 MA,
1013 5022 1087 5083 ΜΒ.
1126 5020 1224 5097 ²⁸vel,
1239 5024 1308 5098 OB,
1325 5022 1401 5099 MA,
1419 5025 1495 5100 ΜΒ,
1512 5025 1551 5085 Υ.
1589 5021 1795 5099 ²⁷0m.,0A,

206 5123 274 5198 OC,
292 5123 369 5184 MG.
409 5120 658 5199 ²⁸conductivus,
677 5123 746 5197 OA,
765 5123 832 5198 00,
852 5123 929 5184 MG.
971 5121 998 5156 ²⁹
1009 5127 1092 5200 quia,
1112 5123 1190 5197 MG,
1209 5123 1274 5185 00.
1317 5122 1401 5184 ⁸⁰rei
1420 5129 1545 5199 veritas,
1566 5124 1633 5187 ΟΛ
1675 5123 1701 5158 ⁸²
1714 5145 1795 5184 anno

206 5227 306 5301 regni,
324 5223 401 5299 MG,
417 5224 484 5300 OC,
500 5224 573 5284 cM.
612 5222 638 5257 ⁸²
650 5224 730 5299 Om,
746 5225 821 5297 01³3
837 5223 1016 5301 conductus,
1034 5225 1117 5298 MG;
1135 5225 1287 5301 conditus,
1304 5224 1370 5286 00.
1409 5224 1436 5259 ⁸⁸
1448 5226 1529 5300 Om,
1546 5227 1615 5301 OB,
1633 5227 1710 5301 ΜΒ,
1728 5225 1796 5302 οΕ,

207 5323 280 5384 cu.
319 5321 502 5397 “tauma
520 5325 589 5399 oa,
607 5323 681 5384 MA.
720 5322 746 5356 ⁸⁶
758 5325 839 5401 Om,
856 5325 926 5399 oa,
942 5324 1019 5400 MA,
1037 5327 1113 5400 ΜΒ,
1132 5326 1198 5402 ca,
1216 5328 1291 5402 cu,
1309 5328 1381 5387 Me.
1422 5325 1449 5361 ⁸⁰
1460 5332 1517 5405 vn,
1536 5329 1605 5405 or,
1623 5328 1701 5404 MA,
1718 5330 1795 5403 ua,

207 5422 540 5500 cacunem.
1220 5440 1224 5448 ¹
