4432 6336
396 481 467 549 102
927 473 1148 535 BRACTON:
1172 474 1232 535 DE
1256 473 1448 535 LEGIBUS

394 649 485 700 nam
503 650 575 723 per
595 624 831 701 disseisinam
850 625 912 700 vel
931 625 1015 723 per¹
1036 626 1287 702 intrusionem
1305 650 1395 700 cum
1415 624 1518 700 forte
1537 623 1725 700 invenerit
1746 649 1827 700 rem
1847 647 1985 698 vacan-

394 756 484 824 tem.
503 747 562 823 Et
580 745 610 821 si
628 744 716 821 talis
736 745 828 821 dum
846 745 901 820 ita
918 743 1038 821 fuerit
1057 745 1096 821 in
1116 743 1254 821 seisina
1271 743 1518 820 donationem
1537 743 1684 830 fecerit,
1702 741 1845 818 valebit
1864 766 1985 840 quan·

394 873 480 942 tum
495 865 545 941 ad
560 864 688 964 ipsum
703 873 742 940 et
759 863 967 939 ieoffatum
983 889 1095 939 suum
1112 871 1151 938 et
1167 863 1260 940 alios
1276 863 1342 961 qui
1359 863 1416 938 ius
1433 888 1512 938 non
1526 861 1681 948 habent,
1698 869 1744 937 ut
1759 861 1986 960 predictum

396 992 465 1072 est,
482 984 603 1060 donec
617 1009 688 1082 per
704 981 813 1058 illum
829 983 894 1082 qui
910 983 968 1060 ius
984 981 1099 1058 habet
1115 990 1325 1058 revocetur.
1345 983 1448 1057 Item
1465 981 1609 1080 poterit
1626 1005 1707 1058 esse
1724 980 1851 1057 aliena
1865 1004 1985 1078 quan·

394 1113 480 1180 tum
497 1105 546 1180 ad
563 1103 704 1180 omnia²
721 1104 916 1203 praedicta,
933 1113 972 1180 et
990 1103 1149 1179 alicuius
1165 1103 1205 1178 in
1223 1104 1459 1203 possessione
1476 1102 1675 1179 existentis
1693 1103 1820 1200 quoad
1838 1101 1987 1179 nudum

394 1249 520 1313 usum,
544 1223 605 1299 vel
629 1223 756 1322 quoad
779 1223 851 1299 hoc
875 1224 979 1322 quod
1003 1223 1227 1300 servitutem
1250 1221 1390 1299 habeat
1415 1223 1455 1298 in
1480 1248 1521 1298 re
1546 1221 1674 1320 quoad
1699 1221 1986 1299 usumfructum

395 1341 697 1441 percipiendum,
721 1341 800 1418 sive
821 1342 872 1418 ad
894 1351 1043 1418 certum
1063 1343 1272 1419 terminum
1295 1341 1356 1418 vel
1380 1342 1430 1418 ad
1452 1341 1704 1418 voluntatem.
1731 1342 1834 1417 Item
1858 1339 1986 1439 quoad

394 1461 465 1537 hoc
482 1463 586 1560 quod
601 1463 740 1538 habeat
756 1461 969 1538 custodiam
985 1461 1046 1538 vel
1062 1459 1221 1548 curam‚⁸
1237 1459 1299 1536 vel
1314 1459 1543 1548 huiusmodi,
1561 1459 1615 1536 in*
1633 1459 1770 1558 quibus
1788 1459 1937 1536 casibus
1956 1460 1986 1535 si

396 1579 490 1657 dum
506 1580 559 1657 sic
575 1580 724 1658 fuerint
740 1581 781 1658 in
798 1579 936 1658 seisina
952 1577 1069 1679 quali⁸
1088 1579 1206 1678 quali⁰
1225 1579 1471 1656 donationem
1489 1578 1677 1666 fecerint'
1697 1577 1830 1656 statim
1847 1577 1907 1654 fit⁸
1926 1604 1986 1655 res

395 1702 489 1779 data
511 1700 730 1801 accipientis
752 1699 880 1799 quoad
903 1701 1060 1776 dantem
1082 1708 1121 1776 et
1144 1698 1393 1798 accipientem
1416 1707 1455 1775 et
1478 1697 1606 1796 quoad
1628 1697 1713 1774 illos
1737 1697 1803 1796 qui
1825 1697 1884 1774 ius
1908 1723 1987 1774 non

394 1820 548 1897 habent.
573 1820 652 1897 Sed
674 1819 801 1918 quoad
821 1845 957 1896 verum
978 1819 1187 1906 dominum,
1209 1843 1422 1917 numquam
1443 1817 1517 1893 erit
1538 1816 1701 1893 liberum
1724 1825 1987 1894 tenementum

395 1940 467 2017 nisi
488 1965 537 2015 ex
556 1939 675 2038 longa
694 1945 734 2015 et
753 1938 915 2038 pacifica
935 1937 1083 2014 seisina.
1107 1937 1165 2014 Et
1185 1937 1288 2014 unde
1310 1937 1342 2013 si
1362 1935 1614 2014 incontinenti
1635 1945 1725 2035 post
1746 1934 1825 2014 tale
1846 1935 1985 2012 feoffa·

394 2065 569 2135 mentum
590 2067 720 2158 posset
740 2082 854 2135 verus
876 2057 1053 2133 dominus
1074 2083 1114 2133 se
1136 2081 1280 2155 ponere
1301 2056 1342 2132 in
1363 2056 1551 2144 seisinam,
1573 2079 1705 2132 omnes
1728 2079 1986 2154 quoscumque

394 2187 526 2254 tenere
546 2186 676 2276 posset
698 2177 871 2253 exclusos
893 2174 929 2250 a'
952 2175 1199 2274 possessione.
1223 2177 1327 2251 Item
1349 2176 1494 2274 poterit
1516 2200 1577 2250 res
1599 2200 1681 2251 esse
1703 2175 1863 2273 propria
1886 2172 1985 2274 pro²⁰

395 2297 554 2374 minima
572 2305 685 2396 parte
703 2304 742 2372 et
761 2294 886 2372 aliena
904 2320 977 2394 pro
995 2294 1142 2383 maiori,
1162 2303 1207 2371 ut
1227 2293 1260 2370 si
1278 2293 1363 2393 quis
1382 2293 1545 2370 liberum
1564 2302 1827 2371 tenementum
1847 2294 1986 2370 babeat

396 2416 436 2492 in
454 2440 496 2492 re
515 2410 654 2513 aliqua,
674 2424 713 2491 et
730 2413 827 2491 alius
846 2413 1125 2514 proprietatem
1144 2421 1182 2490 et
1202 2413 1373 2501 feodum,
1392 2411 1465 2490 ut¹²
1484 2412 1515 2489 si
1534 2411 1672 2490 mulier
1690 2412 1730 2488 in
1750 2413 1986 2512 possessione

396 2534 517 2610 fuerit
535 2532 688 2610 nomine
707 2532 820 2622 dotis,
838 2532 900 2609 vel
919 2532 1016 2609 alius
1035 2533 1101 2632 qui
1119 2531 1288 2609 tenuerit
1309 2531 1359 2608 ad
1379 2532 1500 2608 vitam
1519 2557 1630 2608 auam
1649 2557 1720 2630 per
1740 2531 1987 2609 donationem

393 2653 457 2729 vel
471 2679 543 2752 per
557 2652 682 2750 legem
697 2651 865 2750 Angliae,
881 2651 942 2728 vel
959 2651 1080 2727 donec
1095 2651 1131 2728 ei
1146 2650 1344 2750 provisum
1361 2651 1492 2739 fuerit,
1509 2650 1571 2727 vel
1586 2650 1815 2740 huiusmodi,
1833 2660 1872 2728 et
1889 2650 1986 2727 tales

395 2771 642 2849 donationem
669 2771 842 2860 fecerint,
870 2770 1001 2848 statim
1027 2769 1178 2847 faciunt
1204 2769 1423 2869 accipientis
1449 2769 1613 2846 liberum
1639 2779 1919 2848 tenementum:
1947 2779 1987 2847 et

395 2891 427 2968 si
447 2890 636 2967 eiciantur
657 2890 790 2967 statim
811 2889 1095 2988 recuperabunt
1117 2915 1189 2988 per
1211 2889 1370 2966 assisam
1391 2913 1524 2965 versus
1547 2913 1806 2988 quoscumque
1829 2897 1985 2988 praeter·

396 3036 513 3109 quam
532 3035 665 3087 versus
686 3034 822 3086 verum
842 3009 1052 3097 dominum,
1074 3009 1105 3085 si
1128 3008 1191 3084 ille
1213 3008 1345 3085 statim
1367 3008 1489 3085 eiciat.
1513 3007 1572 3084 Et
1594 3033 1682 3084 oum
1703 3009 1801 3086 tales
1824 3009 1986 3086 liberum

394 3128 561 3206 habeant
586 3136 860 3215 tenementum,
887 3127 1021 3204 statim
1045 3136 1085 3204 et
1111 3126 1191 3204 sine
1217 3152 1326 3203 mora
1352 3151 1401 3203 ex
1428 3151 1544 3203 causa
1569 3126 1786 3204 donationis
1814 3128 1864 3205 ad
1891 3127 1985 3205 alios

394 3247 639 3324 transfenmt
655 3246 695 3322 id
711 3247 814 3345 quod
829 3245 982 3323 babent.
1002 3246 1081 3322 Sed
1098 3245 1129 3323 si
1146 3245 1323 3323 dominus
1340 3246 1590 3345 proprietatis
1608 3255 1815 3346 antequam
1830 3255 1986 3346 tempus

394 3364 562 3442 habeant
587 3375 626 3442 et
650 3365 809 3463 longam
833 3364 1110 3464 possessionem
1136 3375 1175 3442 et
1200 3364 1401 3464 pacificam
1426 3364 1585 3442 taliter¹²
1612 3365 1797 3442 feoffatos
1823 3365 1985 3453 eiecerit,

395 3508 607 3582 numquam
627 3481 911 3583 recuperabunt
933 3483 1115 3560 adversus
1137 3509 1225 3559 eum
1247 3482 1364 3582 quia²⁸
1387 3483 1563 3561 seisinam
1586 3508 1664 3560 non
1685 3485 1840 3573 habent,
1862 3510 1986 3583 neque

395 3612 549 3703 tempus
570 3603 674 3702 quod
694 3601 865 3680 sufficere
886 3602 1008 3703 possit
1028 3603 1078 3679 ad
1097 3602 1316 3682 habendum
1335 3603 1499 3679 liberum
1519 3612 1799 3680 tenementum:
1820 3629 1891 3680 nec
1911 3605 1986 3704 ipsi

396 3723 601 3798 donatores
625 3721 753 3820 aliquo
773 3730 950 3822 tempore
970 3722 1166 3798 habebunt
1188 3745 1417 3820 regressum,
1441 3747 1490 3797 ex
1512 3748 1589 3820 quo
1612 3723 1740 3799 animo
1763 3729 1803 3799 et
1825 3747 1986 3822 corpore

396 3850 436 3917 et
455 3839 536 3918 sine
557 3866 625 3939 spe
643 3841 860 3917 revertendi
881 3840 1145 3916 recesserunt¹⁴
1167 3867 1190 3916 a
1211 3841 1457 3939 possessione.
1483 3841 1525 3916 Si
1547 3851 1677 3918 autem
1698 3867 1769 3941 per
1789 3842 1986 3941 negligen-

395 3958 491 4035 tiam
511 3958 573 4035 vel
592 3958 820 4058 patientiam
842 3959 986 4036 domini
1008 3959 1257 4059 proprietatis
1280 3984 1351 4058 per
1370 3968 1525 4037 tantum
1547 3969 1701 4059 tempus
1724 3961 1923 4038 extiterint
1946 3963 1987 4037 in

396 4078 533 4156 seisina
548 4079 652 4178 quod
667 4080 747 4156 sine
762 4078 868 4155 brevi
882 4077 978 4156 eici²⁵
993 4103 1072 4154 non
1086 4077 1276 4178 possint‚²⁸
1293 4078 1324 4156 si
1339 4105 1363 4155 a
1378 4078 1635 4179 proprietario
1652 4079 1800 4156 fuerint
1815 4079 1986 4179 implaci-

395 4199 481 4288 tati,
494 4223 632 4275 vocare
645 4208 808 4297 possunt
823 4197 874 4274 sd
886 4206 1104 4273 warantum
1119 4197 1345 4274 feoffatores
1361 4223 1460 4286 suos,
1476 4207 1618 4274 etcum
1634 4198 1686 4275 eis
1703 4199 1823 4276 fuerit
1838 4225 1986 4276 waran-

394 4319 556 4396 tizatum
568 4328 700 4396 tenere
712 4327 899 4418 potenmt
912 4318 961 4394 ad
975 4318 1096 4394 vitam
1110 4319 1375 4408 feoffatorum,
1389 4327 1430 4395 et
1442 4329 1532 4418 post
1545 4327 1710 4396 mortem
1725 4346 1857 4397 eorum
1872 4320 1984 4397 habe·

395 4437 452 4515 bit
469 4437 747 4536 proprietarius
765 4462 983 4535 regressum
1000 4463 1132 4514 versus
1150 4464 1214 4514 eos
1233 4463 1303 4537 per
1320 4439 1434 4515 breve
1453 4439 1500 4514 de
1518 4439 1706 4537 ingressu,
1725 4440 1757 4516 si
1776 4449 1866 4538 post
1884 4440 1984 4516 feof-

395 4555 613 4633 fomentum
626 4557 706 4632 tale
718 4581 797 4631 non
810 4555 1059 4633 intervenerit
1072 4556 1313 4633 confirmatio
1328 4556 1576 4656 proprietarii
1590 4558 1651 4634 vel
1665 4557 1850 4635 heredum
1865 4558 1985 4658 ipsius

394 4698 483 4750 cum
498 4673 557 4750 ius
573 4675 623 4751 ad
640 4675 743 4772 ipsos
760 4673 988 4773 pervenerit.
1006 4676 1064 4751 Et
1081 4674 1159 4750 hoec
1175 4702 1266 4752 vera
1284 4684 1386 4764 sunt,
1405 4676 1477 4752 nisi
1496 4677 1545 4752 sit
1562 4677 1628 4775 qui
1646 4677 1749 4754 dicat
1767 4678 1871 4776 quod
1888 4679 1985 4755 tales

479 4892 584 4968 ²0m.,
607 4893 676 4967 OB,
700 4894 776 4969 MA,
800 4895 876 4968 ΜΒ,
899 4895 967 4970 CB,
989 4895 1028 4955 Y.
1074 4893 1199 4956 ²omnta
1223 4893 1296 4969 alia,
1320 4895 1398 4969 MG,
1421 4896 1494 4956 ΟΜ.
1540 4894 1690 4969 ⁸terram,
1713 4895 1783 4972 OB,
1807 4896 1884 4972 MA,
1908 4896 1985 4957 MB.

395 4992 500 5070 ⁴Om.,
517 4994 586 5069 OB,
603 4995 679 5071 MA,
696 4995 770 5055 ΜΒ.
809 4993 848 5028 Η
859 4995 953 5073 quali,
971 4997 1052 5068 MA;
1069 5001 1168 5074 quasi,
1186 4997 1263 5072 MG,
1282 4998 1354 5058 ΟΜ.
1393 4995 1540 5071 'feccrit
1557 4997 1597 5072 V,
1614 4997 1683 5071 OB,
1701 4998 1777 5073 MA,
1795 4998 1869 5059 MB.
1909 4995 1985 5071 ἐὴ,

396 5095 572 5158 MSS.var.
610 5095 716 5172 ⁰0m.,
731 5097 800 5172 OB,
817 5096 893 5171 MB,
913 5095 969 5173 (-Ι-
982 5096 1078 5175 MA).
1116 5095 1456 5176 ²⁰etpro,MG,CM.
1496 5097 1577 5174 ¹1et,
1593 5098 1662 5172 OA,
1679 5099 1749 5174 OB,
1766 5099 1833 5173 OE,
1852 5099 1928 5173 MA,
1944 5099 1984 5160 Y.

395 5194 488 5273 ¹¹Its,
505 5197 583 5273 MG,
598 5199 673 5260 CM.
712 5195 738 5231 ²⁸
750 5201 812 5275 qui,
830 5199 899 5273 OB,
917 5198 993 5260 MG.
1034 5197 1060 5232 ²⁴
1072 5201 1244 5273 recesserit,
1262 5200 1334 5272 LA;
1352 5203 1546 5275 recesseriut,
1566 5200 1642 5276 MA,
1662 5201 1737 5263 MG.
1778 5198 1897 5276 ιὈιιι,
1916 5198 1986 5274 OB,

395 5297 473 5372 MB,
491 5298 546 5376 (-Ι-
559 5299 656 5378 MA).
692 5296 719 5333 ²⁰
730 5302 861 5378 possint,
876 5300 945 5373 OA,
960 5300 1029 5374 OB,
1045 5299 1112 5376 LA,
1126 5299 1193 5374 ΟΕ,
1209 5301 1289 5373 MC;
1305 5308 1447 5380 possunt,
1462 5302 1502 5375 V,
1518 5302 1594 5376 MA,
1611 5303 1686 5375 MB,
1702 5302 1747 5374 Y3
1764 5309 1902 5381 possent,
1918 5299 1985 5375 ΟΟ,

395 5400 473 5476 MG,
490 5401 563 5461 CM.
