4374 6366
364 496 438 566 866
896 489 1119 553 BBACTON:
1142 489 1203 552 DE
1227 491 1419 554 LEGIBUS

366 639 486 737 ipsius
504 639 552 715 Β.
572 639 679 715 cuius
696 639 804 717 heres
823 638 906 739 ipse
922 649 992 728 est,
1011 650 1051 717 et
1070 666 1154 739 quae
1172 641 1222 718 ad
1241 641 1369 740 ipsum
1388 643 1527 718 reverti
1547 642 1660 719 debet
1679 653 1879 742 tamquam
1899 671 1956 720 es·

365 757 486 833 chata
503 781 573 832 sua
591 767 754 856 propter
771 757 994 857 praedictam
1013 759 1208 836 feloniam.
1229 759 1304 836 Vel
1323 759 1452 835 aliter:
1470 759 1530 836 Et
1549 760 1590 835 in
1608 786 1725 860 quam
1743 786 1822 837 non
1840 761 1955 839 habet

365 875 669 974 ingressum-nisi
686 901 757 975 per
773 902 842 953 nos
859 878 925 975 qui
943 875 1150 954 terminum
1167 887 1354 966 nostrum,
1373 877 1514 954 scilicet
1531 904 1602 978 per
1621 904 1766 956 annum
1784 888 1823 957 et
1842 879 1954 968 diem,

365 997 399 1072 ei
416 995 681 1084 concessimus,
698 1004 737 1071 et
755 1020 839 1093 quae
856 995 969 1071 debet
986 1020 1068 1072 esse
1084 995 1245 1072 eschaeta
1263 1021 1333 1073 sua
1350 1005 1512 1095 propter
1531 997 1715 1073 feloniam
1733 1023 1849 1096 quarn
1866 997 1955 1074 talis

365 1114 396 1190 f.
412 1115 505 1206 1³0]
561 1113 654 1190 fecit
677 1122 716 1190 et
742 1114 788 1189 de
812 1139 889 1212 qua
913 1113 1108 1190 convictus
1134 1113 1212 1190 luit
1236 1113 1276 1188 in
1300 1113 1407 1190 curia
1431 1123 1564 1192 nostra
1589 1139 1718 1192 coram
1742 1116 1955 1192 iustitiariis

365 1231 557 1309 etcetera²

464 1357 570 1433 Item
587 1356 693 1433 aliod
708 1355 821 1434 breve
836 1356 884 1433 de
900 1357 1033 1433 codem
1050 1355 1222 1434 materia.

365 1481 454 1557 Vsu
472 1480 600 1557 aliter:
619 1482 678 1558 Et
695 1480 734 1557 in
752 1506 870 1579 quam
887 1481 1098 1558 nonhabet
1116 1482 1332 1579 ingressum
1350 1481 1421 1558 nisi
1441 1507 1512 1580 per
1530 1483 1648 1560 talem
1666 1482 1728 1557 cui
1746 1481 1830 1559 nos²
1849 1481 1956 1558 illam

364 1599 621 1677 commisimus
642 1599 857 1676 habendam
880 1625 1093 1699 perunum
1115 1625 1260 1676 annum
1283 1609 1322 1677 et
1343 1599 1479 1676 unum⁸
1501 1600 1614 1689 diem,
1638 1609 1844 1700 postquam
1867 1601 1955 1678 talis

364 1730 530 1798 rettatus
551 1721 599 1796 de
617 1729 742 1796 morte
762 1719 851 1796 talis
871 1719 976 1817 fugit
997 1728 1035 1795 et
1055 1718 1255 1816 utlagatus
1276 1719 1353 1795 fuit
1373 1719 1434 1795 vel
1456 1728 1593 1818 captus
1614 1728 1654 1796 et
1675 1745 1893 1819 suspensus,
1916 1729 1956 1796 et

364 1840 431 1938 qui
450 1849 595 1916 terram
615 1838 721 1914 illam
741 1839 867 1915 tenuit
888 1838 935 1914 de
956 1837 1025 1913 tali
1046 1847 1158 1936 patre
1179 1838 1239 1914 vel
1260 1862 1332 1913 avo
1352 1837 1453 1926 talis,
1475 1837 1583 1914 cuius
1603 1838 1712 1915 heres
1733 1839 1817 1937 ipse
1836 1847 1894 1915 est
1916 1847 1955 1915 et

365 1959 430 2056 qui
444 1967 538 2034 trurc
552 1956 643 2033 fuit*
655 1957 762 2033 infra
774 1965 939 2045 atatem,
955 1966 993 2033 et
1008 1956 1059 2032 ad
1074 1981 1188 2055 quem
1201 1965 1307 2032 terra
1321 1956 1389 2032 illa
1402 1956 1541 2033 reverti
1557 1956 1689 2032 debuit
1704 1966 1794 2055 post
1810 1981 1955 2032 annum

366 2086 404 2153 et
422 2077 523 2153 diem
541 2085 740 2175 tamquam
758 2075 920 2152 eschaeta
938 2100 1018 2151 sua.
1038 2074 1096 2152 Et
1114 2074 1186 2151 nisi
1205 2074 1340 2152 fecerit
1360 2083 1538 2163 etcetera,
1559 2101 1757 2151 summoue
1777 2083 1954 2152 etoetera.

367 2195 474 2286 <Et
485 2195 701 2271 notandum
714 2192 818 2293 quod
830 2218 1042 2292 numquam
1054 2193 1208 2270 habebit
1222 2219 1291 2269 rex
1305 2218 1451 2269 annum
1465 2202 1503 2270 et
1517 2193 1619 2270 diem
1633 2195 1680 2269 de
1695 2192 1836 2292 aliqua⁵
1850 2201 1956 2269 terra

366 2337 450 2412 quae
467 2339 546 2389 non
564 2313 685 2411 possit
703 2338 784 2389 esse
801 2312 972 2400 eschaeta,
991 2322 1035 2389 ut
1054 2311 1084 2386 si
1104 2313 1182 2388 felo
1200 2337 1279 2388 non
1296 2311 1421 2388 tenuit
1440 2312 1512 2388 nisi
1531 2312 1581 2388 ad
1599 2311 1807 2388 terminum
1825 2312 1887 2387 vel
1905 2311 1956 2388 ad

365 2432 486 2508 vitam
500 2432 560 2507 vel
576 2431 669 2531 quid
685 2431 764 2508 tale
779 2431 883 2529 quod
899 2430 1126 2506 descendere
1142 2455 1220 2506 non
1236 2428 1380 2528 posset⁸
1396 2431 1448 2507 ad
1464 2430 1681 2521 heredes>
1701 2430 1847 2506 Forma
1865 2455 1955 2506 vero

365 2550 475 2627 istius
493 2549 617 2626 brevis
635 2549 797 2625 inveniri
815 2549 958 2648 poterit
977 2549 1025 2624 de
1043 2549 1207 2625 termino
1228 2549 1361 2625 Sancti
1380 2547 1567 2624 Michaelis
1586 2573 1688 2624 anno
1707 2546 1821 2646 regis⁷
1843 2548 1956 2624 Hen-

365 2667 433 2745 rici
452 2667 587 2767 quinto
604 2667 762 2757 decimo,
780 2665 980 2744 comitatu⁸
999 2667 1159 2758 Cantiae,
1179 2667 1228 2743 de
1246 2667 1445 2743 Willelmo
1465 2667 1643 2743 Musard.
1663 2667 1722 2743 Et
1741 2667 1957 2742 notandum

365 2786 469 2886 quod
486 2787 527 2862 in
543 2787 713 2885 quolibet
730 2786 836 2862 brevi
852 2813 923 2886 per
940 2786 1043 2884 quod
1060 2785 1207 2885 petitur
1224 2784 1385 2862 eschaeta
1403 2794 1565 2884 propter
1583 2785 1741 2860 alicuius
1760 2785 1955 2872 feloniam,

366 2913 522 3004 oportet
541 2906 645 3005 quod
663 2904 905 3004 exprimatur
925 2905 1031 2981 etde
1051 2929 1129 3003 qua
1147 2904 1342 2981 convictus
1364 2902 1467 2991 luit,⁹
1489 2902 1578 3002 quia
1598 2929 1810 3002 numquam
1832 2928 1956 2979 rever·

366 3022 499 3100 tetur1⁰
524 3032 629 3099 terra
655 3023 704 3097 ad
730 3023 928 3099 dominum
953 3021 1158 3121 capitalem
1184 3023 1256 3097 nisi
1283 3021 1426 3097 felonia
1453 3021 1626 3097 convicta
1653 3020 1799 3096 fuerit²¹
1828 3021 1956 3119 aliquo

367 3168 511 3241 genera
535 3141 827 3230 convictionum,
853 3149 899 3217 ut
924 3141 956 3216 si
981 3141 1101 3217 fuerit
1127 3165 1335 3238 suspensus
1359 3141 1421 3216 vel
1446 3140 1658 3239 utlagatus,
1685 3140 1746 3216 vel
1773 3140 1958 3217 feloniam

367 3259 589 3358 cognoverit
613 3269 651 3335 et
675 3285 839 3356 regnum
863 3258 1096 3335 abiuraverit
1119 3267 1158 3334 et
1181 3257 1408 3334 huiusmodi.
1437 3257 1479 3334 Si
1504 3267 1634 3334 autem
1659 3266 1748 3334 ante
1774 3258 1958 3333 feloniam

367 3378 581 3454 convictam
601 3376 737 3453 obierit
758 3402 997 3475 quocumque
1017 3375 1144 3465 modo,
1165 3376 1355 3453 hereditas
1378 3376 1581 3453 descendet
1604 3377 1655 3452 ad
1676 3376 1833 3452 heredes
1856 3401 1957 3464 suos,

368 3497 441 3572 nisi
466 3497 522 3572 ita
547 3496 666 3572 fuerit
691 3495 795 3593 quod
819 3495 992 3571 conscius
1017 3494 1184 3572 criminis
1210 3505 1249 3571 et
1276 3495 1414 3571 timens
1441 3493 1728 3593 suspensionem
1754 3493 1814 3569 vel
1842 3493 1959 3569 aliam

367 3639 524 3714 poenam
540 3640 579 3691 se
595 3613 722 3711 ipsum
738 3613 987 3701 interfecerit,
1004 3622 1043 3689 et
1059 3613 1249 3688 hereditas
1265 3612 1354 3689 talis
1372 3612 1445 3688 erit
1462 3611 1623 3688 eschaeta
1640 3611 1893 3687 dominorum.
1915 3610 1958 3686 Si

367 3743 497 3808 autem
513 3733 646 3808 furore
660 3731 721 3807 vel
736 3730 878 3807 doloris
892 3731 1121 3830 impetentia
1135 3731 1196 3806 vel
1212 3756 1283 3830 per
1298 3730 1567 3820 infortunium,
1586 3729 1689 3805 aliud
1706 3729 1814 3805 esse¹²
1832 3728 1956 3805 debet.

467 3856 515 3933 Si
531 3856 777 3933 donationem
793 3855 929 3950 fecerit
946 3865 1037 3933 ante
1054 3855 1329 3932 convictionem
1347 3855 1409 3932 vel
1426 3865 1527 3953 post.
1624 3883 1628 3888 ·

369 3980 434 4055 Er
456 3980 557 4056 idem
579 3979 653 4056 erit
675 3979 706 4055 si
729 3979 974 4056 donationem
998 3979 1132 4054 lecerit
1155 3988 1245 4055 ante
1269 3978 1452 4054 feloniam
1476 3986 1742 4077 perpetratam
1765 3977 1826 4052 vel
1850 3985 1957 4075 post:

369 4101 473 4199 quod
485 4109 591 4176 tenet
606 4100 636 4176 si
651 4125 729 4175 non
743 4099 862 4175 luerit
878 4099 1021 4175 felonia
1035 4099 1208 4174 convicta
1223 4109 1268 4175 ut
1284 4125 1413 4197 supra.
1433 4098 1474 4174 Si
1490 4106 1620 4174 autem
1635 4097 1809 4172 convicta
1826 4097 1957 4185 fuerit,

367 4245 447 4295 non
474 4220 589 4307 valet,
620 4220 686 4296 sed
714 4219 966 4306 revocabitur,
997 4227 1035 4295 et
1066 4219 1337 4295 retrotrahitur
1366 4229 1520 4317 tempus
1551 4219 1600 4294 ad
1630 4217 1959 4317 perpetrationem

370 4339 531 4417 feloniae.
555 4341 613 4416 Et
634 4341 732 4416 sicut
753 4365 831 4415 non
852 4338 994 4416 valebit
1016 4340 1172 4416 donatio
1194 4349 1283 4438 post
1306 4339 1489 4414 feloniam
1511 4346 1788 4437 perpetratam,
1812 4338 1866 4413 ita
1889 4361 1959 4412 nec

368 4459 510 4536 valebit
527 4459 725 4557 generatio
744 4459 898 4558 quoad¹³
917 4460 1190 4536 successionem
1208 4468 1397 4558 quantum
1415 4459 1465 4534 ad
1484 4458 1735 4534 hereditatem
1754 4465 1960 4556 paternam

369 4589 408 4656 et
427 4588 654 4668 maternam,
674 4604 762 4655 cum
782 4580 831 4656 sit
851 4579 1078 4678 progenitus
1098 4580 1186 4656 talis
1207 4581 1254 4655 de
1273 4579 1450 4656 testiculo
1471 4587 1509 4655 et
1532 4577 1718 4676 sanguine
1741 4577 1890 4654 felonis.
1916 4577 1959 4652 Si

370 4698 527 4775 autem²⁴
551 4707 641 4775 ante
665 4699 848 4774 feloniam
871 4699 1159 4796 generationem
1183 4700 1330 4787 fecerit,
1354 4699 1443 4775 talis
1467 4698 1664 4796 generatio
1690 4695 1892 4774 suecedet*
1918 4697 1959 4771 in

452 4916 590 4981 ²noatris
608 4926 677 4994 etc,
696 4917 772 4992 MA,
791 4917 867 4990 ΜΒ,
884 4917 951 4991 CE,
970 4919 1032 4979 MC
1055 4916 1208 4994 (nostra).
1248 4914 1353 4993 ²Om.,
1371 4919 1440 4993 OB,
1460 4917 1536 4991 MA,
1555 4918 1631 4992 MB,
1650 4917 1715 4978 ΟΕ.
1756 4913 1861 4989 ⁸Om.,
1881 4914 1959 4990 MG,

368 5020 435 5096 OC,
457 5021 530 5081 CM.
572 5019 704 5094 *fuerit
725 5018 794 5096 OB,
815 5019 891 5094 MA,
913 5019 988 5080 ΜΒ.
1031 5017 1128 5092 ‘alia
1150 5019 1219 5093 ΟΒ,
1241 5020 1316 5080 MA.
1359 5017 1493 5096 ‘possit
1516 5019 1582 5092 LA,
1605 5019 1680 5094 MA,
1703 5018 1770 5092 ΟΕ,
1792 5017 1870 5092 Μο,
1892 5016 1959 5090 00,

369 5121 442 5183 MC.
487 5121 600 5202 'regni
624 5125 718 5201 regis,
741 5121 780 5196 V,
803 5122 872 5198 OA,
895 5122 936 5196 Y,
960 5120 1037 5194 MG,
1061 5122 1137 5195 CM,
1159 5122 1225 5182 OC.
1271 5117 1327 5182 ⁸in
1351 5125 1508 5194 comitatu,
1531 5121 1570 5196 V,
1595 5121 1664 5193 OB,
1690 5120 1765 5194 MA,
1790 5121 1866 5193 ΜΒ,
1891 5118 1957 5179 CE.

369 5221 500 5299 ⁹fuerit,
516 5224 554 5296 V,
569 5225 636 5299 LA,
653 5224 726 5284 ΜΒ.
765 5222 791 5257 ¹⁰
804 5230 1019 5295 reverteretur,
1035 5222 1073 5283 V.
1111 5221 1222 5294 11luit,
1239 5223 1278 5297 V,
1294 5222 1360 5282 OC.
1400 5221 1495 5296 ²²cst,
1512 5222 1595 5294 MG;
1612 5225 1682 5294 erit,
1699 5223 1778 5292 CM;
1796 5224 1855 5280 erit
1872 5216 1958 5278 aliud

369 5343 446 5397 esse,
476 5325 551 5384 ΜΒ.
603 5323 629 5356 ¹⁸
641 5344 708 5401 per,
739 5325 808 5398 OB,
839 5323 915 5396 MA,
946 5324 1022 5397 ΜΒ,
1052 5323 1119 5384 CE.
1172 5321 1290 5396 1⁴Om.,
1323 5322 1400 5395 MG,
1432 5323 1504 5383 CM.
1558 5320 1676 5395 1‘'Om,
1709 5321 1779 5392 CE;
1812 5319 1959 5392 succedit,

369 5424 447 5499 MG,
464 5425 503 5485 Y.
