<?xml version="1.0" encoding="UTF-8"?>
<!DOCTYPE html PUBLIC "-//W3C//DTD XHTML 1.0 Transitional//EN"
    "http://www.w3.org/TR/xhtml1/DTD/xhtml1-transitional.dtd">
<html xmlns="http://www.w3.org/1999/xhtml" xml:lang="en" lang="en">
 <head>
  <title>
</title>
<meta http-equiv="Content-Type" content="text/html;charset=utf-8" />
  <meta name='ocr-system' content='tesseract 3.04.00' />
  <meta name='ocr-capabilities' content='ocr_page ocr_carea ocr_par ocr_line ocrx_word'/>
</head>
<body>
  <div class='ocr_page' id='page_1' title='image "./bractondelegibu01histgoog_0312.png"; bbox 0 0 4392 6352; ppageno 0'>
   <div class='ocr_carea' id='block_1_1' title="bbox 384 485 1439 561">
    <p class='ocr_par' dir='ltr' id='par_1_1' title="bbox 384 485 1439 561">
     <span class='ocr_line' id='line_1_1' title="bbox 384 485 1439 561; baseline -0.011 -2"><span class='ocrx_word' id='word_1_1' title='bbox 384 491 459 561; x_wconf 78' lang='lat'><strong>294</strong></span> <span class='ocrx_word' id='word_1_2' title='bbox 917 485 1140 546; x_wconf 83' lang='lat' dir='ltr'>BBACTON:</span> <span class='ocrx_word' id='word_1_3' title='bbox 1162 486 1223 547; x_wconf 87' lang='lat' dir='ltr'><strong>DE</strong></span> <span class='ocrx_word' id='word_1_4' title='bbox 1246 485 1439 548; x_wconf 81' lang='lat' dir='ltr'>LEGIBUS</span> 
     </span>
    </p>
   </div>
   <div class='ocr_carea' id='block_1_2' title="bbox 385 634 1979 4990">
    <p class='ocr_par' dir='ltr' id='par_1_2' title="bbox 385 634 1977 970">
     <span class='ocr_line' id='line_1_2' title="bbox 385 634 1976 736; baseline 0.003 -28"><span class='ocrx_word' id='word_1_5' title='bbox 385 634 476 733; x_wconf 91' lang='lat' dir='ltr'><strong>quia</strong></span> <span class='ocrx_word' id='word_1_6' title='bbox 490 660 530 712; x_wconf 94' lang='lat' dir='ltr'><strong>se</strong></span> <span class='ocrx_word' id='word_1_7' title='bbox 544 661 592 711; x_wconf 91' lang='lat' dir='ltr'><strong>ex</strong></span> <span class='ocrx_word' id='word_1_8' title='bbox 606 635 724 734; x_wconf 81' lang='lat' dir='ltr'><strong>longo</strong></span> <span class='ocrx_word' id='word_1_9' title='bbox 736 644 912 734; x_wconf 90' lang='lat' dir='ltr'><strong>tempore</strong></span> <span class='ocrx_word' id='word_1_10' title='bbox 928 663 1005 712; x_wconf 96' lang='lat' dir='ltr'><strong>non</strong></span> <span class='ocrx_word' id='word_1_11' title='bbox 1021 635 1216 713; x_wconf 85' lang='lat' dir='ltr'><strong>defendet.</strong></span> <span class='ocrx_word' id='word_1_12' title='bbox 1234 637 1277 714; x_wconf 91' lang='lat' dir='ltr'><strong>Si</strong></span> <span class='ocrx_word' id='word_1_13' title='bbox 1292 636 1428 736; x_wconf 79' lang='lat' dir='ltr'><strong>aliquae</strong></span> <span class='ocrx_word' id='word_1_14' title='bbox 1444 662 1535 713; x_wconf 91' lang='lat' dir='ltr'><strong>vero</strong></span> <span class='ocrx_word' id='word_1_15' title='bbox 1551 636 1627 713; x_wconf 92' lang='lat' dir='ltr'><strong>sint</strong></span> <span class='ocrx_word' id='word_1_16' title='bbox 1644 636 1811 713; x_wconf 77' lang='lat' dir='ltr'>actiones</span> <span class='ocrx_word' id='word_1_17' title='bbox 1828 662 1911 736; x_wconf 87' lang='lat' dir='ltr'><strong>quae</strong></span> <span class='ocrx_word' id='word_1_18' title='bbox 1927 662 1976 713; x_wconf 90' lang='lat' dir='ltr'><strong>ex</strong></span> 
     </span>
     <span class='ocr_line' id='line_1_3' title="bbox 385 754 1977 854; baseline 0.001 -26"><span class='ocrx_word' id='word_1_19' title='bbox 385 778 625 852; x_wconf 88' lang='lat' dir='ltr'><strong>quacumque</strong></span> <span class='ocrx_word' id='word_1_20' title='bbox 647 779 762 830; x_wconf 89' lang='lat' dir='ltr'><strong>causa</strong></span> <span class='ocrx_word' id='word_1_21' title='bbox 783 754 925 831; x_wconf 90' lang='lat' dir='ltr'><strong>dentur</strong></span> <span class='ocrx_word' id='word_1_22' title='bbox 947 755 987 831; x_wconf 93' lang='lat' dir='ltr'><strong>in</strong></span> <span class='ocrx_word' id='word_1_23' title='bbox 1009 755 1165 832; x_wconf 91' lang='lat' dir='ltr'><strong>heredes</strong></span> <span class='ocrx_word' id='word_1_24' title='bbox 1188 756 1249 832; x_wconf 90' lang='lat' dir='ltr'><strong>vel</strong></span> <span class='ocrx_word' id='word_1_25' title='bbox 1271 765 1418 845; x_wconf 90' lang='lat' dir='ltr'><strong>contra,</strong></span> <span class='ocrx_word' id='word_1_26' title='bbox 1442 755 1515 832; x_wconf 90' lang='lat' dir='ltr'><strong>dici</strong></span> <span class='ocrx_word' id='word_1_27' title='bbox 1539 763 1724 854; x_wconf 89' lang='lat' dir='ltr'><strong>poterunt</strong></span> <span class='ocrx_word' id='word_1_28' title='bbox 1747 755 1977 832; x_wconf 74' lang='lat' dir='ltr'><strong>transitoriae</strong></span> 
     </span>
     <span class='ocr_line' id='line_1_4' title="bbox 385 871 1251 970; baseline 0.003 -23"><span class='ocrx_word' id='word_1_29' title='bbox 385 897 430 947; x_wconf 91' lang='lat' dir='ltr'><strong>eo</strong></span> <span class='ocrx_word' id='word_1_30' title='bbox 447 871 551 970; x_wconf 92' lang='lat' dir='ltr'><strong>quod</strong></span> <span class='ocrx_word' id='word_1_31' title='bbox 567 880 771 949; x_wconf 90' lang='lat' dir='ltr'><strong>transeunt</strong></span> <span class='ocrx_word' id='word_1_32' title='bbox 788 873 838 950; x_wconf 90' lang='lat' dir='ltr'><strong>ad</strong></span> <span class='ocrx_word' id='word_1_33' title='bbox 854 874 1011 950; x_wconf 89' lang='lat' dir='ltr'><strong>heredes</strong></span> <span class='ocrx_word' id='word_1_34' title='bbox 1027 873 1089 949; x_wconf 84' lang='lat' dir='ltr'><strong>vel</strong></span> <span class='ocrx_word' id='word_1_35' title='bbox 1105 883 1251 951; x_wconf 89' lang='lat' dir='ltr'><strong>contra.</strong></span> 
     </span>
    </p>

    <p class='ocr_par' dir='ltr' id='par_1_3' title="bbox 386 991 1979 2750">
     <span class='ocr_line' id='line_1_5' title="bbox 487 991 1374 1092; baseline 0.002 -26"><span class='ocrx_word' id='word_1_36' title='bbox 487 991 677 1084; x_wconf 72' lang='lat' dir='ltr'><strong>Quodam</strong></span> <span class='ocrx_word' id='word_1_37' title='bbox 691 999 886 1090; x_wconf 76' lang='lat' dir='ltr'><strong>concepte</strong></span> <span class='ocrx_word' id='word_1_38' title='bbox 898 1001 989 1068; x_wconf 79' lang='lat' dir='ltr'><strong>auat</strong></span> <span class='ocrx_word' id='word_1_39' title='bbox 1005 993 1046 1068; x_wconf 80' lang='lat' dir='ltr'><strong>io</strong></span> <span class='ocrx_word' id='word_1_40' title='bbox 1060 991 1243 1092; x_wconf 80' lang='lat' dir='ltr'><strong>simplam</strong></span> <span class='ocrx_word' id='word_1_41' title='bbox 1258 1002 1297 1070; x_wconf 82' lang='lat' dir='ltr'><strong>et</strong></span> <span class='ocrx_word' id='word_1_42' title='bbox 1311 993 1374 1070; x_wconf 82' lang='lat' dir='ltr'><strong>cic.</strong></span> 
     </span>
     <span class='ocr_line' id='line_1_6' title="bbox 387 1109 1976 1210; baseline 0.001 -24"><span class='ocrx_word' id='word_1_43' title='bbox 387 1111 499 1186; x_wconf 81' lang='lat' dir='ltr'><strong>Iram</strong></span> <span class='ocrx_word' id='word_1_44' title='bbox 522 1109 715 1186; x_wconf 88' lang='lat' dir='ltr'><strong>actionum</strong></span> <span class='ocrx_word' id='word_1_45' title='bbox 737 1110 912 1208; x_wconf 86' lang='lat' dir='ltr'><strong>quaedam</strong></span> <span class='ocrx_word' id='word_1_46' title='bbox 933 1119 1126 1210; x_wconf 78' lang='lat' dir='ltr'><strong>conceptae</strong></span> <span class='ocrx_word' id='word_1_47' title='bbox 1147 1120 1238 1188; x_wconf 89' lang='lat' dir='ltr'><strong>sunt</strong></span> <span class='ocrx_word' id='word_1_48' title='bbox 1260 1111 1300 1186; x_wconf 93' lang='lat' dir='ltr'><strong>in</strong></span> <span class='ocrx_word' id='word_1_49' title='bbox 1323 1111 1516 1210; x_wconf 91' lang='lat' dir='ltr'><strong>simplum,</strong></span> <span class='ocrx_word' id='word_1_50' title='bbox 1540 1111 1715 1209; x_wconf 80' lang='lat' dir='ltr'><strong>quadam</strong></span> <span class='ocrx_word' id='word_1_51' title='bbox 1737 1111 1777 1186; x_wconf 95' lang='lat' dir='ltr'><strong>in</strong></span> <span class='ocrx_word' id='word_1_52' title='bbox 1800 1110 1976 1210; x_wconf 89' lang='lat' dir='ltr'><strong>duplum,</strong></span> 
     </span>
     <span class='ocr_line' id='line_1_7' title="bbox 386 1227 1977 1328; baseline 0.002 -25"><span class='ocrx_word' id='word_1_53' title='bbox 386 1228 561 1326; x_wconf 78' lang='lat' dir='ltr'><strong>quadam</strong></span> <span class='ocrx_word' id='word_1_54' title='bbox 583 1228 624 1302; x_wconf 92' lang='lat' dir='ltr'><strong>in</strong></span> <span class='ocrx_word' id='word_1_55' title='bbox 646 1227 820 1326; x_wconf 91' lang='lat' dir='ltr'><strong>triplum,</strong></span> <span class='ocrx_word' id='word_1_56' title='bbox 845 1228 1021 1327; x_wconf 86' lang='lat' dir='ltr'><strong>quaedam</strong></span> <span class='ocrx_word' id='word_1_57' title='bbox 1043 1229 1084 1304; x_wconf 94' lang='lat' dir='ltr'><strong>in</strong></span> <span class='ocrx_word' id='word_1_58' title='bbox 1108 1229 1381 1328; x_wconf 89' lang='lat' dir='ltr'><strong>quadruplum,</strong></span> <span class='ocrx_word' id='word_1_59' title='bbox 1406 1238 1445 1306; x_wconf 91' lang='lat' dir='ltr'><strong>et</strong></span> <span class='ocrx_word' id='word_1_60' title='bbox 1469 1230 1525 1306; x_wconf 89' lang='lat' dir='ltr'><strong>ita</strong></span> <span class='ocrx_word' id='word_1_61' title='bbox 1549 1238 1767 1328; x_wconf 84' lang='lat' dir='ltr'><strong>competere</strong></span> <span class='ocrx_word' id='word_1_62' title='bbox 1791 1238 1977 1328; x_wconf 86' lang='lat' dir='ltr'><strong>potenmt</strong></span> 
     </span>
     <span class='ocr_line' id='line_1_8' title="bbox 386 1346 1976 1447; baseline 0 -23"><span class='ocrx_word' id='word_1_63' title='bbox 386 1374 518 1424; x_wconf 90' lang='lat' dir='ltr'><strong>versus</strong></span> <span class='ocrx_word' id='word_1_64' title='bbox 538 1349 691 1424; x_wconf 91' lang='lat' dir='ltr'><strong>unicam</strong></span> <span class='ocrx_word' id='word_1_65' title='bbox 712 1371 918 1446; x_wconf 81' lang='lat' dir='ltr'><strong>personam</strong></span> <span class='ocrx_word' id='word_1_66' title='bbox 937 1348 999 1423; x_wconf 84' lang='lat' dir='ltr'><strong>vel</strong></span> <span class='ocrx_word' id='word_1_67' title='bbox 1020 1348 1163 1447; x_wconf 91' lang='lat' dir='ltr'><strong>plures,</strong></span> <span class='ocrx_word' id='word_1_68' title='bbox 1185 1356 1223 1424; x_wconf 93' lang='lat' dir='ltr'><strong>et</strong></span> <span class='ocrx_word' id='word_1_69' title='bbox 1245 1346 1455 1424; x_wconf 89' lang='lat' dir='ltr'><strong>secundum</strong></span> <span class='ocrx_word' id='word_1_70' title='bbox 1477 1347 1580 1446; x_wconf 92' lang='lat' dir='ltr'><strong>quod</strong></span> <span class='ocrx_word' id='word_1_71' title='bbox 1603 1348 1749 1425; x_wconf 84' lang='lat' dir='ltr'><strong>fuerint</strong></span> <span class='ocrx_word' id='word_1_72' title='bbox 1772 1349 1827 1424; x_wconf 92' lang='lat' dir='ltr'><strong>rei</strong></span> <span class='ocrx_word' id='word_1_73' title='bbox 1850 1373 1976 1447; x_wconf 90' lang='lat' dir='ltr'><strong>perse·</strong></span> 
     </span>
     <span class='ocr_line' id='line_1_9' title="bbox 387 1465 1976 1565; baseline 0.001 -24"><span class='ocrx_word' id='word_1_74' title='bbox 387 1465 542 1542; x_wconf 86' lang='lat' dir='ltr'><strong>cutoriae</strong></span> <span class='ocrx_word' id='word_1_75' title='bbox 558 1465 619 1541; x_wconf 86' lang='lat' dir='ltr'><strong>vel</strong></span> <span class='ocrx_word' id='word_1_76' title='bbox 638 1490 771 1564; x_wconf 87' lang='lat' dir='ltr'><strong>poenae.</strong></span> <span class='ocrx_word' id='word_1_77' title='bbox 792 1467 896 1543; x_wconf 82' lang='lat' dir='ltr'><strong>Item</strong></span> <span class='ocrx_word' id='word_1_78' title='bbox 914 1492 963 1541; x_wconf 87' lang='lat' dir='ltr'><strong>ex</strong></span> <span class='ocrx_word' id='word_1_79' title='bbox 980 1492 1060 1541; x_wconf 92' lang='lat' dir='ltr'><strong>uno</strong></span> <span class='ocrx_word' id='word_1_80' title='bbox 1079 1465 1219 1542; x_wconf 90' lang='lat' dir='ltr'><strong>delicto</strong></span> <span class='ocrx_word' id='word_1_81' title='bbox 1235 1465 1366 1565; x_wconf 89' lang='lat' dir='ltr'><strong>plures</strong></span> <span class='ocrx_word' id='word_1_82' title='bbox 1386 1475 1571 1565; x_wconf 86' lang='lat' dir='ltr'><strong>potenmt</strong></span> <span class='ocrx_word' id='word_1_83' title='bbox 1591 1467 1682 1542; x_wconf 93' lang='lat' dir='ltr'><strong>oriri</strong></span> <span class='ocrx_word' id='word_1_84' title='bbox 1701 1467 1869 1544; x_wconf 78' lang='lat' dir='ltr'><strong>actiones</strong></span> <span class='ocrx_word' id='word_1_85' title='bbox 1888 1492 1976 1543; x_wconf 91' lang='lat' dir='ltr'><strong>con·</strong></span> 
     </span>
     <span class='ocr_line' id='line_1_10' title="bbox 386 1585 1976 1684; baseline -0.001 -23"><span class='ocrx_word' id='word_1_86' title='bbox 386 1593 449 1661; x_wconf 90' lang='lat' dir='ltr'><strong>tra</strong></span> <span class='ocrx_word' id='word_1_87' title='bbox 467 1610 588 1661; x_wconf 93' lang='lat' dir='ltr'><strong>unum</strong></span> <span class='ocrx_word' id='word_1_88' title='bbox 605 1585 665 1660; x_wconf 91' lang='lat' dir='ltr'><strong>vel</strong></span> <span class='ocrx_word' id='word_1_89' title='bbox 682 1586 825 1683; x_wconf 89' lang='lat' dir='ltr'><strong>plures,</strong></span> <span class='ocrx_word' id='word_1_90' title='bbox 844 1593 882 1661; x_wconf 90' lang='lat' dir='ltr'><strong>et</strong></span> <span class='ocrx_word' id='word_1_91' title='bbox 900 1585 1130 1683; x_wconf 78' lang='lat' dir='ltr'><strong>quandoque</strong></span> <span class='ocrx_word' id='word_1_92' title='bbox 1147 1610 1225 1660; x_wconf 91' lang='lat' dir='ltr'><strong>una</strong></span> <span class='ocrx_word' id='word_1_93' title='bbox 1244 1585 1393 1662; x_wconf 88' lang='lat' dir='ltr'><strong>actione</strong></span> <span class='ocrx_word' id='word_1_94' title='bbox 1412 1593 1598 1684; x_wconf 81' lang='lat' dir='ltr'><strong>poterrmt</strong></span> <span class='ocrx_word' id='word_1_95' title='bbox 1615 1585 1814 1662; x_wconf 84' lang='lat' dir='ltr'><strong>terminari</strong></span> <span class='ocrx_word' id='word_1_96' title='bbox 1834 1611 1976 1661; x_wconf 87' lang='lat' dir='ltr'><strong>omnes.</strong></span> 
     </span>
     <span class='ocr_line' id='line_1_11' title="bbox 388 1703 1978 1804; baseline -0.001 -23"><span class='ocrx_word' id='word_1_97' title='bbox 388 1706 492 1782; x_wconf 84' lang='lat' dir='ltr'><strong>Item</strong></span> <span class='ocrx_word' id='word_1_98' title='bbox 509 1704 641 1804; x_wconf 92' lang='lat' dir='ltr'><strong>plures</strong></span> <span class='ocrx_word' id='word_1_99' title='bbox 658 1712 844 1802; x_wconf 89' lang='lat' dir='ltr'><strong>poterunt</strong></span> <span class='ocrx_word' id='word_1_100' title='bbox 861 1712 1078 1802; x_wconf 83' lang='lat' dir='ltr'><strong>competere</strong></span> <span class='ocrx_word' id='word_1_101' title='bbox 1097 1703 1263 1780; x_wconf 75' lang='lat' dir='ltr'><strong>actiones</strong></span> <span class='ocrx_word' id='word_1_102' title='bbox 1282 1703 1394 1779; x_wconf 89' lang='lat' dir='ltr'><strong>alicui</strong></span> <span class='ocrx_word' id='word_1_103' title='bbox 1412 1712 1548 1779; x_wconf 89' lang='lat' dir='ltr'><strong>contra</strong></span> <span class='ocrx_word' id='word_1_104' title='bbox 1567 1704 1696 1791; x_wconf 90' lang='lat' dir='ltr'><strong>alium,</strong></span> <span class='ocrx_word' id='word_1_105' title='bbox 1717 1730 1881 1802; x_wconf 92' lang='lat' dir='ltr'><strong>quarum</strong></span> <span class='ocrx_word' id='word_1_106' title='bbox 1899 1729 1978 1780; x_wconf 90' lang='lat' dir='ltr'><strong>una</strong></span> 
     </span>
     <span class='ocr_line' id='line_1_12' title="bbox 387 1820 1978 1922; baseline -0.001 -24"><span class='ocrx_word' id='word_1_107' title='bbox 387 1824 460 1898; x_wconf 89' lang='lat' dir='ltr'><strong>erit</strong></span> <span class='ocrx_word' id='word_1_108' title='bbox 482 1821 748 1922; x_wconf 87' lang='lat' dir='ltr'><strong>praeiudicialis</strong></span> <span class='ocrx_word' id='word_1_109' title='bbox 769 1830 808 1898; x_wconf 90' lang='lat' dir='ltr'><strong>et</strong></span> <span class='ocrx_word' id='word_1_110' title='bbox 830 1820 1067 1920; x_wconf 86' lang='lat' dir='ltr'><strong>praeambula</strong></span> <span class='ocrx_word' id='word_1_111' title='bbox 1088 1830 1127 1898; x_wconf 89' lang='lat' dir='ltr'><strong>et</strong></span> <span class='ocrx_word' id='word_1_112' title='bbox 1149 1821 1257 1920; x_wconf 89' lang='lat' dir='ltr'><strong>prius</strong></span> <span class='ocrx_word' id='word_1_113' title='bbox 1278 1823 1533 1898; x_wconf 88' lang='lat' dir='ltr'><strong>terminanda.</strong></span> <span class='ocrx_word' id='word_1_114' title='bbox 1560 1823 1663 1899; x_wconf 89' lang='lat' dir='ltr'><strong>Item</strong></span> <span class='ocrx_word' id='word_1_115' title='bbox 1685 1821 1725 1897; x_wconf 92' lang='lat' dir='ltr'><strong>in</strong></span> <span class='ocrx_word' id='word_1_116' title='bbox 1749 1847 1828 1898; x_wconf 92' lang='lat' dir='ltr'><strong>uno</strong></span> <span class='ocrx_word' id='word_1_117' title='bbox 1850 1822 1978 1898; x_wconf 92' lang='lat' dir='ltr'><strong>libello</strong></span> 
     </span>
     <span class='ocr_line' id='line_1_13' title="bbox 387 1939 1979 2040; baseline -0.001 -22"><span class='ocrx_word' id='word_1_118' title='bbox 387 1951 551 2040; x_wconf 86' lang='lat' dir='ltr'><strong>possunt</strong></span> <span class='ocrx_word' id='word_1_119' title='bbox 570 1940 656 2016; x_wconf 80' lang='lat' dir='ltr'><strong>dua</strong></span> <span class='ocrx_word' id='word_1_120' title='bbox 677 1940 864 2017; x_wconf 88' lang='lat' dir='ltr'><strong>contineri</strong></span> <span class='ocrx_word' id='word_1_121' title='bbox 884 1941 1064 2028; x_wconf 90' lang='lat' dir='ltr'><strong>actiones,</strong></span> <span class='ocrx_word' id='word_1_122' title='bbox 1087 1965 1251 2039; x_wconf 90' lang='lat' dir='ltr'><strong>quarum</strong></span> <span class='ocrx_word' id='word_1_123' title='bbox 1274 1965 1353 2017; x_wconf 91' lang='lat' dir='ltr'><strong>una</strong></span> <span class='ocrx_word' id='word_1_124' title='bbox 1374 1940 1414 2016; x_wconf 91' lang='lat' dir='ltr'><strong>in</strong></span> <span class='ocrx_word' id='word_1_125' title='bbox 1435 1965 1641 2038; x_wconf 90' lang='lat' dir='ltr'><strong>personam</strong></span> <span class='ocrx_word' id='word_1_126' title='bbox 1663 1939 1738 2016; x_wconf 89' lang='lat' dir='ltr'><strong>alia</strong></span> <span class='ocrx_word' id='word_1_127' title='bbox 1758 1941 1799 2016; x_wconf 94' lang='lat' dir='ltr'><strong>in</strong></span> <span class='ocrx_word' id='word_1_128' title='bbox 1822 1965 1915 2028; x_wconf 91' lang='lat' dir='ltr'><strong>rem,</strong></span> <span class='ocrx_word' id='word_1_129' title='bbox 1937 1949 1979 2016; x_wconf 89' lang='lat' dir='ltr'><strong>et</strong></span> 
     </span>
     <span class='ocr_line' id='line_1_14' title="bbox 387 2057 1978 2158; baseline -0.001 -24"><span class='ocrx_word' id='word_1_130' title='bbox 387 2085 552 2158; x_wconf 89' lang='lat' dir='ltr'><strong>quarum</strong></span> <span class='ocrx_word' id='word_1_131' title='bbox 567 2059 744 2158; x_wconf 78' lang='lat' dir='ltr'><strong>quaelibet</strong></span> <span class='ocrx_word' id='word_1_132' title='bbox 759 2057 923 2157; x_wconf 89' lang='lat' dir='ltr'><strong>simplex</strong></span> <span class='ocrx_word' id='word_1_133' title='bbox 937 2059 1011 2135; x_wconf 91' lang='lat' dir='ltr'><strong>erit</strong></span> <span class='ocrx_word' id='word_1_134' title='bbox 1027 2084 1099 2158; x_wconf 92' lang='lat' dir='ltr'><strong>per</strong></span> <span class='ocrx_word' id='word_1_135' title='bbox 1112 2084 1164 2135; x_wconf 90' lang='lat' dir='ltr'><strong>se.</strong></span> <span class='ocrx_word' id='word_1_136' title='bbox 1183 2059 1286 2135; x_wconf 92' lang='lat' dir='ltr'><strong>Item</strong></span> <span class='ocrx_word' id='word_1_137' title='bbox 1301 2057 1497 2135; x_wconf 90' lang='lat' dir='ltr'><strong>actionum</strong></span> <span class='ocrx_word' id='word_1_138' title='bbox 1513 2059 1687 2157; x_wconf 78' lang='lat' dir='ltr'><strong>quadam</strong></span> <span class='ocrx_word' id='word_1_139' title='bbox 1705 2058 1860 2146; x_wconf 88' lang='lat' dir='ltr'><strong>directa,</strong></span> <span class='ocrx_word' id='word_1_140' title='bbox 1878 2083 1978 2157; x_wconf 81' lang='lat' dir='ltr'><strong>quse·</strong></span> 
     </span>
     <span class='ocr_line' id='line_1_15' title="bbox 387 2175 1979 2275; baseline 0 -23"><span class='ocrx_word' id='word_1_141' title='bbox 387 2177 478 2254; x_wconf 93' lang='lat' dir='ltr'><strong>dam</strong></span> <span class='ocrx_word' id='word_1_142' title='bbox 507 2177 705 2264; x_wconf 92' lang='lat' dir='ltr'><strong>indirecta,</strong></span> <span class='ocrx_word' id='word_1_143' title='bbox 737 2178 911 2275; x_wconf 85' lang='lat' dir='ltr'><strong>quaedam</strong></span> <span class='ocrx_word' id='word_1_144' title='bbox 942 2177 1145 2252; x_wconf 89' lang='lat' dir='ltr'><strong>contraria.</strong></span> <span class='ocrx_word' id='word_1_145' title='bbox 1180 2179 1283 2253; x_wconf 89' lang='lat' dir='ltr'><strong>Item</strong></span> <span class='ocrx_word' id='word_1_146' title='bbox 1315 2177 1490 2275; x_wconf 76' lang='lat' dir='ltr'><strong>quaedam</strong></span> <span class='ocrx_word' id='word_1_147' title='bbox 1521 2175 1773 2264; x_wconf 84' lang='lat' dir='ltr'><strong>universalis,⁴</strong></span> <span class='ocrx_word' id='word_1_148' title='bbox 1804 2176 1979 2275; x_wconf 79' lang='lat' dir='ltr'><strong>quadam</strong></span> 
     </span>
     <span class='ocr_line' id='line_1_16' title="bbox 387 2293 1978 2395; baseline -0.002 -23"><span class='ocrx_word' id='word_1_149' title='bbox 387 2297 589 2395; x_wconf 80' lang='lat' dir='ltr'><strong>generalis,</strong></span> <span class='ocrx_word' id='word_1_150' title='bbox 610 2296 785 2395; x_wconf 77' lang='lat' dir='ltr'><strong>quadam</strong></span> <span class='ocrx_word' id='word_1_151' title='bbox 806 2293 1021 2392; x_wconf 81' lang='lat' dir='ltr'><strong>singularis.</strong></span> <span class='ocrx_word' id='word_1_152' title='bbox 1046 2295 1149 2372; x_wconf 92' lang='lat' dir='ltr'><strong>Item</strong></span> <span class='ocrx_word' id='word_1_153' title='bbox 1170 2294 1345 2394; x_wconf 87' lang='lat' dir='ltr'><strong>quaedam</strong></span> <span class='ocrx_word' id='word_1_154' title='bbox 1365 2295 1588 2384; x_wconf 93' lang='lat' dir='ltr'><strong>communis,</strong></span> <span class='ocrx_word' id='word_1_155' title='bbox 1610 2295 1786 2393; x_wconf 77' lang='lat' dir='ltr'><strong>quadam</strong></span> <span class='ocrx_word' id='word_1_156' title='bbox 1806 2295 1978 2394; x_wconf 88' lang='lat' dir='ltr'><strong>propria,</strong></span> 
     </span>
     <span class='ocr_line' id='line_1_17' title="bbox 388 2413 1979 2512; baseline -0.003 -20"><span class='ocrx_word' id='word_1_157' title='bbox 388 2414 599 2492; x_wconf 91' lang='lat' dir='ltr'><strong>secundum</strong></span> <span class='ocrx_word' id='word_1_158' title='bbox 616 2414 719 2512; x_wconf 93' lang='lat' dir='ltr'><strong>quod</strong></span> <span class='ocrx_word' id='word_1_159' title='bbox 738 2439 797 2490; x_wconf 93' lang='lat' dir='ltr'><strong>res</strong></span> <span class='ocrx_word' id='word_1_160' title='bbox 817 2437 900 2512; x_wconf 84' lang='lat' dir='ltr'><strong>quae</strong></span> <span class='ocrx_word' id='word_1_161' title='bbox 918 2413 1066 2512; x_wconf 91' lang='lat' dir='ltr'><strong>petitur</strong></span> <span class='ocrx_word' id='word_1_162' title='bbox 1083 2413 1294 2490; x_wconf 89' lang='lat' dir='ltr'><strong>communis</strong></span> <span class='ocrx_word' id='word_1_163' title='bbox 1313 2413 1432 2490; x_wconf 84' lang='lat' dir='ltr'><strong>fuerit</strong></span> <span class='ocrx_word' id='word_1_164' title='bbox 1450 2413 1511 2489; x_wconf 87' lang='lat' dir='ltr'><strong>vel</strong></span> <span class='ocrx_word' id='word_1_165' title='bbox 1531 2413 1702 2512; x_wconf 91' lang='lat' dir='ltr'><strong>propria.</strong></span> <span class='ocrx_word' id='word_1_166' title='bbox 1724 2414 1827 2490; x_wconf 89' lang='lat' dir='ltr'><strong>Item</strong></span> <span class='ocrx_word' id='word_1_167' title='bbox 1845 2438 1979 2489; x_wconf 89' lang='lat' dir='ltr'><strong>earum</strong></span> 
     </span>
     <span class='ocr_line' id='line_1_18' title="bbox 389 2530 1979 2631; baseline -0.002 -23"><span class='ocrx_word' id='word_1_168' title='bbox 389 2557 473 2631; x_wconf 79' lang='lat' dir='ltr'><strong>quae</strong></span> <span class='ocrx_word' id='word_1_169' title='bbox 489 2531 635 2610; x_wconf 88' lang='lat' dir='ltr'><strong>suntin</strong></span> <span class='ocrx_word' id='word_1_170' title='bbox 652 2556 745 2619; x_wconf 91' lang='lat' dir='ltr'><strong>rem,</strong></span> <span class='ocrx_word' id='word_1_171' title='bbox 763 2531 938 2630; x_wconf 80' lang='lat' dir='ltr'><strong>quaedam</strong></span> <span class='ocrx_word' id='word_1_172' title='bbox 955 2530 1117 2630; x_wconf 80' lang='lat' dir='ltr'><strong>proditae</strong></span> <span class='ocrx_word' id='word_1_173' title='bbox 1134 2540 1224 2608; x_wconf 91' lang='lat' dir='ltr'><strong>sunt</strong></span> <span class='ocrx_word' id='word_1_174' title='bbox 1242 2557 1359 2630; x_wconf 90' lang='lat' dir='ltr'><strong>super</strong></span> <span class='ocrx_word' id='word_1_175' title='bbox 1376 2532 1461 2630; x_wconf 88' lang='lat' dir='ltr'><strong>ipsa</strong></span> <span class='ocrx_word' id='word_1_176' title='bbox 1478 2530 1726 2630; x_wconf 88' lang='lat' dir='ltr'><strong>possessione,</strong></span> <span class='ocrx_word' id='word_1_177' title='bbox 1746 2541 1785 2608; x_wconf 91' lang='lat' dir='ltr'><strong>et</strong></span> <span class='ocrx_word' id='word_1_178' title='bbox 1804 2531 1979 2630; x_wconf 77' lang='lat' dir='ltr'><strong>quaedam</strong></span> 
     </span>
     <span class='ocr_line' id='line_1_19' title="bbox 388 2649 1560 2750; baseline -0.002 -22"><span class='ocrx_word' id='word_1_179' title='bbox 388 2676 505 2749; x_wconf 90' lang='lat' dir='ltr'><strong>super</strong></span> <span class='ocrx_word' id='word_1_180' title='bbox 521 2651 771 2750; x_wconf 89' lang='lat' dir='ltr'><strong>proprietate.</strong></span> <span class='ocrx_word' id='word_1_181' title='bbox 789 2650 866 2726; x_wconf 83' lang='lat' dir='ltr'><strong>Est</strong></span> <span class='ocrx_word' id='word_1_182' title='bbox 881 2650 983 2727; x_wconf 91' lang='lat' dir='ltr'><strong>enim</strong></span> <span class='ocrx_word' id='word_1_183' title='bbox 999 2650 1188 2749; x_wconf 91' lang='lat' dir='ltr'><strong>possessio</strong></span> <span class='ocrx_word' id='word_1_184' title='bbox 1203 2649 1258 2726; x_wconf 89' lang='lat' dir='ltr'><strong>rei</strong></span> <span class='ocrx_word' id='word_1_185' title='bbox 1275 2659 1313 2727; x_wconf 93' lang='lat' dir='ltr'><strong>et</strong></span> <span class='ocrx_word' id='word_1_186' title='bbox 1330 2650 1560 2749; x_wconf 86' lang='lat' dir='ltr'><strong>proprietas.</strong></span> 
     </span>
    </p>

    <p class='ocr_par' dir='ltr' id='par_1_4' title="bbox 386 2770 1979 4990">
     <span class='ocr_line' id='line_1_20' title="bbox 487 2770 950 2849; baseline 0 -2"><span class='ocrx_word' id='word_1_187' title='bbox 487 2772 554 2849; x_wconf 84' lang='lat' dir='ltr'><strong>De</strong></span> <span class='ocrx_word' id='word_1_188' title='bbox 572 2770 784 2848; x_wconf 77' lang='lat' dir='ltr'><strong>actionibus</strong></span> <span class='ocrx_word' id='word_1_189' title='bbox 800 2771 841 2847; x_wconf 80' lang='lat' dir='ltr'><strong>io</strong></span> <span class='ocrx_word' id='word_1_190' title='bbox 857 2795 950 2848; x_wconf 82' lang='lat' dir='ltr'><strong>rem.</strong></span> 
     </span>
     <span class='ocr_line' id='line_1_21' title="bbox 388 2886 1979 2978; baseline -0.001 -12"><span class='ocrx_word' id='word_1_191' title='bbox 388 2890 626 2966; x_wconf 81' lang='lat' dir='ltr'><strong>Acrronuru</strong></span> <span class='ocrx_word' id='word_1_192' title='bbox 648 2898 778 2966; x_wconf 82' lang='lat' dir='ltr'><strong>autem</strong></span> <span class='ocrx_word' id='word_1_193' title='bbox 799 2889 966 2965; x_wconf 83' lang='lat' dir='ltr'><strong>civilium</strong></span> <span class='ocrx_word' id='word_1_194' title='bbox 987 2898 1026 2964; x_wconf 94' lang='lat' dir='ltr'><strong>et</strong></span> <span class='ocrx_word' id='word_1_195' title='bbox 1047 2889 1089 2965; x_wconf 92' lang='lat' dir='ltr'><strong>in</strong></span> <span class='ocrx_word' id='word_1_196' title='bbox 1108 2914 1191 2965; x_wconf 91' lang='lat' dir='ltr'><strong>rem</strong></span> <span class='ocrx_word' id='word_1_197' title='bbox 1212 2888 1309 2966; x_wconf 94' lang='lat' dir='ltr'><strong>sicut</strong></span> <span class='ocrx_word' id='word_1_198' title='bbox 1331 2890 1386 2965; x_wconf 91' lang='lat' dir='ltr'><strong>rei</strong></span> <span class='ocrx_word' id='word_1_199' title='bbox 1407 2888 1625 2978; x_wconf 88' lang='lat' dir='ltr'><strong>vindicatio,</strong></span> <span class='ocrx_word' id='word_1_200' title='bbox 1649 2888 1726 2963; x_wconf 93' lang='lat' dir='ltr'><strong>alia</strong></span> <span class='ocrx_word' id='word_1_201' title='bbox 1746 2886 1979 2965; x_wconf 81' lang='lat' dir='ltr'><strong>confessoris</strong></span> 
     </span>
     <span class='ocr_line' id='line_1_22' title="bbox 388 3003 1979 3106; baseline -0.001 -22"><span class='ocrx_word' id='word_1_202' title='bbox 388 3007 465 3084; x_wconf 86' lang='lat' dir='ltr'><strong>alia</strong></span> <span class='ocrx_word' id='word_1_203' title='bbox 477 3009 689 3105; x_wconf 84' lang='lat' dir='ltr'><strong>negatoria.</strong></span> <span class='ocrx_word' id='word_1_204' title='bbox 710 3006 1013 3105; x_wconf 66' lang='lat' dir='ltr'><strong>[confessorid]</strong></span> <span class='ocrx_word' id='word_1_205' title='bbox 1031 3032 1119 3084; x_wconf 90' lang='lat' dir='ltr'><strong>cum</strong></span> <span class='ocrx_word' id='word_1_206' title='bbox 1133 3007 1236 3084; x_wconf 89' lang='lat' dir='ltr'><strong>dicat</strong></span> <span class='ocrx_word' id='word_1_207' title='bbox 1250 3008 1335 3106; x_wconf 89' lang='lat' dir='ltr'><strong>quis</strong></span> <span class='ocrx_word' id='word_1_208' title='bbox 1350 3007 1518 3105; x_wconf 82' lang='lat' dir='ltr'><strong>aliquam</strong></span> <span class='ocrx_word' id='word_1_209' title='bbox 1533 3032 1615 3083; x_wconf 93' lang='lat' dir='ltr'><strong>rem</strong></span> <span class='ocrx_word' id='word_1_210' title='bbox 1629 3003 1882 3105; x_wconf 72' lang='lat' dir='ltr'><strong>corporalem·</strong></span> <span class='ocrx_word' id='word_1_211' title='bbox 1898 3029 1979 3082; x_wconf 88' lang='lat' dir='ltr'><strong>esse</strong></span> 
     </span>
     <span class='ocr_line' id='line_1_23' title="bbox 388 3125 1978 3224; baseline -0.003 -21"><span class='ocrx_word' id='word_1_212' title='bbox 388 3152 508 3216; x_wconf 91' lang='lat' dir='ltr'><strong>suam,</strong></span> <span class='ocrx_word' id='word_1_213' title='bbox 530 3127 627 3203; x_wconf 91' lang='lat' dir='ltr'><strong>sicut</strong></span> <span class='ocrx_word' id='word_1_214' title='bbox 647 3126 748 3201; x_wconf 93' lang='lat' dir='ltr'><strong>hunc</strong></span> <span class='ocrx_word' id='word_1_215' title='bbox 770 3151 933 3214; x_wconf 85' lang='lat' dir='ltr'><strong>servum,</strong></span> <span class='ocrx_word' id='word_1_216' title='bbox 954 3126 1055 3201; x_wconf 91' lang='lat' dir='ltr'><strong>hunc</strong></span> <span class='ocrx_word' id='word_1_217' title='bbox 1077 3126 1256 3214; x_wconf 88' lang='lat' dir='ltr'><strong>fundum,</strong></span> <span class='ocrx_word' id='word_1_218' title='bbox 1278 3126 1380 3202; x_wconf 92' lang='lat' dir='ltr'><strong>hunc</strong></span> <span class='ocrx_word' id='word_1_219' title='bbox 1401 3150 1553 3224; x_wconf 92' lang='lat' dir='ltr'><strong>equum,</strong></span> <span class='ocrx_word' id='word_1_220' title='bbox 1576 3125 1677 3200; x_wconf 88' lang='lat' dir='ltr'><strong>hanc</strong></span> <span class='ocrx_word' id='word_1_221' title='bbox 1695 3134 1850 3201; x_wconf 90' lang='lat' dir='ltr'><strong>vestem.</strong></span> <span class='ocrx_word' id='word_1_222' title='bbox 1876 3125 1978 3201; x_wconf 87' lang='lat' dir='ltr'><strong>Item</strong></span> 
     </span>
     <span class='ocr_line' id='line_1_24' title="bbox 387 3243 1978 3343; baseline -0.002 -22"><span class='ocrx_word' id='word_1_223' title='bbox 387 3245 621 3323; x_wconf 82' lang='lat' dir='ltr'><strong>confessoris</strong></span> <span class='ocrx_word' id='word_1_224' title='bbox 639 3253 697 3322; x_wconf 88' lang='lat' dir='ltr'><strong>est</strong></span> <span class='ocrx_word' id='word_1_225' title='bbox 713 3270 790 3343; x_wconf 94' lang='lat' dir='ltr'><strong>qua</strong></span> <span class='ocrx_word' id='word_1_226' title='bbox 807 3243 899 3321; x_wconf 90' lang='lat' dir='ltr'><strong>dicis</strong></span> <span class='ocrx_word' id='word_1_227' title='bbox 916 3244 986 3321; x_wconf 89' lang='lat' dir='ltr'><strong>tibi</strong></span> <span class='ocrx_word' id='word_1_228' title='bbox 1002 3244 1061 3320; x_wconf 94' lang='lat' dir='ltr'><strong>ius</strong></span> <span class='ocrx_word' id='word_1_229' title='bbox 1078 3269 1159 3321; x_wconf 90' lang='lat' dir='ltr'><strong>esse</strong></span> <span class='ocrx_word' id='word_1_230' title='bbox 1176 3244 1291 3320; x_wconf 93' lang='lat' dir='ltr'><strong>eundi</strong></span> <span class='ocrx_word' id='word_1_231' title='bbox 1309 3270 1381 3342; x_wconf 94' lang='lat' dir='ltr'><strong>per</strong></span> <span class='ocrx_word' id='word_1_232' title='bbox 1399 3243 1566 3319; x_wconf 83' lang='lat' dir='ltr'><strong>fundum</strong></span> <span class='ocrx_word' id='word_1_233' title='bbox 1584 3243 1697 3318; x_wconf 88' lang='lat' dir='ltr'><strong>vicini</strong></span> <span class='ocrx_word' id='word_1_234' title='bbox 1713 3243 1773 3319; x_wconf 91' lang='lat' dir='ltr'><strong>tui</strong></span> <span class='ocrx_word' id='word_1_235' title='bbox 1791 3267 1978 3341; x_wconf 84' lang='lat' dir='ltr'><strong>aquamve</strong></span> 
     </span>
     <span class='ocr_line' id='line_1_25' title="bbox 388 3360 1978 3460; baseline -0.003 -20"><span class='ocrx_word' id='word_1_236' title='bbox 388 3363 563 3452; x_wconf 91' lang='lat' dir='ltr'><strong>ducendi,</strong></span> <span class='ocrx_word' id='word_1_237' title='bbox 579 3389 625 3439; x_wconf 93' lang='lat' dir='ltr'><strong>eo</strong></span> <span class='ocrx_word' id='word_1_238' title='bbox 640 3364 773 3452; x_wconf 89' lang='lat' dir='ltr'><strong>invito,</strong></span> <span class='ocrx_word' id='word_1_239' title='bbox 790 3373 828 3438; x_wconf 90' lang='lat' dir='ltr'><strong>et</strong></span> <span class='ocrx_word' id='word_1_240' title='bbox 843 3361 1071 3439; x_wconf 88' lang='lat' dir='ltr'><strong>huiusmodi.</strong></span> <span class='ocrx_word' id='word_1_241' title='bbox 1089 3362 1147 3438; x_wconf 84' lang='lat' dir='ltr'><strong>Et</strong></span> <span class='ocrx_word' id='word_1_242' title='bbox 1162 3361 1240 3437; x_wconf 87' lang='lat' dir='ltr'><strong>lraec</strong></span> <span class='ocrx_word' id='word_1_243' title='bbox 1258 3362 1357 3438; x_wconf 86' lang='lat' dir='ltr'><strong>actio</strong></span> <span class='ocrx_word' id='word_1_244' title='bbox 1374 3362 1415 3436; x_wconf 92' lang='lat' dir='ltr'><strong>in</strong></span> <span class='ocrx_word' id='word_1_245' title='bbox 1432 3387 1513 3438; x_wconf 90' lang='lat' dir='ltr'><strong>rem</strong></span> <span class='ocrx_word' id='word_1_246' title='bbox 1529 3361 1614 3438; x_wconf 93' lang='lat' dir='ltr'><strong>ideo</strong></span> <span class='ocrx_word' id='word_1_247' title='bbox 1633 3361 1773 3437; x_wconf 87' lang='lat' dir='ltr'><strong>dicitur</strong></span> <span class='ocrx_word' id='word_1_248' title='bbox 1789 3360 1879 3460; x_wconf 89' lang='lat' dir='ltr'><strong>quia</strong></span> <span class='ocrx_word' id='word_1_249' title='bbox 1896 3385 1978 3437; x_wconf 91' lang='lat' dir='ltr'><strong>rem</strong></span> 
     </span>
     <span class='ocr_line' id='line_1_26' title="bbox 386 3477 1978 3580; baseline -0.003 -21"><span class='ocrx_word' id='word_1_250' title='bbox 386 3494 496 3559; x_wconf 92' lang='lat' dir='ltr'><strong>tuam</strong></span> <span class='ocrx_word' id='word_1_251' title='bbox 512 3481 792 3580; x_wconf 91' lang='lat' dir='ltr'><strong>incorporalem</strong></span> <span class='ocrx_word' id='word_1_252' title='bbox 808 3482 919 3580; x_wconf 88' lang='lat' dir='ltr'><strong>petis,</strong></span> <span class='ocrx_word' id='word_1_253' title='bbox 937 3480 1077 3557; x_wconf 88' lang='lat' dir='ltr'><strong>scilicet</strong></span> <span class='ocrx_word' id='word_1_254' title='bbox 1094 3482 1153 3556; x_wconf 92' lang='lat' dir='ltr'><strong>ius</strong></span> <span class='ocrx_word' id='word_1_255' title='bbox 1169 3481 1285 3556; x_wconf 91' lang='lat' dir='ltr'><strong>eundi</strong></span> <span class='ocrx_word' id='word_1_256' title='bbox 1302 3506 1372 3579; x_wconf 93' lang='lat' dir='ltr'><strong>per</strong></span> <span class='ocrx_word' id='word_1_257' title='bbox 1389 3481 1567 3568; x_wconf 83' lang='lat' dir='ltr'><strong>fundum,</strong></span> <span class='ocrx_word' id='word_1_258' title='bbox 1586 3488 1626 3556; x_wconf 91' lang='lat' dir='ltr'><strong>et</strong></span> <span class='ocrx_word' id='word_1_259' title='bbox 1641 3479 1726 3556; x_wconf 90' lang='lat' dir='ltr'><strong>ideo</strong></span> <span class='ocrx_word' id='word_1_260' title='bbox 1744 3477 1978 3556; x_wconf 78' lang='lat' dir='ltr'><strong>confessoris</strong></span> 
     </span>
     <span class='ocr_line' id='line_1_27' title="bbox 389 3597 1977 3697; baseline -0.003 -21"><span class='ocrx_word' id='word_1_261' title='bbox 389 3601 529 3676; x_wconf 90' lang='lat' dir='ltr'><strong>dicitur</strong></span> <span class='ocrx_word' id='word_1_262' title='bbox 554 3598 644 3697; x_wconf 94' lang='lat' dir='ltr'><strong>quia</strong></span> <span class='ocrx_word' id='word_1_263' title='bbox 668 3600 879 3676; x_wconf 90' lang='lat' dir='ltr'><strong>constituta</strong></span> <span class='ocrx_word' id='word_1_264' title='bbox 903 3608 961 3675; x_wconf 90' lang='lat' dir='ltr'><strong>est</strong></span> <span class='ocrx_word' id='word_1_265' title='bbox 987 3598 1111 3675; x_wconf 88' lang='lat' dir='ltr'><strong>verbis</strong></span> <span class='ocrx_word' id='word_1_266' title='bbox 1139 3597 1387 3675; x_wconf 85' lang='lat' dir='ltr'><strong>affirmativis.</strong></span> <span class='ocrx_word' id='word_1_267' title='bbox 1414 3597 1546 3675; x_wconf 86' lang='lat' dir='ltr'><strong>Actio⁷</strong></span> <span class='ocrx_word' id='word_1_268' title='bbox 1574 3623 1665 3673; x_wconf 92' lang='lat' dir='ltr'><strong>vero</strong></span> <span class='ocrx_word' id='word_1_269' title='bbox 1691 3598 1893 3696; x_wconf 83' lang='lat' dir='ltr'><strong>negatoria</strong></span> <span class='ocrx_word' id='word_1_270' title='bbox 1918 3604 1977 3672; x_wconf 90' lang='lat' dir='ltr'><strong>est</strong></span> 
     </span>
     <span class='ocr_line' id='line_1_28' title="bbox 388 3716 1977 3817; baseline -0.001 -24"><span class='ocrx_word' id='word_1_271' title='bbox 388 3744 505 3817; x_wconf 94' lang='lat' dir='ltr'><strong>quam</strong></span> <span class='ocrx_word' id='word_1_272' title='bbox 521 3718 697 3794; x_wconf 91' lang='lat' dir='ltr'><strong>dominus</strong></span> <span class='ocrx_word' id='word_1_273' title='bbox 713 3718 827 3794; x_wconf 86' lang='lat' dir='ltr'><strong>fundi</strong></span> <span class='ocrx_word' id='word_1_274' title='bbox 843 3718 1009 3794; x_wconf 88' lang='lat' dir='ltr'><strong>intendit</strong></span> <span class='ocrx_word' id='word_1_275' title='bbox 1025 3717 1207 3794; x_wconf 92' lang='lat' dir='ltr'><strong>adversus</strong></span> <span class='ocrx_word' id='word_1_276' title='bbox 1224 3726 1264 3793; x_wconf 81' lang='lat' dir='ltr'><strong>te</strong></span> <span class='ocrx_word' id='word_1_277' title='bbox 1280 3717 1392 3793; x_wconf 88' lang='lat' dir='ltr'><strong>solito</strong></span> <span class='ocrx_word' id='word_1_278' title='bbox 1408 3724 1564 3793; x_wconf 86' lang='lat' dir='ltr'><strong>euntem</strong></span> <span class='ocrx_word' id='word_1_279' title='bbox 1580 3741 1652 3814; x_wconf 92' lang='lat' dir='ltr'><strong>per</strong></span> <span class='ocrx_word' id='word_1_280' title='bbox 1669 3716 1835 3791; x_wconf 83' lang='lat' dir='ltr'><strong>fundum</strong></span> <span class='ocrx_word' id='word_1_281' title='bbox 1853 3740 1977 3804; x_wconf 92' lang='lat' dir='ltr'><strong>suum,</strong></span> 
     </span>
     <span class='ocr_line' id='line_1_29' title="bbox 389 3833 1977 3934; baseline -0.002 -22"><span class='ocrx_word' id='word_1_282' title='bbox 389 3836 516 3912; x_wconf 90' lang='lat' dir='ltr'><strong>dicens</strong></span> <span class='ocrx_word' id='word_1_283' title='bbox 533 3836 603 3912; x_wconf 89' lang='lat' dir='ltr'><strong>tibi</strong></span> <span class='ocrx_word' id='word_1_284' title='bbox 621 3860 699 3911; x_wconf 93' lang='lat' dir='ltr'><strong>non</strong></span> <span class='ocrx_word' id='word_1_285' title='bbox 717 3863 798 3912; x_wconf 91' lang='lat' dir='ltr'><strong>esse</strong></span> <span class='ocrx_word' id='word_1_286' title='bbox 816 3837 875 3912; x_wconf 92' lang='lat' dir='ltr'><strong>ius</strong></span> <span class='ocrx_word' id='word_1_287' title='bbox 891 3835 947 3912; x_wconf 92' lang='lat' dir='ltr'><strong>ire</strong></span> <span class='ocrx_word' id='word_1_288' title='bbox 965 3861 1037 3934; x_wconf 91' lang='lat' dir='ltr'><strong>per</strong></span> <span class='ocrx_word' id='word_1_289' title='bbox 1054 3836 1222 3912; x_wconf 82' lang='lat' dir='ltr'><strong>fundum</strong></span> <span class='ocrx_word' id='word_1_290' title='bbox 1240 3860 1364 3912; x_wconf 91' lang='lat' dir='ltr'><strong>suum.</strong></span> <span class='ocrx_word' id='word_1_291' title='bbox 1385 3834 1442 3911; x_wconf 88' lang='lat' dir='ltr'><strong>Et</strong></span> <span class='ocrx_word' id='word_1_292' title='bbox 1461 3834 1539 3909; x_wconf 85' lang='lat' dir='ltr'><strong>haec</strong></span> <span class='ocrx_word' id='word_1_293' title='bbox 1559 3834 1657 3926; x_wconf 83' lang='lat' dir='ltr'><strong>aetio</strong></span> <span class='ocrx_word' id='word_1_294' title='bbox 1677 3833 1817 3910; x_wconf 89' lang='lat' dir='ltr'><strong>dicitur</strong></span> <span class='ocrx_word' id='word_1_295' title='bbox 1836 3835 1877 3909; x_wconf 93' lang='lat' dir='ltr'><strong>in</strong></span> <span class='ocrx_word' id='word_1_296' title='bbox 1896 3858 1977 3910; x_wconf 92' lang='lat' dir='ltr'><strong>rem</strong></span> 
     </span>
     <span class='ocr_line' id='line_1_30' title="bbox 387 3952 1977 4053; baseline -0.001 -24"><span class='ocrx_word' id='word_1_297' title='bbox 387 3955 478 4053; x_wconf 92' lang='lat' dir='ltr'><strong>quia</strong></span> <span class='ocrx_word' id='word_1_298' title='bbox 492 3954 668 4031; x_wconf 91' lang='lat' dir='ltr'><strong>dominus</strong></span> <span class='ocrx_word' id='word_1_299' title='bbox 684 3954 798 4031; x_wconf 82' lang='lat' dir='ltr'><strong>fundi</strong></span> <span class='ocrx_word' id='word_1_300' title='bbox 813 3955 853 4030; x_wconf 93' lang='lat' dir='ltr'><strong>in</strong></span> <span class='ocrx_word' id='word_1_301' title='bbox 866 3954 937 4029; x_wconf 93' lang='lat' dir='ltr'><strong>hoc</strong></span> <span class='ocrx_word' id='word_1_302' title='bbox 953 3979 1062 4030; x_wconf 94' lang='lat' dir='ltr'><strong>suam</strong></span> <span class='ocrx_word' id='word_1_303' title='bbox 1076 3953 1244 4030; x_wconf 91' lang='lat' dir='ltr'><strong>vindicat</strong></span> <span class='ocrx_word' id='word_1_304' title='bbox 1261 3952 1488 4030; x_wconf 90' lang='lat' dir='ltr'><strong>libertatem.</strong></span> <span class='ocrx_word' id='word_1_305' title='bbox 1505 3952 1564 4029; x_wconf 83' lang='lat' dir='ltr'><strong>Et</strong></span> <span class='ocrx_word' id='word_1_306' title='bbox 1578 3952 1795 4029; x_wconf 91' lang='lat' dir='ltr'><strong>huiusmodi</strong></span> <span class='ocrx_word' id='word_1_307' title='bbox 1810 3953 1977 4028; x_wconf 86' lang='lat' dir='ltr'><strong>actiones</strong></span> 
     </span>
     <span class='ocr_line' id='line_1_31' title="bbox 387 4070 1978 4172; baseline -0.004 -23"><span class='ocrx_word' id='word_1_308' title='bbox 387 4073 480 4149; x_wconf 84' lang='lat' dir='ltr'><strong>non⁸</strong></span> <span class='ocrx_word' id='word_1_309' title='bbox 493 4082 719 4172; x_wconf 92' lang='lat' dir='ltr'><strong>competunt</strong></span> <span class='ocrx_word' id='word_1_310' title='bbox 735 4075 782 4149; x_wconf 92' lang='lat' dir='ltr'><strong>de</strong></span> <span class='ocrx_word' id='word_1_311' title='bbox 798 4071 966 4148; x_wconf 93' lang='lat' dir='ltr'><strong>dominio</strong></span> <span class='ocrx_word' id='word_1_312' title='bbox 981 4072 1036 4146; x_wconf 92' lang='lat' dir='ltr'><strong>rei</strong></span> <span class='ocrx_word' id='word_1_313' title='bbox 1050 4073 1116 4148; x_wconf 93' lang='lat' dir='ltr'><strong>sed</strong></span> <span class='ocrx_word' id='word_1_314' title='bbox 1133 4073 1180 4147; x_wconf 89' lang='lat' dir='ltr'><strong>de</strong></span> <span class='ocrx_word' id='word_1_315' title='bbox 1195 4072 1278 4147; x_wconf 89' lang='lat' dir='ltr'><strong>iure</strong></span> <span class='ocrx_word' id='word_1_316' title='bbox 1293 4070 1536 4171; x_wconf 77' lang='lat' dir='ltr'><strong>praediorum.</strong></span> <span class='ocrx_word' id='word_1_317' title='bbox 1556 4072 1708 4162; x_wconf 88' lang='lat' dir='ltr'><strong>&lt;Item</strong></span> <span class='ocrx_word' id='word_1_318' title='bbox 1724 4071 1765 4146; x_wconf 92' lang='lat' dir='ltr'><strong>in</strong></span> <span class='ocrx_word' id='word_1_319' title='bbox 1780 4095 1862 4146; x_wconf 91' lang='lat' dir='ltr'><strong>rem</strong></span> <span class='ocrx_word' id='word_1_320' title='bbox 1878 4094 1978 4168; x_wconf 81' lang='lat' dir='ltr'><strong>quse·</strong></span> 
     </span>
     <span class='ocr_line' id='line_1_32' title="bbox 388 4188 1977 4290; baseline -0.004 -22"><span class='ocrx_word' id='word_1_321' title='bbox 388 4191 478 4269; x_wconf 94' lang='lat' dir='ltr'><strong>dam</strong></span> <span class='ocrx_word' id='word_1_322' title='bbox 495 4192 767 4290; x_wconf 90' lang='lat' dir='ltr'><strong>recuperandae</strong></span> <span class='ocrx_word' id='word_1_323' title='bbox 783 4189 1030 4290; x_wconf 87' lang='lat' dir='ltr'><strong>possessionis</strong></span> <span class='ocrx_word' id='word_1_324' title='bbox 1049 4214 1174 4278; x_wconf 90' lang='lat' dir='ltr'><strong>causa,</strong></span> <span class='ocrx_word' id='word_1_325' title='bbox 1193 4190 1368 4288; x_wconf 77' lang='lat' dir='ltr'><strong>quaedam</strong></span> <span class='ocrx_word' id='word_1_326' title='bbox 1387 4188 1650 4287; x_wconf 76' lang='lat' dir='ltr'><strong>adipiscenda,</strong></span> <span class='ocrx_word' id='word_1_327' title='bbox 1670 4196 1709 4265; x_wconf 88' lang='lat' dir='ltr'><strong>et</strong></span> <span class='ocrx_word' id='word_1_328' title='bbox 1728 4188 1903 4287; x_wconf 77' lang='lat' dir='ltr'><strong>quaedam</strong></span> <span class='ocrx_word' id='word_1_329' title='bbox 1920 4213 1977 4264; x_wconf 90' lang='lat' dir='ltr'><strong>re·</strong></span> 
     </span>
     <span class='ocr_line' id='line_1_33' title="bbox 387 4305 1978 4407; baseline -0.004 -19"><span class='ocrx_word' id='word_1_330' title='bbox 387 4310 579 4389; x_wconf 82' lang='lat' dir='ltr'><strong>tinendae.’</strong></span> <span class='ocrx_word' id='word_1_331' title='bbox 600 4309 902 4407; x_wconf 82' lang='lat' dir='ltr'><strong>Recuperandae,</strong></span> <span class='ocrx_word' id='word_1_332' title='bbox 922 4309 993 4383; x_wconf 92' lang='lat' dir='ltr'><strong>hoc</strong></span> <span class='ocrx_word' id='word_1_333' title='bbox 1012 4317 1069 4384; x_wconf 91' lang='lat' dir='ltr'><strong>est</strong></span> <span class='ocrx_word' id='word_1_334' title='bbox 1090 4307 1235 4384; x_wconf 86' lang='lat' dir='ltr'><strong>seisinae</strong></span> <span class='ocrx_word' id='word_1_335' title='bbox 1255 4308 1421 4406; x_wconf 88' lang='lat' dir='ltr'><strong>propriae</strong></span> <span class='ocrx_word' id='word_1_336' title='bbox 1442 4307 1550 4406; x_wconf 90' lang='lat' dir='ltr'><strong>prius</strong></span> <span class='ocrx_word' id='word_1_337' title='bbox 1570 4305 1708 4382; x_wconf 81' lang='lat' dir='ltr'><strong>habitae</strong></span> <span class='ocrx_word' id='word_1_338' title='bbox 1729 4332 1800 4405; x_wconf 91' lang='lat' dir='ltr'><strong>per</strong></span> <span class='ocrx_word' id='word_1_339' title='bbox 1821 4306 1978 4382; x_wconf 91' lang='lat' dir='ltr'><strong>assisam</strong></span> 
     </span>
     <span class='ocr_line' id='line_1_34' title="bbox 388 4424 1978 4526; baseline -0.004 -21"><span class='ocrx_word' id='word_1_340' title='bbox 388 4455 495 4506; x_wconf 86' lang='lat' dir='ltr'><strong>novae</strong></span> <span class='ocrx_word' id='word_1_341' title='bbox 518 4428 731 4505; x_wconf 87' lang='lat' dir='ltr'><strong>disseisinae.</strong></span> <span class='ocrx_word' id='word_1_342' title='bbox 754 4427 1037 4526; x_wconf 87' lang='lat' dir='ltr'><strong>Adipiscendae,</strong></span> <span class='ocrx_word' id='word_1_343' title='bbox 1060 4427 1130 4501; x_wconf 93' lang='lat' dir='ltr'><strong>hoc</strong></span> <span class='ocrx_word' id='word_1_344' title='bbox 1154 4434 1212 4502; x_wconf 90' lang='lat' dir='ltr'><strong>est</strong></span> <span class='ocrx_word' id='word_1_345' title='bbox 1235 4426 1377 4514; x_wconf 87' lang='lat' dir='ltr'><strong>alienae,</strong></span> <span class='ocrx_word' id='word_1_346' title='bbox 1400 4425 1575 4501; x_wconf 86' lang='lat' dir='ltr'><strong>videlicet</strong></span> <span class='ocrx_word' id='word_1_347' title='bbox 1599 4424 1786 4500; x_wconf 81' lang='lat' dir='ltr'><strong>alicuius¹⁰</strong></span> <span class='ocrx_word' id='word_1_348' title='bbox 1810 4433 1978 4500; x_wconf 89' lang='lat' dir='ltr'><strong>anteces-</strong></span> 
     </span>
     <span class='ocr_line' id='line_1_35' title="bbox 389 4543 1977 4642; baseline -0.004 -19"><span class='ocrx_word' id='word_1_349' title='bbox 389 4547 495 4623; x_wconf 90' lang='lat' dir='ltr'><strong>soris.</strong></span> <span class='ocrx_word' id='word_1_350' title='bbox 519 4545 758 4632; x_wconf 78' lang='lat' dir='ltr'><strong>Retinenda,</strong></span> <span class='ocrx_word' id='word_1_351' title='bbox 782 4546 879 4622; x_wconf 90' lang='lat' dir='ltr'><strong>sicut</strong></span> <span class='ocrx_word' id='word_1_352' title='bbox 903 4545 1108 4620; x_wconf 91' lang='lat' dir='ltr'><strong>interdicta</strong></span> <span class='ocrx_word' id='word_1_353' title='bbox 1130 4571 1178 4621; x_wconf 92' lang='lat' dir='ltr'><strong>ne</strong></span> <span class='ocrx_word' id='word_1_354' title='bbox 1201 4544 1286 4642; x_wconf 90' lang='lat' dir='ltr'><strong>quis</strong></span> <span class='ocrx_word' id='word_1_355' title='bbox 1310 4543 1447 4619; x_wconf 85' lang='lat' dir='ltr'><strong>alteri11</strong></span> <span class='ocrx_word' id='word_1_356' title='bbox 1471 4544 1550 4619; x_wconf 86' lang='lat' dir='ltr'><strong>vim</strong></span> <span class='ocrx_word' id='word_1_357' title='bbox 1574 4543 1703 4618; x_wconf 87' lang='lat' dir='ltr'><strong>faciat.</strong></span> <span class='ocrx_word' id='word_1_358' title='bbox 1731 4545 1834 4619; x_wconf 91' lang='lat' dir='ltr'><strong>Item</strong></span> <span class='ocrx_word' id='word_1_359' title='bbox 1858 4567 1977 4641; x_wconf 92' lang='lat' dir='ltr'><strong>quan-</strong></span> 
     </span>
     <span class='ocr_line' id='line_1_36' title="bbox 388 4661 1979 4763; baseline -0.003 -22"><span class='ocrx_word' id='word_1_360' title='bbox 388 4665 513 4763; x_wconf 92' lang='lat' dir='ltr'><strong>doque</strong></span> <span class='ocrx_word' id='word_1_361' title='bbox 530 4665 658 4762; x_wconf 87' lang='lat' dir='ltr'><strong>gratia</strong></span> <span class='ocrx_word' id='word_1_362' title='bbox 676 4664 946 4762; x_wconf 75' lang='lat' dir='ltr'><strong>recuperandae</strong></span> <span class='ocrx_word' id='word_1_363' title='bbox 963 4673 1044 4739; x_wconf 94' lang='lat' dir='ltr'><strong>tam</strong></span> <span class='ocrx_word' id='word_1_364' title='bbox 1062 4663 1309 4761; x_wconf 90' lang='lat' dir='ltr'><strong>possessionis</strong></span> <span class='ocrx_word' id='word_1_365' title='bbox 1328 4688 1444 4760; x_wconf 93' lang='lat' dir='ltr'><strong>quam</strong></span> <span class='ocrx_word' id='word_1_366' title='bbox 1461 4661 1711 4760; x_wconf 91' lang='lat' dir='ltr'><strong>proprietatis</strong></span> <span class='ocrx_word' id='word_1_367' title='bbox 1730 4661 1853 4737; x_wconf 91' lang='lat' dir='ltr'><strong>simul.</strong></span> <span class='ocrx_word' id='word_1_368' title='bbox 1875 4661 1979 4736; x_wconf 91' lang='lat' dir='ltr'><strong>Item</strong></span> 
     </span>
     <span class='ocr_line' id='line_1_37' title="bbox 389 4778 1979 4882; baseline -0.004 -23"><span class='ocrx_word' id='word_1_369' title='bbox 389 4784 618 4882; x_wconf 88' lang='lat' dir='ltr'><strong>quandoque</strong></span> <span class='ocrx_word' id='word_1_370' title='bbox 650 4807 765 4858; x_wconf 90' lang='lat' dir='ltr'><strong>causa</strong></span> <span class='ocrx_word' id='word_1_371' title='bbox 796 4782 1067 4880; x_wconf 78' lang='lat' dir='ltr'><strong>recuperanda</strong></span> <span class='ocrx_word' id='word_1_372' title='bbox 1098 4781 1345 4880; x_wconf 89' lang='lat' dir='ltr'><strong>possessionis</strong></span> <span class='ocrx_word' id='word_1_373' title='bbox 1378 4805 1493 4878; x_wconf 91' lang='lat' dir='ltr'><strong>quam</strong></span> <span class='ocrx_word' id='word_1_374' title='bbox 1527 4780 1611 4877; x_wconf 94' lang='lat' dir='ltr'><strong>quis</strong></span> <span class='ocrx_word' id='word_1_375' title='bbox 1646 4778 1681 4855; x_wconf 93' lang='lat' dir='ltr'><strong>ei·</strong></span> <span class='ocrx_word' id='word_1_376' title='bbox 1712 4779 1895 4856; x_wconf 88' lang='lat' dir='ltr'><strong>concessit</strong></span> <span class='ocrx_word' id='word_1_377' title='bbox 1929 4779 1979 4855; x_wconf 89' lang='lat' dir='ltr'><strong>ad</strong></span> 
     </span>
     <span class='ocr_line' id='line_1_38' title="bbox 389 4900 1048 4990; baseline -0.005 -13"><span class='ocrx_word' id='word_1_378' title='bbox 389 4900 596 4977; x_wconf 88' lang='lat' dir='ltr'><strong>terminum</strong></span> <span class='ocrx_word' id='word_1_379' title='bbox 615 4901 701 4976; x_wconf 88' lang='lat' dir='ltr'><strong>vitae</strong></span> <span class='ocrx_word' id='word_1_380' title='bbox 718 4900 780 4975; x_wconf 83' lang='lat' dir='ltr'><strong>vel</strong></span> <span class='ocrx_word' id='word_1_381' title='bbox 799 4904 1048 4990; x_wconf 84' lang='lat' dir='ltr'><strong>annorum&gt;</strong></span> 
     </span>
    </p>
   </div>
   <div class='ocr_carea' id='block_1_3' title="bbox 389 5101 1980 5483">
    <p class='ocr_par' dir='ltr' id='par_1_5' title="bbox 389 5101 1980 5483">
     <span class='ocr_line' id='line_1_39' title="bbox 389 5101 1978 5184; baseline -0.006 -15"><span class='ocrx_word' id='word_1_382' title='bbox 389 5107 605 5181; x_wconf 70' lang='lat' dir='ltr'><strong>*universalia</strong></span> <span class='ocrx_word' id='word_1_383' title='bbox 626 5109 693 5183; x_wconf 94' lang='lat' dir='ltr'><strong>OC,</strong></span> <span class='ocrx_word' id='word_1_384' title='bbox 715 5109 792 5184; x_wconf 90' lang='lat' dir='ltr'><strong>MG,</strong></span> <span class='ocrx_word' id='word_1_385' title='bbox 814 5109 858 5181; x_wconf 92' lang='lat' dir='ltr'><strong>Y;</strong></span> <span class='ocrx_word' id='word_1_386' title='bbox 881 5106 977 5182; x_wconf 87' lang='lat' dir='ltr'><strong>utilis,</strong></span> <span class='ocrx_word' id='word_1_387' title='bbox 998 5108 1067 5181; x_wconf 90' lang='lat' dir='ltr'><strong>OB,</strong></span> <span class='ocrx_word' id='word_1_388' title='bbox 1088 5108 1164 5180; x_wconf 87' lang='lat' dir='ltr'><strong>MA,</strong></span> <span class='ocrx_word' id='word_1_389' title='bbox 1187 5107 1266 5179; x_wconf 89' lang='lat' dir='ltr'><strong>cM;</strong></span> <span class='ocrx_word' id='word_1_390' title='bbox 1288 5105 1370 5180; x_wconf 81' lang='lat' dir='ltr'><strong>ulia,</strong></span> <span class='ocrx_word' id='word_1_391' title='bbox 1392 5106 1460 5179; x_wconf 99' lang='lat' dir='ltr'><strong>OA,</strong></span> <span class='ocrx_word' id='word_1_392' title='bbox 1482 5106 1549 5178; x_wconf 92' lang='lat' dir='ltr'><strong>LA,</strong></span> <span class='ocrx_word' id='word_1_393' title='bbox 1572 5103 1639 5178; x_wconf 90' lang='lat' dir='ltr'><strong>CE,</strong></span> <span class='ocrx_word' id='word_1_394' title='bbox 1662 5103 1740 5176; x_wconf 88' lang='lat' dir='ltr'><strong>MC;</strong></span> <span class='ocrx_word' id='word_1_395' title='bbox 1763 5101 1911 5180; x_wconf 80' lang='lat' dir='ltr'><strong>vulgaris,</strong></span> <span class='ocrx_word' id='word_1_396' title='bbox 1933 5101 1978 5172; x_wconf 91' lang='lat' dir='ltr'><strong>V;</strong></span> 
     </span>
     <span class='ocr_line' id='line_1_40' title="bbox 389 5201 1980 5283; baseline -0.004 -17"><span class='ocrx_word' id='word_1_397' title='bbox 389 5207 515 5282; x_wconf 89' lang='lat' dir='ltr'><strong>nullius,</strong></span> <span class='ocrx_word' id='word_1_398' title='bbox 532 5209 606 5268; x_wconf 92' lang='lat' dir='ltr'><strong>MB.</strong></span> <span class='ocrx_word' id='word_1_399' title='bbox 646 5207 751 5283; x_wconf 80' lang='lat' dir='ltr'><strong>⁶Om.,</strong></span> <span class='ocrx_word' id='word_1_400' title='bbox 768 5207 836 5281; x_wconf 85' lang='lat' dir='ltr'><strong>OA,</strong></span> <span class='ocrx_word' id='word_1_401' title='bbox 854 5208 920 5281; x_wconf 93' lang='lat' dir='ltr'><strong>LA,</strong></span> <span class='ocrx_word' id='word_1_402' title='bbox 938 5209 1007 5282; x_wconf 93' lang='lat' dir='ltr'><strong>OB,</strong></span> <span class='ocrx_word' id='word_1_403' title='bbox 1024 5208 1100 5281; x_wconf 85' lang='lat' dir='ltr'><strong>MA,</strong></span> <span class='ocrx_word' id='word_1_404' title='bbox 1118 5206 1195 5281; x_wconf 86' lang='grc' dir='ltr'><strong>ΜΒ,</strong></span> <span class='ocrx_word' id='word_1_405' title='bbox 1213 5206 1280 5280; x_wconf 89' lang='lat' dir='ltr'><strong>CE,</strong></span> <span class='ocrx_word' id='word_1_406' title='bbox 1298 5208 1338 5281; x_wconf 91' lang='lat' dir='ltr'><strong>Y,</strong></span> <span class='ocrx_word' id='word_1_407' title='bbox 1356 5206 1424 5281; x_wconf 93' lang='lat' dir='ltr'><strong>OC,</strong></span> <span class='ocrx_word' id='word_1_408' title='bbox 1441 5206 1519 5279; x_wconf 92' lang='lat' dir='ltr'><strong>MG,</strong></span> <span class='ocrx_word' id='word_1_409' title='bbox 1537 5206 1612 5278; x_wconf 90' lang='lat' dir='ltr'><strong>CM,</strong></span> <span class='ocrx_word' id='word_1_410' title='bbox 1631 5205 1704 5265; x_wconf 91' lang='lat' dir='ltr'><strong>MC.</strong></span> <span class='ocrx_word' id='word_1_411' title='bbox 1745 5201 1980 5281; x_wconf 64' lang='lat' dir='ltr'><strong>‘temporalem</strong></span> 
     </span>
     <span class='ocr_line' id='line_1_41' title="bbox 390 5304 1978 5384; baseline -0.002 -16"><span class='ocrx_word' id='word_1_412' title='bbox 390 5307 457 5368; x_wconf 93' lang='lat' dir='ltr'><strong>OA.</strong></span> <span class='ocrx_word' id='word_1_413' title='bbox 495 5305 628 5381; x_wconf 62' lang='lat' dir='ltr'><strong>&#39;altera</strong></span> <span class='ocrx_word' id='word_1_414' title='bbox 644 5307 712 5381; x_wconf 92' lang='lat' dir='ltr'><strong>OB,</strong></span> <span class='ocrx_word' id='word_1_415' title='bbox 728 5309 803 5367; x_wconf 92' lang='lat' dir='ltr'><strong>MA.</strong></span> <span class='ocrx_word' id='word_1_416' title='bbox 840 5307 945 5382; x_wconf 81' lang='lat' dir='ltr'><strong>⁸Om.,</strong></span> <span class='ocrx_word' id='word_1_417' title='bbox 960 5306 1029 5383; x_wconf 93' lang='lat' dir='ltr'><strong>OB,</strong></span> <span class='ocrx_word' id='word_1_418' title='bbox 1045 5309 1121 5383; x_wconf 92' lang='lat' dir='ltr'><strong>MA,</strong></span> <span class='ocrx_word' id='word_1_419' title='bbox 1137 5307 1212 5368; x_wconf 92' lang='grc' dir='ltr'><strong>ΜΒ.</strong></span> <span class='ocrx_word' id='word_1_420' title='bbox 1250 5305 1468 5384; x_wconf 57' lang='lat' dir='ltr'><strong>’recipiendae</strong></span> <span class='ocrx_word' id='word_1_421' title='bbox 1484 5305 1553 5381; x_wconf 91' lang='lat' dir='ltr'><strong>OB,</strong></span> <span class='ocrx_word' id='word_1_422' title='bbox 1570 5306 1645 5366; x_wconf 92' lang='grc' dir='ltr'><strong>ΜΒ.</strong></span> <span class='ocrx_word' id='word_1_423' title='bbox 1683 5304 1802 5380; x_wconf 83' lang='lat' dir='ltr'><strong>¹⁰Om.,</strong></span> <span class='ocrx_word' id='word_1_424' title='bbox 1819 5305 1884 5378; x_wconf 93' lang='lat' dir='ltr'><strong>LA,</strong></span> <span class='ocrx_word' id='word_1_425' title='bbox 1902 5304 1978 5365; x_wconf 89' lang='lat' dir='ltr'><strong>MG.</strong></span> 
     </span>
     <span class='ocr_line' id='line_1_42' title="bbox 391 5407 798 5483; baseline 0.007 -17"><span class='ocrx_word' id='word_1_426' title='bbox 391 5407 416 5441; x_wconf 85' lang='lat'><strong>²¹</strong></span> <span class='ocrx_word' id='word_1_427' title='bbox 429 5407 532 5482; x_wconf 89' lang='lat' dir='ltr'><strong>alicui,</strong></span> <span class='ocrx_word' id='word_1_428' title='bbox 547 5407 616 5483; x_wconf 92' lang='lat' dir='ltr'><strong>OB,</strong></span> <span class='ocrx_word' id='word_1_429' title='bbox 632 5407 707 5481; x_wconf 90' lang='lat' dir='ltr'><strong>MA,</strong></span> <span class='ocrx_word' id='word_1_430' title='bbox 723 5407 798 5469; x_wconf 92' lang='grc' dir='ltr'><strong>ΜΒ.</strong></span> 
     </span>
    </p>
   </div>
   <div class='ocr_carea' id='block_1_4' title="bbox 0 0 2203 6352">
    <p class='ocr_par' dir='ltr' id='par_1_6' title="bbox 0 0 2203 6352">
     <span class='ocr_line' id='line_1_43' title="bbox 0 0 2203 6352; baseline 0 0"><span class='ocrx_word' id='word_1_431' title='bbox 0 0 2203 6352; x_wconf 95' lang='lat' dir='ltr'><strong> </strong></span> 
     </span>
    </p>
   </div>
  </div>
 </body>
</html>
