4432 6336
361 396 411 464 98
892 385 1114 448 BRACTON:
1136 385 1197 446 DE
1222 385 1412 446 LEGIBUS

360 537 618 626 matrimonia,
643 537 674 614 si
699 538 769 614 fiat
793 538 976 614 indirecte
1001 538 1055 614 ita
1080 537 1183 636 quod
1208 535 1267 612 vir
1292 534 1441 613 dederit
1464 543 1649 610 extraneo
1674 542 1719 609 ut
1745 541 1952 638 extraneus

362 659 494 737 statim
514 657 602 735 vel²²
623 666 713 756 post
732 665 897 734 mortem
918 682 1027 734 suam
1049 681 1130 732 rem
1151 657 1284 733 datam
1306 653 1399 731 det²⁸
1421 653 1545 742 uxori,
1567 653 1629 730 vel
1651 651 1898 739 econtrario,
1921 652 1952 728 si

362 804 463 855 uxor
488 778 734 855 donationem
759 777 887 853 facere
911 775 1004 851 velit
1028 774 1123 864 viro,
1149 776 1252 874 quod
1277 773 1405 850 valere
1431 797 1511 850 non
1536 771 1685 860 debeat,
1712 771 1802 869 quia
1828 771 1881 848 sic
1906 771 1953 848 fit

363 900 473 976 fraus
496 895 772 984 constitutioni,
796 905 835 972 et
858 894 1018 994 perinde
1041 903 1099 972 est
1122 917 1166 969 ac
1190 893 1222 970 si
1245 892 1387 970 directe
1410 892 1521 969 lieret
1544 889 1714 979 donatio,
1738 915 1808 966 nec
1830 890 1953 967 refert

363 1028 496 1096 utrum
517 1017 610 1116 quid
631 1016 701 1091 fiat
722 1015 784 1091 vel
804 1039 875 1113 per
896 1013 1029 1101 simile,
1049 1012 1110 1089 vel
1131 1036 1202 1111 per
1224 1011 1264 1088 id
1285 1010 1389 1110 quod
1410 1010 1641 1088 tantundem
1663 1009 1777 1087 valet.
1803 1010 1953 1100 <Con-

362 1139 527 1216 trarium
548 1147 680 1214 tamen
702 1136 851 1213 factum
873 1134 962 1223 fuit,
984 1143 1024 1210 et
1043 1132 1144 1210 male
1166 1133 1213 1210 de
1235 1157 1364 1210 errore
1385 1131 1510 1220 curioe,
1533 1140 1573 1210 et
1595 1131 1704 1230 quasi
1728 1131 1776 1208 de
1798 1130 1954 1206 consilio

363 1259 477 1336 curiae
493 1260 541 1335 de
558 1256 776 1334 Godefrido
793 1257 840 1334 de
858 1252 1151 1332 Creweeombe²⁴
1169 1255 1234 1353 qui
1252 1253 1359 1331 dedit
1374 1263 1519 1331 terram
1537 1253 1710 1330 Roberto
1728 1252 1776 1329 de
1794 1253 1953 1330 Muche·

364 1378 518 1478 grose,²⁸
546 1389 592 1456 ut
620 1379 722 1454 idem
751 1376 947 1455 Robertus
977 1374 1110 1452 illam²⁸
1140 1376 1251 1453 daret
1281 1383 1371 1474 post
1400 1384 1563 1451 mortem
1594 1374 1715 1472 ipsius
1747 1373 1954 1450 Godefridi

363 1502 476 1577 uxori
497 1499 617 1600 ipsius
639 1498 905 1588 Godefridi.>
931 1499 1035 1575 Item
1054 1505 1137 1574 esto
1158 1497 1262 1596 quod
1282 1497 1380 1573 liant
1401 1496 1627 1573 donationes
1649 1504 1739 1572 ante
1761 1496 1954 1595 sponsalia

313 1695 317 1704 .
364 1631 403 1699 et
423 1630 514 1699 ante
532 1621 838 1698 matrimonium:
858 1617 1067 1696 videndum
1087 1644 1138 1694 an
1156 1618 1285 1695 valere
1304 1617 1481 1695 debeant.
1503 1618 1562 1694 Et
1583 1615 1687 1716 quod
1708 1618 1835 1716 prima
1855 1618 1955 1694 facie

364 1741 492 1818 valere
508 1741 673 1818 debeant
688 1741 853 1830 videtur,
870 1740 960 1840 quia
977 1739 1201 1818 donationes
1218 1740 1259 1817 in
1274 1737 1552 1816 concubinam²'
1571 1739 1729 1816 collatas
1747 1765 1826 1816 non
1843 1765 1956 1838 posse

365 1861 394 1938 f.
409 1861 505 1957 29b]
559 1863 729 1938 revocari
745 1862 934 1950 convenit,
949 1887 1020 1937 nec
1035 1862 1066 1937 si
1081 1861 1369 1938 matrimonium
1385 1861 1505 1938 fuerit
1520 1869 1657 1960 postea
1670 1862 1852 1938 intereos
1867 1884 1955 1937 con·

363 1991 533 2061 tractum
547 1983 598 2060 ad
611 1982 764 2060 irritum
776 1981 980 2060 recedere²⁸
995 1980 1166 2082 poterit·
1182 1983 1285 2081 quod
1300 1991 1416 2059 antea
1429 1981 1539 2058 iure⁸⁰
1553 1981 1687 2059 valuit.
1705 1981 1784 2058 Sed
1798 1982 1869 2058 hoc
1882 1982 1956 2058 erit

364 2129 452 2180 cum
466 2103 720 2192 distinctione,
732 2103 822 2202 quia
834 2104 957 2180 refert
968 2113 1102 2180 utrum
1113 2103 1185 2179 hoc
1197 2105 1267 2181 fiat
1282 2103 1331 2180 ob
1344 2128 1499 2180 causam
1512 2111 1552 2180 et
1566 2103 1810 2180 affectionem
1823 2101 1955 2181 matri·

363 2225 482 2302 monii
502 2225 766 2324 subsequentis
784 2226 846 2301 vel
865 2250 955 2314 non,
975 2224 1066 2324 quia
1085 2225 1116 2303 si
1135 2224 1251 2324 post⁸¹
1272 2226 1373 2302 inter
1391 2225 1490 2302 tales
1510 2249 1694 2324 personas
1714 2234 1956 2302 contractum

366 2345 415 2423 sit
437 2345 736 2434 matrimonium,
759 2344 938 2422 videtur⁸¹
961 2346 1065 2445 quod
1087 2345 1274 2423 maritalis
1297 2347 1419 2424 honor
1443 2356 1482 2424 et
1506 2344 1662 2423 affectio
1685 2346 1836 2446 pridem
1859 2371 1956 2447 pne·

365 2465 519 2543 cesserit
536 2466 709 2567 personis
726 2467 971 2566 comparatis,
991 2467 1231 2545 considerata
1248 2468 1336 2545 vitae
1354 2467 1631 2545 coniunctione.
1654 2468 1733 2546 Sed
1749 2478 1834 2546 esto
1853 2468 1956 2568 quod

366 2596 456 2688 post
469 2587 587 2665 talem
602 2588 848 2666 donationem
864 2589 914 2666 ad
928 2589 1004 2666 alia
1017 2599 1109 2666 vota
1123 2589 1409 2667 convolaverint
1424 2589 1510 2665 vir⁸⁸
1528 2600 1567 2667 et
1583 2589 1710 2666 uxor⁸⁴
1726 2598 1765 2667 et
1781 2591 1833 2667 ad
1848 2599 1956 2667 actus

365 2707 588 2798 contrarios,
606 2709 776 2786 revocari
793 2735 872 2786 non
889 2709 1034 2810 poterit
1050 2709 1167 2788 talis⁸⁸
1186 2710 1343 2788 donatio
1362 2711 1393 2787 si
1412 2710 1532 2787 fuerit
1550 2708 1678 2811 pura⁸⁸
1697 2721 1736 2788 et
1755 2709 1835 2789 sine
1852 2709 1956 2786 omni

311 2917 319 2934 ,
366 2823 597 2903 condicione.
623 2827 667 2904 Si
689 2837 820 2905 autem
842 2828 1151 2918 condicionalis,⁸'
1175 2839 1221 2906 ut
1244 2829 1276 2907 si
1299 2830 1355 2906 ita
1377 2829 1640 2919 contrahatur,
1664 2829 1732 2906 Do
1755 2837 1801 2904 nt
1822 2829 1957 2924 fedas,

365 2947 536 3024 revocari
562 2947 705 3046 poterit
732 2948 842 3046 quasi
868 2972 983 3025 causa
1009 2974 1088 3024 non
1116 2957 1256 3026 secuta.
1289 2948 1490 3048 Simplices
1517 2948 1743 3026 donationes
1772 2947 1957 3025 faciendae

366 3090 445 3143 non
468 3074 571 3154 sunt,
596 3091 665 3142 nec
689 3075 780 3142 ante
803 3067 973 3165 nuptias,
997 3092 1067 3144 nec
1091 3066 1209 3144 ante⁸⁸
1233 3067 1532 3158 matrimonium,
1557 3093 1627 3144 nec
1650 3069 1691 3144 in
1715 3068 1801 3168 ipso
1824 3069 1957 3145 matri·

365 3185 507 3275 monio,
526 3186 593 3264 sed
612 3194 776 3284 propter
793 3185 963 3285 nuptias,
982 3195 1028 3262 ut
1047 3185 1078 3262 si
1097 3186 1168 3263 fiat
1183 3186 1288 3264 dotis
1306 3187 1547 3264 constitutioz
1569 3195 1608 3262 et
1627 3187 1683 3264 ita
1702 3197 1833 3264 tamen
1854 3187 1958 3286 quod

367 3305 468 3382 dotis
492 3306 749 3404 quantitatem
770 3329 851 3382 non
873 3306 1072 3395 excedant,
1097 3305 1238 3383 sedicet
1260 3306 1416 3383 tertiam
1439 3315 1592 3407 partem
1616 3331 1701 3406 quae
1724 3306 1865 3384 dicitur
1889 3306 1958 3384 dos

366 3423 615 3514 rationabilis,
632 3433 677 3501 ut
693 3423 739 3508 Ο.
755 3425 804 3502 de
819 3423 1090 3502 elocutionibus
1106 3433 1196 3502 onte
1212 3425 1382 3524 scaptiae,
1398 3425 1424 3502 l.
1442 3449 1529 3502 cam
1546 3424 1718 3514 multoe,”
1739 3423 1756 3524 5
1777 3427 1810 3504 ai
1825 3425 1958 3524 ἐρίων,

367 3544 433 3620 ubi
456 3543 596 3620 dicitur
617 3544 720 3643 quod
742 3543 774 3620 si
794 3543 949 3620 nomine
971 3553 1010 3621 et
1032 3543 1247 3621 substantia
1270 3543 1363 3620 nihil
1387 3545 1503 3622 distet
1527 3570 1552 3621 a
1574 3545 1664 3622 dote
1687 3555 1778 3622 ante
1800 3545 1958 3645 nuptias

367 3664 525 3741 donatio
539 3664 646 3740 facta
660 3663 755 3752 viro,
772 3689 890 3762 quare
906 3689 984 3739 non
999 3688 1046 3739 ea
1062 3662 1174 3740 simili
1189 3663 1305 3740 modo
1321 3673 1360 3741 et
1375 3663 1620 3740 matrimonio
1637 3672 1835 3740 contracto
1852 3664 1958 3740 dabi-

366 3783 455 3858 tur?
482 3782 683 3860 Sanoimus
708 3780 866 3880 itaque⁴⁰
892 3781 1050 3859 omnes⁴¹
1076 3781 1269 3859 licentiam
1293 3781 1445 3871 habere,
1471 3782 1549 3859 sive
1575 3782 1800 3883 priusquam
1827 3783 1958 3860 matri·

366 3903 496 3981 monia
512 3901 775 3979 contraxerint
793 3901 870 3979 sive
886 3911 1033 4002 postea,
1050 3900 1273 3978 mulieribus
1290 3902 1515 3979 donationes
1533 3902 1661 3979 facere
1678 3912 1841 4002 propter
1858 3902 1959 3980 dotis

368 4023 605 4112 donationes,
626 4022 746 4099 idest
767 4021 871 4121 quod
892 4021 952 4098 vir
973 4020 1205 4098 constituere
1227 4020 1372 4119 poterit
1393 4020 1523 4097 dotem
1545 4030 1636 4098 ante
1658 4021 1958 4110 matrimonium,

368 4144 470 4221 etin
491 4142 736 4220 matrimonio
759 4150 798 4217 et
821 4148 922 4239 post,
946 4149 991 4216 ut
1012 4150 1145 4216 tamen
1168 4165 1247 4215 non
1270 4139 1459 4239 simplices
1483 4140 1708 4218 donationes
1733 4139 1958 4238 intellegan-

366 4269 446 4350 tur,
463 4262 529 4337 sed
545 4268 708 4360 propter
724 4260 854 4336 dotem
870 4266 909 4334 et
925 4266 1087 4357 propter
1103 4258 1260 4356 nuptias
1277 4255 1444 4335 factas.⁴⁸
1463 4257 1664 4357 Simplices
1682 4258 1823 4335 etenim
1841 4258 1959 4335 dona·

368 4381 491 4457 tiones
508 4405 587 4456 non
601 4387 764 4478 propter
779 4375 937 4474 nuptias
954 4376 1067 4465 fiunt,
1083 4376 1149 4451 sed
1167 4385 1329 4474 propter
1345 4375 1502 4475 nuptias
1519 4376 1647 4453 vetitae
1665 4386 1767 4466 sunt,
1785 4387 1825 4454 et
1841 4403 1959 4477 prop-

367 4507 430 4576 ter
455 4497 547 4575 alias
572 4521 719 4585 causas,
744 4503 908 4595 propter
930 4494 1127 4571 libidinem
1152 4495 1268 4583 forte,
1292 4496 1354 4572 vel
1380 4495 1493 4572 unius
1520 4494 1643 4595 partis
1669 4505 1892 4595 egestatem,
1919 4506 1959 4574 et

369 4698 489 4774 ²²Om.,
512 4698 583 4772 OB,
605 4698 680 4758 ΜΒ.
725 4695 829 4773 ”dat
852 4697 922 4773 OB,
945 4697 1021 4758 MA.
1065 4694 1330 4770 ²⁴Crowccumbe,
1356 4697 1476 4770 Crono,
1501 4696 1595 4759 MSS.
1620 4717 1685 4757 var.
1731 4695 1960 4776 ”Mustegron

369 4799 545 4878 Muaegros,
565 4797 659 4861 MSS.
680 4818 746 4859 var.
788 4784 1003 4871 ²⁶eam,MG,
1024 4797 1097 4860 CM.
1140 4796 1166 4831 ²⁷
1177 4796 1392 4873 concubinatu,
1414 4798 1452 4858 V.
1496 4796 1523 4831 ²⁸
1534 4797 1681 4872 recidere,
1702 4799 1772 4875 OA,
1793 4799 1863 4876 OB,
1884 4798 1960 4875 MA,

370 4899 448 4976 MG,
470 4900 547 4974 ΜΒ,
569 4900 632 4959 MC
640 4921 649 4972 3
672 4898 818 4975 residere,
840 4898 912 4972 οΟ;
936 4897 1118 4973 restindere,
1142 4899 1215 4960 CM.
1260 4898 1359 4960 ”non
1382 4903 1510 4978 poterit,
1533 4901 1571 4962 V.
1617 4899 1695 4964 ⁸⁰de
1717 4905 1794 4976 iure,
1818 4899 1857 4975 V,
1882 4900 1960 4975 MG,

369 4999 443 5061 ΟΜ.
480 4997 600 5075 ⁸²Om.,
615 4999 693 5075 MG,
708 5001 784 5075 cM,
798 4999 864 5061 OC.
902 4997 1138 5062 ⁸²manlfeetum
1153 5000 1285 5075 ridetur,
1301 5002 1376 5075 0B;
1392 5002 1559 5063 manifeste
1574 5001 1708 5078 videtur,
1724 5003 1762 5065 V.
1800 5000 1961 5078 ⁸⁸·⁸‘Om.,

368 5101 436 5176 ΟΟ,
457 5102 535 5176 ΜΟ,
555 5102 629 5163 ΟΜ.
670 5100 790 5176 “Om.,
812 5103 890 5178 MG,
912 5103 986 5163 ΟΜ.
1028 5100 1147 5179 ⁸⁸Om.,
1168 5103 1237 5179 OB,
1258 5105 1335 5180 MA,
1357 5104 1431 5165 MB.
1475 5101 1653 5166 ”condicio
1674 5102 1769 5180 valet,
1791 5105 1861 5183 OB,
1883 5105 1960 5181 MA,

369 5202 444 5264 MB.
487 5201 610 5281 ⁸⁸poat,
632 5205 710 5278 MG,
733 5205 806 5265 ΟΜ.
851 5202 998 5281 ”milita
1020 5204 1060 5280 V,
1083 5204 1153 5278 OB,
1177 5205 1254 5280 MA,
1277 5205 1354 5280 ΜΒ,
1377 5207 1406 5266 Y
1434 5205 1529 5283 (corr.
1553 5205 1686 5284 multa).
1731 5203 1855 5268 ⁴⁰·‘¹ita
1877 5203 1960 5285 qnod

367 5307 477 5379 omnia,
492 5304 562 5380 OB,
578 5304 659 5378 MB;
675 5309 773 5384 lgitm·
788 5305 870 5384 quod
885 5325 1001 5381 omnes,
1017 5306 1093 5367 MA.
1131 5303 1158 5338 ⁴²
1170 5305 1271 5381 lactan
1287 5307 1354 5383 OC,
1372 5307 1445 5384 OD,
1461 5306 1528 5382 LA,
1545 5308 1624 5384 MG,
1641 5308 1715 5369 ΟΜ.
