4392 6352
650 1375 745 1470 DE
777 1375 1080 1474 PLAClTIS
1110 1375 1410 1474 CORONAE
1522 1469 1526 1476 .

238 1630 267 1705 f.
284 1629 402 1723 115b]
458 1628 638 1723 Qualiter
651 1630 846 1708 irutitiorii
860 1632 1067 1730 procedere
1083 1631 1224 1709 debent
1239 1631 1281 1707 in
1294 1633 1431 1710 itinere
1447 1657 1517 1709 auo
1533 1643 1573 1710 et
1589 1658 1665 1732 qoo
1681 1634 1825 1714 ordine.

323 1771 483 1847 ACTA
502 1796 633 1847 coram
651 1771 862 1849 iustitiariis
882 1772 1150 1849 itinerantibus
1170 1772 1340 1870 generali
1361 1775 1656 1851 summonitione
1677 1776 1727 1851 ad
1747 1801 1825 1852 cer·

334 1898 396 1966 tos
416 1889 517 1966 diem
536 1900 574 1967 et
592 1890 731 1979 locum,
752 1916 835 1989 quae
856 1892 906 1967 ad
924 1892 1050 1968 minus
1071 1892 1265 1969 continere
1286 1892 1399 1969 debet
1420 1894 1589 1991 spatium
1610 1894 1825 1993 quindecim

237 2008 397 2097 dierum,
417 2007 626 2084 videndum
645 2008 746 2086 erit²⁰
766 2010 806 2085 in
827 2010 960 2108 primis
981 2009 1148 2108 qualiter
1167 2012 1373 2108 procedere
1394 2010 1585 2089 debeant²²
1608 2022 1647 2089 et
1667 2038 1744 2110 quo
1766 2039 1825 2088 or-

236 2126 336 2202 dine.
357 2127 416 2202 Et
436 2127 631 2203 sciendum
651 2128 755 2226 quod
774 2129 814 2205 in
834 2129 968 2226 primis
988 2129 1155 2227 incipere
1176 2130 1316 2205 debent
1337 2130 1384 2206 de
1405 2131 1556 2228 placitis
1577 2155 1737 2220 coronae,
1757 2130 1826 2207 in¹⁸

235 2246 372 2345 quibus
398 2247 656 2324 terminantur
680 2248 849 2323 actiones
875 2247 1088 2324 criminales
1113 2258 1195 2324 tam
1220 2249 1382 2324 maiores
1409 2275 1525 2347 quam
1549 2251 1727 2339 minores
1753 2251 1826 2326 nisi

235 2366 318 2464 ipse
340 2366 517 2442 dominus
539 2392 608 2442 rex
631 2367 733 2443 forte
756 2366 796 2443 in
819 2366 974 2465 aliqua²⁹
998 2376 1110 2466 parte
1134 2367 1245 2443 aliter
1269 2369 1423 2444 duxerit
1448 2369 1678 2445 faciendum.
1704 2370 1763 2444 Et
1785 2371 1826 2445 in

236 2485 369 2583 primis
386 2485 568 2583 legantur
583 2485 713 2561 brevia
730 2511 814 2584 quae
830 2486 926 2561 dant
943 2485 995 2562 eis
1012 2486 1282 2563 auctoritatem
1300 2496 1338 2562 et
1356 2496 1590 2585 potestatem
1608 2488 1825 2578 itinerandi,

235 2611 281 2679 ut
294 2603 379 2680 sciri
391 2602 542 2703 possit⁸⁰
554 2604 602 2681 de
615 2630 749 2681 eorum
762 2605 1001 2681 auctoritate.
1017 2604 1169 2693 Quibus
1185 2605 1336 2694 auditis,
1352 2607 1383 2681 si
1398 2606 1609 2683 iustitiariis
1625 2606 1824 2706 placuerit,

235 2723 393 2822 quidam
405 2723 528 2801 maior
542 2749 676 2800 eorum
692 2732 731 2799 et
745 2723 944 2799 discretior
960 2723 1110 2822 publice
1126 2749 1256 2800 coram
1272 2724 1447 2800 omnibus
1464 2735 1659 2823 proponat
1675 2751 1759 2824 quae
1776 2726 1825 2802 sit

235 2867 350 2919 causa
368 2844 556 2920 adventus
574 2868 720 2931 eorum,
739 2849 777 2919 et
796 2868 880 2941 quae
898 2843 947 2919 sit
964 2842 1111 2918 utilitas
1130 2842 1394 2931 itinerationis,
1413 2852 1453 2919 et
1472 2866 1556 2941 quae
1575 2845 1825 2920 commoditas

235 2962 266 3036 si
288 2986 367 3059 pax
390 2962 623 3037 observetur.
647 2962 705 3038 Et
728 2962 894 3059 proponi
917 2961 1040 3037 solent
1062 2959 1180 3036 verba
1201 2961 1276 3037 ista
1298 2986 1369 3059 per
1392 2962 1611 3038 Martinum
1635 2964 1684 3038 de
1707 2964 1822 3040 Pate·

235 3078 356 3154 shilla.
376 3079 427 3154 In
445 3079 579 3177 primis
597 3080 645 3155 de
663 3105 757 3178 pace
775 3078 918 3155 domini
938 3079 1039 3176 regis
1059 3087 1098 3154 et
1116 3078 1262 3156 iustitia
1280 3079 1360 3155 eius
1380 3078 1549 3155 violata⁸²
1571 3106 1640 3179 per
1658 3081 1823 3157 murdri-

234 3206 337 3274 tores
353 3207 392 3275 et
406 3197 629 3274 robbatores
644 3207 683 3274 et
699 3197 938 3294 burgetores,
956 3198 1021 3295 qui
1036 3197 1224 3273 malitiam
1239 3223 1348 3273 suam
1366 3208 1544 3275 exercent
1561 3199 1622 3274 die
1639 3224 1684 3275 ac
1700 3209 1823 3288 nocte,

235 3340 314 3391 non
329 3316 454 3392 solum
469 3317 510 3391 in
525 3315 696 3392 homines
713 3317 759 3391 de
776 3315 859 3391 loco
876 3315 917 3390 in
933 3315 1060 3391 locum
1076 3315 1312 3405 itinerantes,
1330 3317 1397 3392 sed
1415 3317 1455 3393 in
1471 3317 1641 3394 homines
1659 3319 1699 3394 in
1718 3318 1823 3395 lectis

236 3433 312 3509 suis
335 3434 577 3522 dormientes,
601 3433 667 3511 et⁸²
691 3432 821 3532 quod³⁸
844 3433 1021 3510 dominus
1044 3460 1114 3509 rex
1135 3435 1307 3526 mandat,
1320 3435 1495 3511 omnibus
1519 3435 1694 3512 fidelibus
1719 3436 1824 3512 suis⁸⁴

236 3551 339 3650 quod
360 3551 401 3627 in
423 3551 527 3627 fide³⁶
551 3578 628 3650 qua
650 3553 684 3628 ei
706 3560 900 3640 tenentur,
924 3551 990 3628 et³⁶
1014 3552 1111 3629 sicut
1135 3553 1282 3628 salvare
1307 3579 1376 3629 sua
1399 3554 1602 3643 voluerint,
1627 3553 1761 3630 efficax
1785 3564 1825 3632 et

235 3671 397 3769 diligens
415 3670 626 3770 praestent⁸'
645 3670 900 3747 consiliumet
920 3670 1105 3747 auxilium
1124 3672 1174 3746 ad
1192 3696 1327 3769 pacem
1347 3681 1385 3748 et
1403 3673 1588 3749 iustitiam
1608 3699 1717 3750 suam
1736 3699 1823 3750 con·

235 3791 473 3878 servandam,
491 3799 530 3866 et
546 3789 733 3865 malitiam
750 3790 1021 3888 praedictorum
1038 3788 1249 3865 tollendam
1266 3799 1305 3866 et
1324 3789 1619 3888 reprimendam,
1639 3801 1677 3868 et
1695 3792 1823 3869 huius·

234 3908 338 3984 modi
356 3907 511 4006 plura.³⁸
529 3906 681 3996 Quibus
699 3906 919 4006 propositis,
939 3907 1078 3983 debent
1096 3906 1289 3984 iustitiarii
1308 3934 1348 3983 se
1367 3910 1579 3985 transferre
1599 3911 1639 3985 in
1659 3910 1823 4008 aliquem

235 4030 361 4105 locum
378 4037 577 4116 secretum,
595 4036 633 4103 et
649 4027 793 4102 vocatis
811 4027 860 4101 ad
878 4051 918 4102 se
934 4033 1100 4124 quatuor
1117 4026 1177 4100 vel
1195 4051 1262 4102 sex
1279 4027 1340 4101 vel
1358 4027 1533 4124 pluribus
1551 4027 1599 4104 de
1616 4028 1822 4104 maioribus

235 4150 283 4225 de
299 4149 497 4236 comitatu,
515 4148 580 4246 qui
600 4148 781 4224 dicuntur
799 4144 991 4221 buzones⁸⁹
1011 4145 1214 4222 comitatus
1234 4145 1301 4221 et⁴⁰
1320 4147 1370 4222 ad
1389 4172 1553 4245 quorum
1571 4147 1738 4224 nutum⁴²
1759 4148 1822 4224 de·

235 4268 433 4367 pendent⁴²
448 4277 540 4344 vota
556 4268 730 4355 aliorum,
746 4276 785 4343 et
801 4266 853 4343 sic
869 4267 970 4341 inter
986 4293 1025 4343 se
1039 4275 1252 4343 tractatum
1267 4267 1433 4342 habeant
1449 4267 1642 4343 iustitiarii
1660 4268 1710 4343 ad
1728 4268 1823 4344 invi·

234 4415 328 4478 cem,
345 4400 383 4467 et
397 4389 604 4466 ostendant
619 4389 785 4486 qualiter
800 4413 823 4462 a
838 4386 992 4463 domino
1008 4412 1099 4484 rege
1114 4396 1153 4463 et
1169 4386 1325 4462 consilio
1342 4412 1411 4463 suo
1428 4387 1477 4463 sit
1493 4389 1701 4486 provisum,
1720 4390 1823 4504 quod

234 4536 365 4586 omnes
377 4520 460 4587 tam
471 4509 610 4586 milites
624 4534 740 4607 quam
754 4507 818 4584 alii
832 4508 897 4605 qui
911 4517 1001 4584 sunt
1015 4507 1230 4606 quindecim
1246 4533 1435 4583 annorum
1447 4518 1489 4585 et
1503 4508 1680 4607 amplius,
1696 4510 1823 4586 iurare

234 4629 357 4705 deben
376 4628 402 4664 ⁴⁸
424 4629 527 4728 quod
548 4628 756 4726 utlagatos,
759 4626 786 4660 ⁴⁴
807 4627 1030 4704 robbatores
1052 4636 1092 4704 et
1113 4627 1341 4726 burgatores
1364 4654 1442 4704 non
1465 4631 1730 4727 receptabunt,
1754 4656 1824 4708 nec

234 4847 329 4923 ²⁸,est
344 4849 411 4924 LA,
427 4849 500 4909 ΜΟ.
538 4845 564 4881 ²²
576 4845 698 4922 debeat
713 4848 753 4920 V,
769 4846 838 4921 OB,
855 4846 936 4918 MA;
953 4843 1054 4919 debet,
1072 4843 1198 4906 MB.²
1200 4844 1281 4905 et
1271 4866 1314 4921 m
1331 4846 1400 4920 OB,
1417 4846 1493 4919 MA,
1511 4847 1586 4907 ΜΒ.
1625 4844 1652 4880 00
1664 4846 1737 4920 aba
1754 4848 1823 4922 ΟΒ,

235 4948 364 5008 MA.
365 4949 516 5027 ‘’poterit,
538 4949 583 5020 V;
605 4954 745 5026 possunt,
767 4946 844 5019 MG,
866 4944 994 5006 ΟΜ.0
996 4942 1136 5005 ²riolata
1158 4952 1200 5020 et,
1221 4947 1290 5020 OB,
1312 4948 1388 5023 ΜΒ,
1409 4947 1455 5019 Y,
1477 4945 1622 5023 violento,
1645 4948 1721 5023 MA,
1745 4949 1821 5010 MG.

234 5048 352 5123 ²²,0m
370 5050 439 5124 OB,
459 5046 586 5109 ΟΜ.0
588 5045 694 5125 ²quia,
715 5046 793 5120 MG,
812 5046 885 5106 CM.
927 5043 1217 5119 ²⁴²²suisexflde,
1238 5045 1315 5120 MG,
1337 5048 1409 5107 CM.
1452 5045 1571 5124 ³⁶0m,
1592 5049 1661 5124 OB,
1683 5050 1760 5125 ΜΒ,
1780 5049 1819 5111 Y.

234 5147 445 5228 ”prestetum
470 5148 537 5222 LA,
563 5147 631 5224 OB,
658 5146 735 5220 MA,
761 5148 837 5221 ΜΒ,
864 5145 931 5222 ΟΕ,
957 5148 997 5222 Y,
1025 5147 1097 5207 ΜΟ.
1146 5145 1311 5225 ³²placita,
1338 5148 1414 5239 MA,
1442 5149 1519 5223 ΜΒ,
1547 5149 1624 5225 ΜΟ,
1652 5151 1726 5227 CM,
1753 5150 1819 5212 00.

233 5249 260 5284 00
271 5249 416 5327 husones,
436 5249 505 5324 OA,
524 5249 593 5322 OB,
613 5247 679 5321 LA,
699 5247 766 5322 CB,
786 5248 865 5320 MC;
884 5246 1027 5320 busonea,
1046 5248 1086 5323 V,
1104 5247 1149 5320 Y,
1169 5246 1310 5323 barones,
1331 5249 1406 5325 MA,
1427 5249 1508 5323 MB3
1528 5248 1722 5331 burgatorea,
1743 5252 1821 5327 MG,

232 5351 311 5423 CM;
326 5350 462 5426 butorea,
476 5348 542 5410 OC.
579 5347 698 5422 ⁴⁰0m,
712 5349 781 5423 OB,
796 5349 873 5422 MA,
888 5346 1014 5408 MB.⁴
1015 5345 1199 5408 ¹⁴²initium
1215 5347 1421 5426 dependeant,
1438 5350 1515 5425 MG,
1531 5352 1606 5428 CM,
1621 5353 1677 5414 ΟΟ
1698 5353 1819 5431 (mut).

232 5449 413 5525 “debeam
428 5449 505 5526 MG,
519 5449 591 5510 CM.
627 5445 799 5526 “utlagoa
813 5447 879 5522 LA,
894 5449 973 5508 ΜΟ·
965 5447 1145 5526 ,utlagatoa
1160 5448 1371 5525 murdritores,
1387 5451 1426 5528 V,
1441 5453 1515 5529 ΟΜ,
1530 5453 1598 5517 ΜΟ
1618 5453 1647 5532 (-
1648 5455 1742 5533 rata)
