4432 6340
638 461 699 521 DE
721 460 1025 534 ADQUIBENDO
1048 462 1206 524 RERUM
1229 463 1431 526 DOMINIO
1758 474 1831 542 201

242 610 368 700 sionis,
387 637 457 688 nec
473 611 587 688 breve
605 612 653 688 de
671 621 775 688 recto
793 638 910 711 super
928 613 1010 690 iure
1028 613 1288 712 proprietatis.
1308 615 1367 688 Et
1384 615 1488 691 unde
1506 615 1610 713 quod
1629 642 1690 692 res
1707 616 1833 715 magis

242 730 369 806 valeat
383 756 501 828 quam
515 740 661 829 pereat,
678 741 716 808 et
730 733 835 830 quod
848 731 992 808 effectu
1007 732 1146 808 haheat
1164 733 1320 809 donatio
1336 758 1420 832 quae
1435 733 1484 810 de
1498 733 1698 811 voluntate
1713 735 1832 810 dona·

240 850 336 927 toris
350 849 547 949 processit,
562 851 593 926 si
608 860 697 948 post
712 859 876 927 mortem
889 851 1005 948 primi
1021 850 1212 927 donatarii
1228 850 1472 928 substitutus⁶
1489 878 1529 929 se
1546 851 1644 928 iuste
1661 851 1833 951 posuerit

242 969 282 1044 in
298 968 475 1045 seisinam
490 978 529 1045 et
546 969 710 1046 donator
726 967 881 1067 petierit
898 970 958 1045 vel
975 969 1055 1045 eius
1070 969 1192 1058 heres,
1209 979 1346 1047 contra
1362 970 1550 1046 actionem
1568 996 1679 1048 suam
1694 972 1832 1049 substi-

240 1097 328 1167 tuto
344 1086 500 1164 dabitur
516 1086 691 1185 exceptio
708 1088 757 1163 de
772 1087 887 1163 modo
903 1087 1131 1163 donationis.
1151 1087 1194 1163 Si
1212 1096 1342 1164 autem
1360 1096 1471 1165 extra
1489 1089 1666 1166 saisinam
1684 1090 1832 1188 positus

241 1207 472 1285 substitutus
494 1215 615 1305 petat,
637 1231 717 1281 non
737 1205 949 1282 consulitur
970 1206 1003 1282 ei
1023 1205 1096 1282 nisi
1117 1231 1188 1304 per
1208 1206 1322 1282 breve
1346 1207 1558 1283 formatum
1580 1208 1627 1284 de
1649 1208 1832 1285 substitu-

241 1326 346 1402 tione
370 1326 477 1402 facta
500 1350 571 1423 per
594 1325 752 1401 modum
777 1324 1005 1412 donationis,
1031 1326 1135 1423 quod
1159 1325 1200 1400 in
1225 1350 1265 1401 se
1288 1325 1447 1401 modum
1472 1327 1678 1402 contineat.
1705 1328 1832 1403 Breve

241 1452 372 1521 autem
387 1442 465 1520 tale
480 1442 565 1531 erit,
581 1440 640 1517 ut'
655 1443 801 1540 liquere
816 1442 986 1541 poterit!

340 1683 406 1761 De
421 1691 542 1782 parta
559 1683 773 1781 mppoado,
791 1692 934 1759 etcum
951 1708 1052 1759 naor
1068 1707 1109 1760 aa
1125 1683 1261 1779 fecerit
1278 1692 1547 1782 praeparantem
1566 1708 1654 1760 cam
1672 1708 1751 1760 aon
1769 1685 1832 1773 sit,

341 1802 393 1878 ud
408 1800 741 1878 aaberedotioaem
757 1802 837 1878 veri
853 1800 1012 1878 heredia.

240 1917 436 1995 D1crun⁸
452 1917 525 1995 est⁰
542 1943 662 2016 supra
677 1919 781 2018 quod
798 1918 1045 2018 praesumitur
1062 1920 1166 2018 quod
1183 1918 1267 2018 quis
1286 1920 1335 1997 sit
1350 1919 1459 1996 heres
1477 1946 1521 1996 eo
1539 1920 1644 2019 quod
1661 1921 1831 1998 nascitur

241 2037 290 2114 de
311 2063 444 2126 uxore,
466 2047 506 2115 et
528 2038 632 2136 quod
653 2037 762 2116 heres
784 2048 843 2115 est
866 2063 980 2136 quem
1002 2037 1149 2136 nuptie
1173 2038 1449 2114 demonstrant.
1474 2038 1533 2116 Et
1557 2039 1739 2138 quoniam
1763 2040 1830 2115 ali-

241 2155 396 2256 quando
413 2157 647 2254 supponitur
662 2163 798 2254 partus
815 2156 864 2232 ab
879 2181 1001 2232 uxore
1018 2181 1102 2254 quae
1118 2182 1159 2232 se
1174 2156 1270 2233 facit
1286 2164 1553 2254 pregnantem
1568 2182 1657 2233 cum
1673 2182 1752 2233 non
1769 2158 1830 2245 sit,

241 2286 280 2354 et
304 2275 511 2374 aliquando
528 2301 560 2378 ,a
582 2276 740 2352 custode
765 2275 832 2374 qui
856 2283 1010 2352 mortuo
1035 2300 1125 2351 vero
1150 2274 1289 2351 herede
1314 2276 1499 2373 supponit
1525 2284 1764 2364 extraneum,
1791 2285 1831 2354 et

240 2394 364 2471 nutrit
379 2392 453 2470 ut¹⁰
469 2393 674 2470 heredem¹²
692 2394 743 2469 ad
757 2391 1037 2470 hereditatem¹²
1055 2391 1121 2469 et²⁸
1138 2391 1217 2469 ad²⁴
1233 2391 1569 2470 exheredationem
1585 2395 1665 2469 veri
1682 2393 1831 2471 heredis

240 2538 328 2589 cum
344 2538 423 2589 non
439 2513 489 2591 sit
505 2512 608 2589 filius
623 2536 693 2587 nec
709 2511 829 2600 heres,
846 2511 931 2588 ideo
949 2511 997 2589 de
1014 2520 1134 2610 partu
1150 2511 1352 2610 supposito
1369 2510 1589 2600 videndum,
1607 2521 1647 2589 et
1666 2510 1831 2611 qualiter

239 2631 456 2709 huiusmodi
477 2631 625 2707 malitia
645 2629 687 2705 in
707 2629 813 2706 curia
835 2629 943 2727 regia
964 2631 1224 2706 convincatur.
1248 2629 1350 2706 Esto
1372 2629 1492 2727 igitur
1515 2631 1619 2728 quod
1639 2656 1741 2706 uxor
1763 2631 1830 2707 ali·

240 2748 348 2827 cuius
363 2748 405 2825 in
417 2748 499 2825 vita
513 2747 612 2824 viri¹⁸
628 2774 669 2824 se
683 2756 950 2846 praegnantem
965 2746 1102 2824 fecerit
1117 2772 1206 2823 cum
1221 2772 1300 2823 non
1316 2747 1377 2836 sit,
1394 2748 1455 2824 vel
1472 2757 1562 2846 post
1577 2758 1742 2825 mortem
1758 2749 1831 2825 viri

240 2877 507 2968 praegnantem
531 2892 570 2943 se
594 2865 729 2943 fecerit
751 2891 839 2942 cum
861 2891 940 2942 non
964 2865 1025 2955 sit,
1050 2865 1099 2942 ad
1123 2865 1458 2943 exheredationem
1481 2866 1561 2942 veri
1584 2866 1744 2955 heredis,
1769 2866 1831 2943 vel

240 2986 344 3063 forte
363 3009 452 3062 cum
472 3010 678 3084 pregnans
699 2980 760 3072 sit,
782 3009 860 3060 non
881 2985 931 3060 sit
950 2981 1180 3061 verisimile²⁸
1201 2984 1305 3082 quod
1326 2992 1463 3082 partus
1485 2985 1606 3082 possit
1627 3010 1709 3062 esse
1730 2983 1830 3060 viri²²

239 3103 425 3181 defuncti.
445 3104 504 3181 Et
521 3103 561 3179 in
580 3102 729 3179 duobus
746 3101 880 3200 primis
897 3101 1046 3179 casibus
1064 3102 1130 3178 ubi
1149 3126 1190 3177 se
1207 3101 1342 3180 fecerit
1360 3110 1628 3202 praegnantem
1646 3127 1734 3178 cum
1752 3128 1831 3180 non

240 3223 302 3312 sit,
317 3224 368 3299 ad
382 3221 577 3322 querelam
591 3222 672 3298 veri
686 3220 847 3309 heredis,
861 3246 932 3319 per
947 3229 1184 3320 praeeptum
1200 3219 1343 3296 domini
1360 3220 1473 3318 regis,
1491 3221 1608 3297 faciet
1624 3221 1830 3298 vicecomes

239 3341 358 3419 talem
377 3340 576 3417 mulierem
596 3339 726 3417 venire
746 3364 876 3415 coram
896 3365 942 3414 eo
962 3348 1001 3415 et
1022 3363 1151 3415 coram
1173 3338 1394 3416 custodibus
1417 3339 1649 3438 placitorum
1670 3364 1829 3426 coronae,

239 3459 301 3535 vel
324 3484 454 3535 coram
479 3459 606 3556 aliquo
631 3484 746 3557 quem
770 3457 946 3534 dominus
972 3482 1042 3532 rex
1068 3456 1315 3534 iustitiarium
1339 3456 1621 3546 constituerit,²⁸
1646 3467 1686 3535 et
1713 3457 1830 3534 faciet

239 3606 325 3657 eam
341 3577 462 3655 videri
481 3603 504 3654 a
521 3577 693 3654 discretis
711 3574 944 3664 mulieribus,
964 3577 1182 3652 attractari
1199 3601 1271 3675 per
1288 3575 1407 3652 ubera
1426 3585 1465 3654 et
1484 3601 1555 3675 per
1573 3586 1759 3664 ventrem,
1779 3577 1830 3652 ad

238 3697 507 3797 inquirendam
527 3694 741 3783 veritatem,
764 3704 804 3771 et
827 3694 858 3770 si
881 3693 1045 3792 suspicio
1067 3693 1254 3770 habeatur
1278 3694 1436 3770 alicuius
1459 3694 1642 3771 falsitatis
1664 3694 1831 3793 qualiter

239 3816 377 3892 debeat
397 3813 592 3891 custodiri.
614 3813 673 3890 Et
693 3811 832 3888 dehac
853 3812 1015 3888 materia
1035 3811 1198 3888 inveniri
1218 3813 1362 3911 poterit
1384 3812 1424 3887 in
1446 3812 1574 3888 rotulo
1595 3813 1643 3889 de
1664 3813 1829 3890 termino

242 3933 375 4010 Sancti
392 3932 553 4008 Hillarii
569 3941 608 4008 et
626 3930 853 4008 determino
868 3928 1038 4018 Paschae,
1057 3955 1158 4005 anno
1176 3929 1278 4027 regis
1296 3929 1461 4006 Henrici
1478 3929 1625 4028 quinto,
1644 3930 1829 4006 comitatu

240 4051 462 4139 Norfolciae‚
479 4051 527 4126 de
542 4050 664 4126 Petro
680 4046 962 4124 constabulario
979 4048 1026 4124 de
1043 4049 1259 4123 Meautona
1275 4055 1314 4124 et
1332 4047 1516 4124 Muriella
1533 4072 1619 4147 qun
1635 4048 1712 4125 fuit
1730 4074 1830 4125 uxor

240 4171 269 4247 f.
285 4169 379 4264 69b]
434 4167 623 4244 Willelmi
641 4167 690 4244 de
710 4167 937 4242 Meautona.
958 4166 1016 4241 Et
1036 4165 1076 4240 in
1095 4190 1171 4264 quo
1192 4189 1283 4241 casu
1302 4189 1453 4242 necesse
1473 4166 1547 4242 erit
1567 4165 1759 4264 inquirere
1780 4165 1829 4242 ab

239 4315 360 4366 uxore
382 4289 430 4365 de
452 4297 627 4385 tempore
649 4294 856 4383 conceptus
879 4283 950 4372 sui,
973 4293 1013 4360 et
1035 4284 1083 4360 de
1105 4292 1229 4360 morte
1252 4283 1324 4358 viri
1347 4283 1407 4359 vel
1431 4308 1581 4360 recessu
1605 4310 1673 4360 suo
1698 4284 1747 4360 ab
1770 4311 1827 4361 ea.

239 4409 386 4484 Forma
400 4403 557 4482 autem¹⁹
572 4403 697 4480 brevis
709 4402 798 4480 talis
812 4403 896 4479 erit.

337 4525 465 4602 Breve
480 4525 527 4601 de
541 4522 708 4600 videnda
721 4520 879 4598 muliere
894 4528 940 4594 ot
952 4519 1097 4595 edatur
1110 4526 1243 4594 atram
1257 4542 1466 4618 proeqoaaa
1480 4521 1531 4598 ait
1546 4519 1607 4597 vel
1621 4545 1711 4598 aon.

238 4645 335 4722 Rnx
351 4641 560 4719 vicecomiti
578 4640 752 4718 salutem.
772 4638 1023 4737 Praecipimus
1041 4638 1111 4715 tibi
1130 4639 1234 4737 quod
1251 4639 1355 4716 omni
1374 4639 1556 4716 dilatione
1576 4649 1614 4717 et
1633 4640 1828 4716 occasione

237 4760 491 4860 postpositis²⁰
508 4759 637 4836 venire
654 4758 775 4835 facias
792 4782 920 4832 coram
935 4765 976 4834 te
993 4766 1031 4833 et
1048 4781 1177 4832 coram
1193 4756 1413 4833 custodibus
1431 4757 1663 4856 placitorum
1680 4781 1829 4834 coronae

239 4978 343 5055 ⁵Om,
358 4980 427 5055 OB,
443 4980 519 5054 MA,
536 4978 612 5051 MB,
627 4977 705 5051 MG,
720 4977 761 5050 Y,
776 4976 842 5037 ΟΕ.
880 4972 918 5008 Μ
930 4975 1012 5048 Om,
1027 4972 1096 5050 OA,
1112 4974 1179 5049 LA,
1196 4973 1263 5046 OC,
1281 4973 1354 5033 MC.
1393 4970 1566 5048 ⁸¹⁹dicitur,
1583 4974 1652 5050 OA,
1669 4975 1736 5048 LA,
1754 4975 1828 5048 MC,

238 5081 305 5156 CB,
337 5080 402 5141 OC.
455 5078 521 5114 ²⁰⁴¹
534 5078 615 5152 Om,
646 5077 720 5138 MA.
773 5073 932 5149 ²⁰·²⁸Om.,
963 5075 1036 5136 CM.
1090 5072 1379 5149 ²²exhercditatem,
1411 5076 1483 5146 cm
1515 5073 1754 5152 heredationem‚
1787 5077 1826 5138 Y.

238 5179 305 5215 ²²²²²
317 5179 397 5256 Om,
417 5179 487 5254 OA,
506 5179 574 5252 LA,
594 5178 659 5239 OC.
702 5176 799 5238 ²⁸virt
819 5181 878 5253 sni,
899 5177 974 5251 CM,
996 5176 1036 5251 Y,
1058 5175 1134 5236 MG.
1177 5175 1204 5209 ²⁰
1215 5178 1383 5253 verissime,
1404 5177 1473 5252 OB,
1496 5177 1573 5252 MA,
1596 5177 1670 5238 ΜΒ.
1714 5176 1828 5255 ²'veri,

238 5281 308 5357 OB,
324 5281 398 5354 CM,
416 5280 492 5357 MA,
508 5280 583 5355 MC,
599 5279 645 5352 Y;
661 5299 730 5354 om,
748 5278 823 5340 ΜΒ.
861 5276 1012 5339 ¹⁸adhoc
1029 5281 1235 5353 constituerit,
1252 5276 1321 5351 OA,
1339 5279 1405 5352 LA,
1422 5279 1490 5354 OC,
1507 5280 1581 5341 MC.
1620 5276 1741 5358 ²⁹Om.,
1758 5280 1827 5356 OB,

239 5382 315 5456 MA,
331 5382 407 5456 ΜΒ,
423 5382 464 5457 Y,
479 5381 556 5455 MG,
573 5380 646 5441 CM.
683 5377 711 5412 ²⁰
721 5383 907 5457 postposita,
923 5379 992 5454 OB,
1009 5380 1085 5453 MA,
1101 5378 1178 5453 ΜΒ,
1194 5379 1260 5442 OC.
1480 5365 1490 5372 ”
