4432 6340
653 493 714 552 DE
737 492 1040 566 ADQUIRENDO
1063 494 1220 555 RERUM
1244 494 1445 555 DOMINIO
1775 503 1846 569 185

257 643 386 719 heredi
403 668 519 742 quam
533 652 749 720 antecessor
763 644 897 720 habuit
913 646 953 720 in
967 645 1047 720 vita
1062 647 1122 722 vel
1138 645 1178 720 in
1193 653 1327 721 morte.
1346 646 1403 722 Et
1419 670 1507 721 eum
1524 647 1582 722 ius
1599 646 1848 744 proprietatis

258 761 287 837 f.
303 763 372 854 63]
428 785 654 839 concursum
679 760 855 838 habuerit
880 789 968 840 cum
993 762 1141 852 seisina,
1169 763 1300 840 statim
1324 774 1364 841 et
1390 764 1470 858 sine
1496 789 1606 840 mora
1632 765 1848 863 adquiritur

257 880 388 956 heredi
401 878 564 957 liberum
579 890 852 958 tenementum.

360 998 460 1092 Qnia
474 999 549 1076 diei
564 998 702 1077 debeat
718 999 826 1076 heres
840 999 1046 1097 legitimus.

260 1118 371 1193 Irnru
387 1117 596 1194 videndum
611 1118 695 1217 quis
711 1119 785 1194 dici
798 1118 936 1195 debeat
952 1119 1058 1195 heres
1074 1119 1280 1216 legitimus,
1298 1119 1387 1218 quia
1404 1120 1613 1196 secundum
1630 1121 1733 1217 quod
1751 1120 1849 1196 infe·

258 1235 338 1312 rius
363 1235 503 1312 dicitur
525 1236 733 1312 liberorum
758 1237 914 1335 quidam
938 1246 1028 1313 sunt
1053 1237 1123 1313 filii
1148 1247 1186 1314 et
1210 1239 1366 1314 heredes
1392 1238 1490 1315 sicut
1514 1246 1605 1314 sunt
1629 1238 1685 1314 illi
1710 1239 1849 1336 quiex

257 1354 368 1430 iustis
382 1354 528 1453 nuptiis
542 1357 734 1453 procreati
748 1365 838 1432 sunt
853 1363 891 1432 et
905 1355 1111 1454 progeniti,
1126 1365 1166 1431 et
1179 1355 1230 1430 ibi
1240 1356 1402 1454 plenius.
1414 1355 1631 1453 Legitimus
1641 1380 1732 1432 vero
1740 1355 1849 1432 heres

260 1485 298 1552 et
315 1469 417 1551 lilius
434 1484 492 1550 est
508 1499 622 1573 quem
637 1475 783 1572 nuptiae
801 1474 1066 1550 demonstrant
1083 1500 1164 1550 esse
1180 1473 1408 1572 legitimum,
1427 1476 1538 1551 sicuti
1555 1474 1632 1551 ille²
1651 1474 1717 1574 qui
1735 1484 1849 1552 natus

260 1589 331 1670 est²
349 1618 397 1668 ex
413 1593 586 1690 legitimo
604 1591 860 1680 matrimonio,
878 1593 939 1668 vel
957 1592 1021 1668 ille
1039 1595 1105 1690 qui
1122 1594 1163 1670 in
1181 1593 1279 1670 facie
1297 1593 1460 1670 ecclesiae
1479 1592 1674 1691 legitimus
1694 1602 1849 1692 reputa·

260 1720 338 1801 tur,
354 1711 527 1811 quamvis
543 1712 583 1786 in
598 1711 761 1787 veritate
776 1710 1064 1787 matrimonium
1080 1737 1159 1787 non
1176 1711 1306 1800 fuerit,
1325 1736 1413 1788 eum
1430 1712 1541 1787 ambo
1558 1721 1640 1787 tem
1657 1711 1717 1787 vir
1734 1737 1851 1810 quam

260 1854 361 1905 uxor
382 1829 575 1905 coniuncti
597 1828 702 1906 sunt⁸
724 1829 924 1905 bonafide
946 1829 1142 1905 credentes
1166 1855 1206 1906 se
1228 1829 1398 1927 legitime
1421 1829 1622 1928 copulatos
1647 1854 1739 1918 esse,
1764 1855 1851 1905 cum

261 1949 338 2024 sint
361 1974 403 2025 re
426 1973 519 2024 vere
540 1947 874 2046 consanguinitate
897 1948 958 2023 vel
983 1946 1169 2024 affinitate
1194 1947 1397 2035 coniuncti,
1422 1948 1484 2024 vel
1508 1947 1583 2024 alio
1607 1950 1721 2024 modo
1747 1949 1851 2047 quod

260 2066 548 2143 matrimonium
573 2074 675 2142 stare
699 2091 778 2142 non
802 2075 948 2165 posset:
975 2067 1035 2142 vel
1061 2067 1153 2143 dum
1178 2068 1293 2142 modo
1317 2067 1417 2143 alter
1443 2092 1575 2142 eorum
1601 2075 1755 2144 tentum
1780 2067 1850 2142 hoc

186 2171 190 2180 ’
260 2185 403 2261 credat.
420 2184 524 2274 Quia
539 2209 626 2260 cum
642 2184 779 2261 mulier
795 2185 906 2260 alicui
922 2185 1128 2283 coniugato
1145 2184 1267 2260 nubat
1281 2184 1382 2260 bona
1397 2184 1474 2260 fide
1491 2185 1648 2261 credens
1665 2209 1753 2260 eum
1769 2210 1851 2262 esse

261 2304 442 2390 solutrmr‚
456 2328 544 2379 oum
558 2303 607 2379 sit
622 2302 732 2379 alteri
746 2302 897 2379 mulieri
912 2302 1127 2402 copulatus
1143 2312 1181 2380 et
1197 2328 1304 2379 exeo
1319 2303 1418 2379 filios
1435 2301 1628 2401 suscipiat,
1644 2303 1741 2379 tales
1756 2302 1850 2400 legi-

260 2423 344 2500 timi
367 2424 585 2500 iudicantur
608 2432 647 2500 et
670 2423 838 2512 heredes,
865 2423 942 2500 sive
966 2433 1054 2523 post
1078 2423 1366 2500 matrimonium
1390 2431 1632 2500 contractum
1657 2424 1851 2522 progeniti

261 2545 338 2620 sint
360 2553 399 2619 et
420 2544 514 2632 nati,
536 2543 615 2620 sive
637 2551 726 2620 ante
747 2543 1034 2620 matrimonium
1056 2544 1179 2643 geniti
1201 2554 1239 2621 et
1262 2545 1303 2619 in
1325 2544 1570 2620 matrimonio
1591 2544 1686 2632 nati,
1709 2543 1851 2621 sivein

259 2664 504 2739 matrimonio
536 2663 657 2760 geniti
688 2673 727 2740 et
758 2673 848 2763 post
879 2665 1167 2742 matrimonium
1198 2665 1291 2754 nati,
1324 2665 1402 2742 sive
1435 2665 1605 2741 solutum
1637 2665 1687 2743 sit
1718 2665 1850 2741 matri-

259 2780 431 2856 monium
465 2806 537 2880 per
567 2789 732 2857 mortem
765 2791 972 2880 parentum
1003 2782 1065 2857 vel
1098 2783 1138 2856 in
1171 2782 1252 2858 vita
1285 2793 1491 2881 parentum
1525 2808 1574 2858 ex
1611 2807 1851 2882 quecumque

260 2923 377 2976 causa
406 2925 478 2998 per
507 2899 732 2976 divortium:
764 2910 803 2977 et
834 2900 904 2976 hoc
936 2901 1015 2977 sive
1045 2901 1147 2976 inter
1177 2909 1357 3000 parentes
1390 2901 1540 3000 publice
1572 2902 1851 2978 contrahantur

261 3015 457 3116 sponsalia
480 3019 541 3094 vel
568 3017 867 3107 matrimonium,
895 3020 988 3095 dum
1014 3029 1145 3095 tamen
1173 3021 1204 3096 si
1232 3020 1439 3096 divortium
1466 3019 1507 3095 in
1534 3019 1615 3095 vita
1643 3029 1850 3119 parentum

260 3135 473 3212 celebretur
508 3136 561 3213 et*
598 3137 699 3213 inter
736 3137 833 3214 tales
870 3137 1109 3212 clandestina
1146 3138 1293 3214 fuerint
1329 3139 1507 3236 coniugia
1545 3138 1594 3213 ab
1630 3138 1751 3226 initio,
1789 3138 1850 3214 vel

259 3263 458 3333 contracta
487 3265 623 3333 contra
653 3257 901 3334 interdictum
932 3257 1094 3334 eeclesiae
1126 3259 1166 3334 in
1196 3259 1323 3356 gradu
1355 3258 1559 3358 prohibito,
1593 3259 1709 3335 etiam
1740 3259 1849 3358 igno-

261 3385 404 3464 ranter,
431 3375 577 3452 soboles
604 3376 651 3453 de
675 3377 745 3453 tali
771 3376 1036 3452 coniunctione
1063 3386 1242 3476 suscepta
1268 3402 1425 3475 prorsus
1452 3377 1652 3475 illegitima
1679 3387 1737 3455 est
1763 3403 1850 3462 cen·

260 3495 390 3584 aenda,
408 3496 456 3571 de
473 3504 680 3594 parentum
696 3495 916 3592 ignorantia
934 3495 1084 3571 nullum
1102 3495 1280 3571 habitura
1299 3493 1520 3584 subsidium,
1540 3520 1628 3571 curn
1647 3495 1701 3571 illi
1718 3497 1850 3573 taliter

260 3612 521 3690 contrahendo
546 3613 783 3688 clandestina
808 3612 986 3710 coniugia
1011 3638 1090 3689 non
1116 3612 1308 3711 expertea⁶
1335 3613 1512 3689 scientiae‘
1539 3615 1599 3689 vel
1626 3614 1763 3691 saltem
1790 3615 1848 3689 af-

260 3731 467 3808 fectatores
483 3731 711 3828 ignorantiae
727 3731 942 3807 videantur.
963 3732 1057 3807 Pari
1075 3733 1189 3808 modo
1209 3732 1335 3831 proles
1354 3732 1554 3830 illegitima
1572 3742 1630 3809 est
1649 3735 1849 3822 censenda,

260 3850 291 3924 si
316 3849 429 3926 ambo
454 3857 633 3948 parentes
658 3848 977 3948 impedimentum
1002 3849 1403 3947 seientes-legitimum
1429 3851 1545 3927 etiarn
1571 3859 1712 3949 praeter
1738 3877 1850 3927 omne

259 3966 506 4043 interdictum
522 3966 563 4041 in
578 3967 677 4044 facie
692 3968 855 4043 ecclesiae
869 3966 1094 4045 contrahere
1109 3967 1464 4067 praesumpserunt*
1481 3970 1586 4066 quod
1601 3969 1756 4067 quidem
1770 3995 1850 4046 non

260 4097 358 4164 esset
372 4087 404 4164 si
418 4088 459 4163 in
472 4086 572 4162 facie
586 4085 749 4163 ecelesiae
762 4085 833 4161 hoc
848 4087 1022 4162 lacerent
1037 4087 1273 4184 ignoranter,
1289 4095 1451 4184 uterque
1468 4086 1623 4163 scilicet⁸
1637 4088 1699 4162 vel
1716 4113 1850 4164 eorum

149 4259 150 4262 ,
261 4204 369 4282 alter.
392 4206 471 4282 Sed
487 4206 528 4282 in
546 4205 650 4281 omni
669 4229 760 4281 casu
778 4204 844 4280 ubi
862 4204 1101 4280 clandestina
1119 4213 1209 4281 sunt
1229 4204 1407 4302 coniugia
1426 4230 1505 4281 non
1525 4205 1721 4282 excusabit
1740 4205 1849 4303 igno·

260 4324 399 4413 rantis,
422 4348 492 4400 nec
515 4324 632 4400 etiam
656 4323 686 4399 si
710 4321 861 4422 publice
885 4331 1094 4412 contracta,
1120 4322 1151 4399 si
1175 4322 1246 4397 hoc
1271 4323 1391 4400 fuerit
1416 4323 1689 4422 presumptive
1714 4334 1849 4401 contra

259 4441 464 4518 interdicta
486 4440 659 4517 ecclesiae.
682 4441 742 4517 Et
763 4441 811 4517 ad
833 4440 904 4516 hoc
925 4441 1021 4517 facit
1043 4437 1232 4517 decretale
1253 4440 1360 4517 cuius
1383 4440 1501 4517 verba
1522 4450 1613 4518 sunt
1633 4440 1723 4531 haec,
1747 4442 1849 4520 Com

122 4630 126 4638 .
259 4561 417 4638 interl.
437 4557 576 4638 verone
596 4569 635 4637 et
653 4560 702 4637 Β.
723 4557 920 4636 mulierem
940 4559 1096 4636 divortii
1114 4560 1304 4635 cententio
1323 4559 1503 4636 cononice
1523 4561 1573 4637 eit
1593 4560 1760 4659 prolato,
1780 4559 1851 4658 fita·

261 4704 394 4756 eornm
411 4703 491 4754 non
507 4678 648 4756 dehent
665 4677 802 4756 eeinde
819 4679 1007 4755 sentinare
1023 4678 1225 4766 iacturam,
1243 4702 1330 4754 cunt
1347 4686 1529 4777 parentes
1547 4703 1679 4755 eornm
1697 4678 1850 4778 pnbtce

260 4805 300 4874 et
311 4797 392 4874 aine
404 4796 705 4874 contradictione
717 4795 881 4873 ecclesie
892 4796 994 4873 inter
1006 4820 1046 4873 ee
1059 4796 1295 4873 controniaae
1307 4806 1527 4874 noscantur.
1541 4797 1715 4896 Ideoque
1729 4798 1850 4875 eonci-

246 4941 347 4992 *ntea
360 4924 406 4992 nt
419 4913 490 5012 fitia·
504 4939 636 4992 eornm
651 4938 747 5014 qnos
760 4923 851 4992 onte
865 4913 1073 4991 divortium
1090 4912 1346 5001 hobnernnt,²⁰
1363 4924 1401 4992 et
1417 4915 1483 5013 qni
1498 4913 1673 5013 concepti
1687 4913 1851 5009 inerunt

344 5112 440 5175 ¹‘²illi
459 5118 511 5192 qni
528 5119 594 5176 nati
612 5120 694 5188 aunt,
712 5116 781 5190 OB,
801 5115 877 5190 MA,
896 5114 970 5175 ΜΒ.
1010 5111 1116 5189 ⁸Om.,
1133 5114 1202 5188 OB,
1221 5114 1297 5186 MA,
1317 5115 1393 5190 ΜΒ,
1413 5114 1490 5187 MG,
1510 5115 1550 5190 Y,
1569 5115 1643 5176 CM.
1683 5112 1740 5175 ‘et
1762 5113 1845 5192 (vel)

259 5219 298 5291 al,
312 5215 351 5292 V,
365 5216 432 5276 OB.
469 5213 556 5276 “⁰ex
570 5221 662 5295 parte
676 5219 802 5290 sciente,
817 5216 862 5289 V;
876 5235 914 5276 ex
929 5221 1020 5294 parte
1035 5217 1179 5289 scientie,
1195 5215 1264 5291 OB,
1280 5215 1356 5290 MA,
1372 5216 1449 5289 ΜΒ,
1464 5216 1531 5290 LA,
1546 5217 1619 5278 MC.
1656 5212 1850 5295 'praeump-

259 5321 368 5394 serint,
385 5317 425 5398 V,
444 5317 519 5391 ΜΒ,
537 5318 577 5379 Υ.
616 5313 794 5393 'videlicet
811 5316 880 5391 OA,
897 5317 965 5392 LA,
982 5316 1049 5392 OC,
1068 5317 1141 5378 Me.
1182 5314 1349 5391 ‘veterem
1368 5314 1436 5393 OA,
1455 5316 1525 5394 OB,
1543 5317 1610 5393 CB,
1630 5319 1704 5392 cM,
1722 5317 1791 5395 LA,
1809 5317 1850 5392 Y,

204 5417 209 5424 ’
260 5419 337 5492 ΜΒ,
354 5419 432 5492 MG,
449 5418 511 5480 Mc
533 5419 628 5497 (corr.
645 5418 773 5496 virum).
812 5417 839 5452 ²⁰
850 5416 1025 5492 habuerint,
1042 5419 1081 5494 V,
1098 5419 1168 5492 OB,
1185 5419 1261 5493 ΜΒ,
1279 5420 1355 5494 cM,
1373 5419 1413 5493 Y,
1432 5419 1508 5480 MG.
