4394 6342
621 505 681 564 DE
704 504 1006 577 ADQUIRENDO
1029 505 1187 566 RERUM
1211 505 1413 567 DOMINIO
1763 511 1812 587 67

222 657 270 734 de
294 655 602 733 successionibus.
630 657 733 732 Item
757 681 900 753 augere
925 656 1068 755 poterit
1093 656 1340 733 donationem
1365 666 1404 733 et
1430 657 1557 733 facere
1583 657 1677 734 alios
1703 657 1812 756 quasi

222 776 391 864 heredes,
409 775 498 852 licet
516 801 558 850 re
575 801 667 851 vera
683 775 840 852 heredes
858 801 937 850 non
956 775 1045 864 sint,
1064 786 1109 853 ut
1129 776 1159 851 si
1180 777 1282 852 dicat
1301 776 1341 851 in
1361 775 1577 863 donatione,
1598 775 1812 852 habendam

224 904 263 972 et
288 895 494 971 tenendam
520 891 591 970 tali
616 903 655 970 et
681 893 881 970 heredibus
907 893 998 982 sais,
1025 894 1087 971 nel
1113 895 1175 972 cui
1201 895 1294 972 dare
1320 894 1382 970 vel
1408 895 1604 992 asaipnare
1631 893 1813 970 noluerit:

224 1024 262 1091 et
281 1037 354 1112 epo
373 1023 412 1090 et
430 1012 586 1090 heredes
605 1015 680 1090 mei
697 1013 1031 1090 warantizabimus
1050 1014 1172 1091 adem
1193 1013 1262 1090 tali
1281 1023 1319 1090 et
1339 1011 1541 1091 heredibus
1559 1014 1650 1102 aria,
1670 1013 1732 1091 uel
1752 1014 1814 1092 cui

222 1133 489 1211 terramillam
505 1134 599 1210 dare
616 1133 780 1210 voluerit
798 1132 859 1209 vel
875 1133 1084 1231 ossipaare,
1103 1143 1141 1209 et
1159 1157 1291 1209 eorum
1309 1132 1510 1210 heredibus
1528 1142 1665 1209 contra
1681 1157 1813 1210 manea

221 1260 368 1352 pentes.
393 1252 453 1326 Et
476 1277 552 1350 quo
575 1276 666 1328 casu
688 1252 720 1328 si
744 1251 967 1328 donatarius
990 1259 1136 1328 terram
1159 1253 1265 1328 illam
1289 1251 1437 1329 dederit
1461 1252 1523 1327 vel
1548 1251 1812 1350 assignaverit,

223 1372 254 1447 si
271 1371 495 1447 donatarius
512 1369 600 1446 vel²³
617 1371 774 1447 heredes
793 1371 851 1447 sui
868 1370 1092 1459 defecerint,
1110 1371 1275 1447 donator
1293 1381 1331 1448 et
1348 1370 1505 1448 heredes
1524 1371 1583 1448 sui
1601 1371 1813 1470 incipient¹⁴

223 1515 304 1568 esse
328 1490 438 1567 loco¹⁵
464 1490 656 1566 donatarii
682 1490 929 1567 etheredum
956 1515 1125 1579 suorum,
1152 1500 1200 1567 et.
1217 1516 1290 1589 pro
1315 1491 1454 1566 herede
1481 1491 1671 1568 donatarii
1697 1501 1813 1568 enmt

223 1611 349 1709 quoad
371 1609 701 1687 warantizandum
722 1608 926 1707 assignatis
948 1620 987 1687 et
1009 1635 1142 1686 eorum
1162 1609 1375 1698 heredibus,
1399 1635 1470 1708 per
1491 1609 1702 1687 clausulam
1725 1635 1812 1687 con·

221 1737 371 1806 tentam
389 1728 430 1804 in
448 1737 555 1804 carta
574 1728 689 1827 primi
708 1728 916 1817 donatoris,
936 1731 1039 1826 quod
1058 1728 1213 1827 quidem
1231 1754 1309 1804 non
1330 1739 1428 1806 esset
1447 1728 1520 1806 nisi
1539 1730 1683 1806 mentio
1703 1729 1813 1806 fieret

223 1849 270 1925 de
283 1847 487 1946 assignatis
500 1849 540 1922 in
553 1848 681 1947 prima
693 1847 910 1925 donatione.
929 1847 1006 1925 Sed
1020 1847 1204 1947 quamdiu
1218 1847 1366 1946 primus
1380 1848 1604 1925 donatarius
1619 1859 1813 1947 superstes

224 1968 343 2045 fuerit
360 1967 422 2044 vel
439 1968 519 2044 eius
537 1967 706 2055 heredes,
724 1967 798 2066 ipsi
815 1975 998 2044 tenentur
1018 1967 1067 2042 ad
1085 1965 1352 2054 warentiam,²⁰
1371 1976 1410 2043 et
1429 1991 1507 2042 non
1526 1967 1674 2066 primus
1694 1969 1812 2044 dona-

221 2094 296 2161 tor.
321 2085 600 2177 <Notandum
622 2087 725 2184 quod
746 2084 842 2161 bene
863 2084 1008 2183 poterit
1029 2086 1194 2161 donator
1216 2084 1265 2160 ab
1287 2086 1396 2161 initio
1418 2085 1459 2161 in
1481 2085 1671 2184 principio
1694 2087 1812 2162 dona·

222 2204 337 2281 tionis
348 2206 474 2302 legem
485 2229 629 2303 ponere
642 2204 840 2280 donationi
853 2229 941 2292 suae,
955 2214 994 2281 et
1007 2205 1054 2281 de
1067 2204 1267 2281 voluntate
1280 2231 1350 2280 sua
1363 2229 1445 2280 rem
1458 2206 1591 2282 datam
1605 2230 1814 2282 exonerare

223 2324 274 2400 ad
291 2324 534 2400 commodum
552 2323 671 2422 ipsius
689 2322 881 2399 donatarii
899 2332 937 2400 et
956 2333 1093 2400 contra
1109 2324 1235 2421 legem
1252 2334 1365 2401 terrae
1384 2325 1478 2400 dum
1494 2334 1626 2401 tamen
1644 2324 1716 2400 hoc
1735 2350 1814 2400 non

224 2443 273 2520 sit
298 2442 340 2518 in
363 2442 626 2542 praeiudicium
651 2443 826 2531 aliorum,
854 2444 903 2519 ad
930 2469 1025 2542 quos
1051 2442 1145 2518 nihil
1171 2442 1339 2542 pertinet
1366 2444 1415 2519 de
1441 2469 1574 2520 eorum
1600 2453 1812 2520 contractu.

224 2561 253 2637 f.
270 2563 337 2655 18]
393 2562 454 2638 Ut
480 2562 511 2637 si
534 2572 680 2639 terram
704 2561 853 2638 dederit
878 2587 952 2660 pro
976 2561 1115 2638 minori
1140 2561 1295 2638 servitio
1320 2588 1438 2661 quam
1463 2563 1545 2661 ipse
1570 2563 1738 2640 tenuerit
1766 2565 1814 2639 de

223 2681 378 2758 domino
397 2690 437 2757 et
456 2681 664 2759 feoffatore
683 2707 764 2769 suo,
775 2682 878 2758 dum
896 2691 1028 2758 tamen
1049 2682 1199 2757 factum
1219 2707 1332 2758 suum
1351 2681 1602 2758 warantizare
1623 2681 1744 2781 possit
1765 2681 1814 2757 de

223 2801 394 2898 proprio,
408 2824 457 2877 ne
471 2800 626 2877 domino
639 2800 796 2900 capitali
809 2800 1080 2898 praeiudicetur
1093 2802 1142 2877 de
1155 2800 1309 2877 servitio
1323 2826 1404 2888 suo,
1418 2801 1506 2877 licet
1519 2809 1666 2877 terram
1681 2802 1814 2878 datam

223 2919 294 2997 sibi
309 2919 485 2998 habuerit
502 2919 724 3019 obligatam.
744 2920 897 2997 Poterit
914 2919 1059 2997 tamen¹
1077 2944 1286 2996 exonerare
1303 2929 1449 2996 terram
1466 2920 1599 2996 datam
1617 2920 1658 2994 in
1676 2919 1812 3019 praeiu·

223 3039 364 3114 dicium
381 3039 439 3115 sui
456 3039 576 3137 ipsius
592 3048 632 3115 et
648 3039 832 3115 heredum
849 3064 1017 3127 suorum,
1035 3048 1075 3115 et
1091 3040 1287 3115 remittere
1305 3038 1503 3115 servitium
1520 3039 1723 3138 proprium
1740 3065 1814 3138 pro

223 3184 263 3235 se
277 3167 316 3236 et
329 3158 530 3235 heredibus
544 3157 633 3248 suis,
647 3159 725 3235 sive
739 3158 937 3235 servitium
950 3159 1028 3235 sive
1042 3159 1335 3234 consuetudines
1350 3183 1620 3257 quascumque.
1636 3158 1695 3235 Et
1711 3158 1813 3234 suffi-

224 3278 276 3353 cit
296 3277 399 3377 quia²
419 3278 489 3353 hoc
509 3278 625 3354 semel
644 3277 778 3366 voluit,
800 3277 890 3376 quia
909 3278 1003 3354 nihil
1024 3287 1106 3354 tam
1126 3278 1352 3354 conveniens
1373 3287 1431 3354 est
1453 3277 1622 3353 naturali
1643 3277 1814 3376 aequitati

224 3422 341 3495 quam
365 3397 606 3474 voluntatem
631 3397 775 3474 domini
800 3396 964 3474 volentis
991 3423 1073 3473 rem
1099 3421 1209 3473 suam
1235 3396 1275 3471 in
1302 3396 1421 3473 alium
1447 3397 1660 3473 transferre
1688 3405 1815 3473 ratam

223 3515 364 3592 haberi.
382 3517 441 3592 Et
456 3541 638 3614 expresso
653 3543 699 3593 eo
715 3518 765 3593 ad
780 3517 884 3615 quod
899 3526 1055 3593 tenetur
1070 3517 1295 3593 donatarius
1311 3517 1351 3591 in
1368 3526 1476 3592 carta
1493 3516 1721 3604 donationis,
1739 3515 1815 3592 aha

224 3635 353 3711 omnia
377 3635 571 3712 videntur³
597 3662 677 3712 esse
702 3635 860 3712 remissa
885 3660 969 3734 quae
994 3661 1073 3712 non
1098 3645 1189 3712 sunt
1214 3636 1430 3733 specialiter
1456 3661 1648 3734 expressa.
1676 3635 1735 3712 Et
1762 3635 1814 3712 sic

224 3780 406 3853 expressa
428 3765 578 3843 nocent,
601 3781 680 3831 non
703 3780 886 3854 expressa
907 3781 986 3830 non
1008 3763 1159 3843 nocent,
1185 3763 1224 3832 et
1246 3755 1299 3831 sic
1322 3753 1459 3831 liberat
1482 3753 1603 3830 carta‘
1627 3754 1676 3830 ab
1700 3780 1815 3831 onere

224 3899 308 3972 quae
328 3899 507 3973 expresse
527 3900 606 3950 non
625 3882 771 3950 onerat.
793 3875 946 3952 Poterit
966 3874 1083 3950 etiam
1103 3875 1268 3950 donator
1288 3899 1370 3950 rem
1391 3875 1524 3951 datam
1544 3899 1704 3950 onerare
1726 3873 1814 3972 plus

224 4003 263 4070 et
278 3993 406 4070 minus
421 3993 576 4071 servitio
592 4004 631 4071 et
647 3993 895 4071 servitutibus
911 3993 960 4071 de
976 3994 1177 4069 voluntate
1192 3991 1396 4081 donatarii,
1414 4003 1453 4070 et
1472 3993 1524 4069 sic
1541 4018 1620 4068 non
1636 3993 1814 4092 praeiudi·

223 4121 336 4189 catur
352 4112 464 4188 alicui
480 4113 553 4190 nisi
569 4113 771 4191 donatario
789 4123 827 4190 et
844 4113 1045 4189 heredibus
1063 4111 1152 4200 suis,
1170 4137 1219 4188 ex
1237 4137 1314 4211 quo
1330 4120 1493 4210 uterque
1510 4111 1551 4186 in
1568 4111 1678 4189 initio
1696 4112 1814 4188 dona·

224 4231 339 4308 tionis
356 4231 427 4308 hoc
442 4231 576 4320 voluit,
594 4231 685 4331 quia
701 4231 845 4308 volenti
861 4257 941 4308 non
957 4231 1003 4308 fit
1022 4231 1171 4307 iniuria.
1191 4231 1249 4307 Et
1268 4231 1320 4307 sic
1339 4256 1521 4329 expressa
1539 4238 1678 4306 nocent
1696 4231 1814 4307 dona·

223 4351 325 4427 tario
347 4361 386 4428 et
407 4376 486 4427 non
507 4361 646 4428 nocent
668 4352 857 4428 donatori.
881 4352 940 4428 Et
962 4351 1015 4428 sic
1036 4351 1174 4427 modus
1198 4350 1414 4426 donationis
1437 4360 1476 4427 et
1500 4349 1670 4426 condicio
1694 4376 1814 4449 quan-

225 4470 351 4568 doque
369 4471 527 4569 prodest
546 4469 736 4547 donatori⁸
756 4481 794 4548 et
814 4471 1045 4569 quandoque
1062 4479 1186 4558 nocet,
1206 4480 1245 4547 et
1263 4496 1285 4545 e
1303 4494 1497 4545 converso.
1518 4469 1664 4546 Modus
1685 4478 1816 4546 autem

225 4589 441 4666 donationis
462 4598 502 4665 et
521 4589 692 4666 condicio
712 4588 932 4688 multiplex⁶
953 4615 1034 4666 esse
1055 4588 1198 4688 poterit
1220 4589 1260 4663 in
1281 4613 1447 4687 persona
1468 4587 1671 4678 donatarii,
1695 4614 1815 4687 quan·

225 4708 350 4807 doque
364 4709 414 4785 ad
426 4709 669 4786 commodum
681 4735 730 4785 ne
744 4709 810 4785 det
823 4710 884 4785 vel
897 4734 946 4785 ne
960 4707 1090 4797 faciat,
1105 4707 1335 4806 quandoque
1350 4708 1399 4783 ad
1413 4707 1697 4784 incommodum
1711 4709 1815 4806 quod

226 4827 291 4904 det
310 4827 371 4903 vel
390 4827 521 4917 faciat,
539 4837 579 4904 et
597 4853 749 4927 semper
767 4827 969 4904 observare
988 4835 1142 4925 oportet
1163 4852 1209 4903 ea
1227 4827 1276 4902 de
1295 4824 1434 4924 quibus
1453 4827 1555 4903 inter
1575 4834 1706 4926 partes
1725 4851 1813 4902 con-

224 4946 384 5034 venerit,
400 4945 574 5045 quamvis
591 4946 632 5023 in
648 4935 911 5045 praeiudicium
926 4944 1048 5044 legis*
1067 4946 1161 5022 dum
1178 4955 1309 5022 tamen
1326 4945 1397 5021 hoc
1415 4970 1493 5020 non
1511 4945 1561 5022 sit
1579 4945 1620 5021 in
1637 4944 1815 5043 praeiudi·

226 5129 253 5166 ²⁸
263 5138 306 5206 et,
327 5131 368 5207 V,
389 5133 466 5194 MG.
510 5132 537 5167 ¹⁴
548 5137 708 5212 incipient,
730 5133 799 5210 oh,
820 5134 888 5209 LA,
909 5133 978 5207 OC,
999 5134 1076 5209 ΜΛ,
1098 5133 1173 5206 ΜΟ,
1196 5133 1274 5208 ΜΟ,
1298 5132 1377 5204 ΗΑ;
1400 5135 1562 5210 incipiunt,
1585 5131 1624 5206 V,
1647 5132 1717 5208 OB,
1741 5133 1818 5208 ΜΒ,

226 5232 302 5308 ΟΜ,
319 5233 392 5307 ΟΕ;
410 5237 573 5311 incipiant,
589 5235 628 5296 Y.
666 5233 693 5268 ¹⁵
705 5235 786 5308 Ona,
803 5235 882 5311 MG,
899 5235 973 5296 CM.
1013 5232 1040 5267 ²⁸
1051 5233 1325 5308 warantiaandum,
1344 5234 1421 5308 MG,
1440 5235 1513 5296 ΟΜ.

310 5332 438 5410 ¹etiam,
453 5333 526 5407 00,
542 5338 634 5411 enim,
651 5335 723 5396 HA.
761 5333 878 5414 ’quod,
893 5336 932 5396 V.
969 5333 1168 5409 ⁸videantnr,
1185 5335 1263 5410 MG,
1279 5334 1353 5396 ΟΜ.
1391 5333 1543 5409 ‘cartam
1560 5334 1638 5408 MG,
1655 5333 1724 5410 OC,
1741 5334 1815 5396 ΟΜ.

226 5431 424 5511 'donatorio,
437 5435 476 5497 V.
511 5434 678 5515 ‘simplem
693 5437 765 5510 OC;
780 5435 1005 5514 multipliciter,
1020 5436 1099 5511 MG,
1114 5437 1188 5498 ΟΜ.
1225 5434 1344 5515 'regia
1360 5437 1439 5513 MG,
1454 5437 1527 5498 ΟΜ.
