4432 6340
627 564 687 624 DE
711 563 1014 636 ADQUIRENDO
1037 564 1194 626 RERUM
1218 565 1420 627 DOMINIO
1746 573 1819 642 211

229 715 357 792 locum
369 713 430 792 vel
445 714 545 803 alibi,
561 715 626 790 ubi
639 714 774 792 melius
790 725 828 792 et
844 714 994 791 facilius
1009 715 1211 792 convenire
1226 715 1391 814 possitis,
1406 724 1446 792 et
1460 716 1566 793 facto
1582 725 1821 793 sacramento

233 859 363 911 eoram
390 833 609 910 vicecomite
636 832 707 910 tali
735 834 923 932 legaliter,
953 834 1127 922 discrete,
1157 843 1195 910 et
1224 833 1506 910 rationabiliter
1534 834 1751 912 extendatis
1781 842 1821 912 et

231 952 444 1052 appretiari
461 950 613 1028 faciatis
630 977 761 1028 omnes
777 960 901 1027 terras
919 949 986 1027 et⁴⁸
1004 961 1224 1029 tenementa
1242 954 1289 1029 de
1306 951 1491 1050 predicto
1508 952 1664 1042 honore,
1683 963 1722 1030 et
1740 962 1822 1029 tam

230 1069 297 1146 illa
310 1079 531 1147 tenemento
546 1095 629 1169 quae
644 1070 850 1169 praedictus
864 1071 918 1146 A.
935 1071 1023 1146 inde
1038 1070 1146 1148 dedit
1162 1097 1278 1169 quam
1295 1071 1381 1160 alia,
1399 1071 1540 1148 scilicet
1555 1072 1596 1147 in
1612 1071 1822 1161 dominicis,

230 1189 443 1287 villenagiis
459 1198 637 1277 etcetera,
653 1199 697 1265 ut
713 1214 843 1286 supra.
861 1189 919 1266 Et
934 1190 1040 1265 illam
1056 1190 1316 1266 extensionem
1334 1199 1372 1266 et
1388 1189 1711 1290 appretiationem
1728 1191 1823 1268 scire

232 1308 384 1385 faciatis
397 1308 609 1385 iustitiariis
624 1308 765 1384 nostris
780 1307 933 1397 talibus,
947 1306 1046 1385 tali⁴⁸
1061 1308 1122 1384 die
1136 1318 1175 1385 et
1190 1309 1259 1385 tali
1274 1308 1397 1384 loco⁴⁷
1414 1309 1689 1386 Mandavimus
1707 1308 1823 1386 etiam

230 1426 440 1503 vicecomiti
463 1435 596 1502 nostro
618 1425 699 1516 tali,
723 1428 826 1524 quod
849 1427 899 1502 ad
921 1426 1123 1526 praedictos
1146 1424 1275 1504 diem⁴⁸
1298 1435 1337 1504 et
1359 1426 1513 1503 locum⁴⁹
1537 1428 1643 1506 vobis
1666 1437 1822 1505 occurat

231 1545 282 1622 ad
309 1555 591 1622 sacramentum
617 1555 789 1622 vestrum
815 1545 1056 1644 capiendum,
1084 1555 1123 1622 et
1150 1547 1254 1644 quod
1280 1555 1374 1622 tunc
1402 1571 1531 1623 coram
1558 1546 1665 1624 vobis
1692 1548 1823 1624 venire
1901 1561 1905 1568 '

232 1666 351 1742 faciat
368 1690 499 1742 omnes
516 1665 600 1741 illos
618 1665 665 1740 de
681 1663 865 1763 praedicto
882 1663 1037 1753 honore,
1055 1674 1094 1741 et
1111 1663 1205 1741 alios
1224 1666 1271 1741 de
1289 1665 1474 1741 comitatu
1490 1665 1587 1742 tuo⁸⁰
1606 1690 1701 1764 quos
1719 1666 1821 1741 vide·

231 1783 310 1861 rit⁶¹
323 1809 404 1861 esse
417 1784 620 1872 vocandos,
634 1793 673 1860 et
687 1809 757 1882 per
771 1808 936 1882 quorum
950 1792 1232 1859 sacramentum
1247 1783 1433 1860 auxilium
1447 1783 1586 1859 habere
1602 1784 1755 1882 possitis
1772 1785 1822 1860 ad

231 1904 492 1980 extensionem
511 1902 618 1978 illam
638 1911 677 1980 et
697 1901 1020 2001 appretiationem
1041 1901 1268 1978 faciendam.
1291 1902 1350 1979 Et
1370 1903 1465 1979 scire
1487 1903 1637 1979 faciatis
1659 1903 1821 1980 iustitia·

231 2020 324 2097 riis⁶²
346 2021 486 2097 nostris
508 2021 559 2096 ad
580 2019 807 2119 predictum
830 2019 942 2110 diem,
966 2028 1060 2119 quot
1081 2020 1252 2097 homines
1275 2029 1315 2097 et
1338 2019 1460 2118 quos⁶⁸
1483 2020 1585 2097 idem
1608 2021 1656 2097 Β.
1682 2021 1835 2098 feoffa·'

231 2139 369 2227 verit,⁵⁴
386 2148 425 2217 et
442 2140 490 2216 de
507 2137 645 2238 quibus
662 2138 901 2227 tenementis,
920 2146 960 2216 et
976 2138 1084 2215 valor
1101 2146 1141 2216 et
1157 2138 1326 2238 pretium
1343 2139 1497 2215 illorum
1514 2148 1822 2216 tenementorum

231 2284 303 2358 per
315 2285 355 2335 se
368 2257 625 2335 imbrevietur.
640 2258 699 2334 Et
712 2257 743 2334 si
757 2283 888 2334 omnes
902 2257 1084 2334 interesse
1098 2283 1175 2334 non
1190 2257 1355 2356 possitis,
1370 2267 1431 2334 tot
1446 2283 1494 2333 ex
1509 2256 1615 2333 vobis
1630 2258 1680 2334 ad
1695 2260 1822 2334 minus

231 2375 410 2453 intersint
429 2378 478 2452 ad
497 2376 681 2476 praedicta
700 2375 934 2475 exequenda.
957 2376 1009 2450 In
1027 2376 1134 2453 cuius
1154 2375 1208 2452 rei
1227 2376 1489 2453 testimonium
1507 2375 1696 2455 mittimus
1716 2377 1822 2453 vobis

232 2495 323 2572 istas
339 2495 487 2571 litteras
503 2493 683 2570 nostras⁵⁵
699 2503 888 2594 patentes.
907 2496 1025 2571 Teste
1041 2502 1218 2571 etcetera.
1238 2495 1341 2571 Item
1359 2494 1464 2570 aliud
1481 2495 1595 2571 breve
1612 2496 1661 2572 de
1676 2497 1822 2584 eodem,

232 2623 271 2690 et
283 2613 350 2690 ubi
364 2623 546 2690 causatur
560 2611 747 2712 partitio⁵⁰
763 2639 808 2689 eo
822 2613 925 2712 quod
939 2612 1066 2690 minus
1081 2612 1177 2689 bene
1192 2613 1299 2689 facta
1313 2622 1383 2702 est,
1399 2623 1438 2690 et
1452 2613 1518 2689 ubi
1533 2614 1823 2691 constituuntur

232 2730 424 2808 iustitiarii
442 2741 605 2830 propter
622 2730 963 2832 presumptionem
981 2730 1267 2808 extensorum.⁶'

331 2849 459 2927 Breve
474 2849 632 2928 alteriue
647 2851 751 2928 modi
764 2851 833 2926 aed
846 2851 896 2928 de
911 2850 1056 2937 eodem,
1072 2849 1138 2928 abi
1151 2849 1311 2949 partitio
1327 2849 1454 2926 minae
1468 2850 1541 2928 rite
1555 2851 1665 2946 facta
1679 2859 1736 2927 eat
1752 2873 1832 2949 per¹

332 2967 437 3046 uliae.
1501 2985 1504 2990 ·

232 3086 356 3164 Rnx⁶⁸
375 3086 522 3164 dilectis
541 3095 581 3163 et
599 3085 776 3164 fidelibus
796 3086 873 3165 suis
891 3085 1062 3164 talibus³’
1083 3087 1257 3163 salutem.
1281 3085 1418 3163 Sciatis
1440 3087 1542 3185 quod
1563 3112 1633 3163 nos
1654 3087 1704 3164 ad
1725 3087 1822 3185 peti·

231 3205 375 3282 tionem
397 3205 561 3283 talium⁶⁰
584 3206 811 3282 dilectorum
833 3215 872 3283 et
894 3205 1066 3282 fidelium
1088 3214 1309 3282 nostrorum
1331 3206 1384 3281 A.
1409 3214 1448 3283 et
1470 3206 1532 3293 Β.,
1556 3205 1822 3283 constituimus

232 3349 299 3402 vos
320 3323 544 3401 iustitiarios
564 3322 743 3401 nostros⁸²
766 3323 816 3399 ad
838 3322 1056 3400 faciendam
1080 3323 1340 3400 extensionem
1361 3331 1401 3400 et
1423 3321 1699 3424 partitionem⁶²
1722 3324 1823 3399 inter

233 3442 460 3541 pradictum
475 3443 524 3520 B.
543 3453 581 3520 et
597 3441 694 3520 tales
711 3442 810 3519 filias
826 3451 866 3519 et
881 3442 1038 3519 heredes
1054 3443 1155 3531 talis,
1174 3468 1257 3541 quae
1275 3452 1365 3519 sunt
1382 3443 1423 3517 in
1439 3443 1613 3518 custodia
1630 3442 1750 3541 ipsius
1768 3443 1822 3518 A.

233 3561 280 3637 de
298 3560 474 3638 omnibus
491 3561 604 3638 terris
623 3571 662 3638 et
679 3561 907 3638 tenementis
927 3586 1011 3660 quae
1029 3562 1191 3638 fuerumt
1211 3561 1256 3638 C.
1278 3562 1325 3637 de
1345 3560 1398 3637 N.
1418 3561 1460 3636 in
1477 3560 1662 3637 comitatu
1681 3560 1762 3649 tali,
1784 3569 1823 3639 et

231 3680 335 3757 unde
351 3680 525 3778 predicti
541 3680 594 3756 A.
612 3688 652 3757 et
667 3681 716 3756 B.
735 3680 860 3779 questi
876 3689 967 3756 sunt
984 3679 1087 3778 quod
1105 3679 1264 3779 partitio
1282 3679 1389 3779 prius
1408 3679 1495 3756 inde
1514 3680 1620 3755 facta
1638 3705 1709 3778 per
1726 3705 1822 3779 prae·

231 3807 389 3895 ceptum
409 3808 597 3887 nostrum,
621 3797 753 3875 facte·
777 3799 854 3875 fuit
875 3799 1001 3874 minus
1025 3797 1304 3874 rationabiliter
1325 3822 1442 3896 quam
1464 3798 1631 3874 deberet.
1655 3798 1715 3873 Et
1737 3798 1823 3875 ideo

234 3915 340 3994 vobis
367 3917 596 3993 mandamus
626 3917 729 4016 quod
757 3914 986 4015 assumpto⁰⁴
1013 3915 1209 3992 vobiscum
1238 3915 1458 3992 vicecomite
1487 3925 1620 3992 nostro
1648 3916 1730 4004 tali,
1761 3916 1822 3992 cui

233 4034 406 4111 dedimus
427 4034 468 4110 in
487 4035 680 4112 mandatis
701 4036 805 4134 quod
825 4061 904 4111 una
924 4033 1119 4111 vobiscum
1140 4035 1190 4110 sit
1211 4035 1261 4110 ad
1282 4034 1530 4133 partitionem
1552 4033 1658 4110 illam
1680 4034 1822 4111 facien·

233 4153 334 4242 dam,
352 4152 495 4252 quam⁰⁵
511 4151 650 4229 citius⁸⁰
667 4152 842 4251 poteritis
860 4150 1075 4228 accedatis⁸⁷
1093 4152 1142 4228 ad
1159 4177 1290 4229 omnes
1304 4160 1429 4227 terras
1447 4160 1486 4227 et
1502 4161 1722 4228 tenementa
1739 4178 1823 4251 quae

233 4271 262 4346 f.
277 4272 347 4364 78]
403 4271 564 4348 fuenmt
578 4273 750 4371 praedicti
765 4272 810 4348 Ο.
825 4272 865 4347 in
878 4270 1062 4371 predicto
1075 4271 1272 4358 comitatu,
1288 4279 1327 4346 et
1341 4269 1557 4346 convocatis
1572 4294 1701 4346 coram
1716 4270 1823 4347 vobis

232 4389 433 4466 duodecim
457 4391 518 4466 vel
543 4415 610 4466 sex
634 4390 822 4489 legalibus
847 4389 1061 4467 hominibus
1086 4390 1135 4466 de
1161 4388 1330 4488 qualibet
1355 4389 1458 4478 villa,
1485 4389 1694 4465 secundum
1720 4389 1823 4488 quod

233 4576 260 4612 ⁴⁵
272 4586 303 4640 et
315 4582 428 4652 omnia,
442 4578 511 4652 OA,
525 4578 592 4654 LA,
605 4579 673 4654 OC,
689 4578 763 4652 ΜΟ,
777 4577 815 4639 V.
852 4575 1141 4638 ⁴⁶·“uliloeotn1i
1156 4577 1217 4651 die,
1232 4576 1301 4650 OA,
1316 4576 1383 4651 LA,
1398 4576 1473 4650 ΜΟ,
1489 4576 1556 4650 OC,
1571 4575 1609 4637 V.
1647 4573 1825 4637 ⁴⁸‘⁴⁹locum

233 4686 266 4739 et
287 4678 378 4755 diem,
401 4678 470 4753 OA,
493 4680 559 4753 LA,
583 4679 656 4755 ΜΟ,
680 4680 747 4755 OC,
769 4679 808 4739 V.
852 4677 957 4754 ωειιο,
980 4679 1047 4754 ΟΕ,
1068 4680 1115 4750 Υ;
1138 4700 1208 4753 om.,
1232 4677 1308 4739 MG.
1354 4676 1381 4712 ⁶²
1392 4677 1517 4753 videris,
1542 4678 1608 4753 LA,
1634 4679 1715 4752 MB;
1739 4677 1824 4739 vide·

233 4785 292 4852 ret,
322 4779 389 4841 OB.
441 4777 620 4857 ⁶²praefatis
651 4783 836 4852 iustitiariis,
866 4781 935 4854 OA,
965 4780 1032 4853 LA,
1063 4780 1137 4853 ΜΟ,
1168 4779 1234 4842 OC.
1287 4778 1313 4813 ³⁸
1325 4785 1410 4857 quot,
1441 4780 1509 4854 OB,
1540 4781 1617 4857 MA,
1649 4781 1725 4855 ΜΒ,
1757 4780 1824 4854 ΟΕ,

234 4878 308 4954 ΜΟ,
329 4878 407 4953 ΜΟ,
427 4879 473 4953 Υ;
494 4886 569 4958 quot
586 4888 699 4954 terrea,
719 4881 785 4943 OC.
829 4878 1022 4955 ⁸⁴feoffavit,
1044 4880 1113 4957 OB,
1135 4882 1211 4958 MA,
1234 4881 1310 4955 ΜΒ,
1331 4883 1372 4957 Y,
1394 4881 1470 4942 MG.
1513 4879 1540 4914 ⁶⁶
1553 4883 1632 4956 Om.,
1655 4883 1723 4956 OB,
1747 4882 1823 4957 MA,

233 4979 309 5054 ΜΒ,
330 4980 408 5056 ΜΟ,
429 4981 468 5042 Y.
510 4979 537 5014 ⁶⁸
548 4985 761 5060 participatio,
782 4982 876 5044 MSS.
899 5001 964 5042 var.
1007 4979 1125 5058 ¹⁵²0m.,
1147 4982 1216 5056 OB,
1238 4982 1313 5056 MA,
1336 4983 1411 5058 ΜΒ,
1434 4982 1512 5057 MG,
1535 4983 1602 5058 ΟΕ,
1624 4983 1662 5043 Y.
1707 4981 1822 5043 ⁶⁸'l'his

232 5085 303 5144 vrit
317 5081 440 5145 follows
453 5080 524 5144 that
537 5081 638 5145 which
651 5086 678 5143 it
691 5081 765 5145 here
779 5081 926 5162 precedes
942 5087 986 5158 in,
1001 5084 1070 5157 OB,
1086 5083 1162 5157 MA,
1178 5083 1254 5158 ΜΒ,
1271 5082 1348 5157 MG,
1362 5085 1437 5159 CM,
1452 5084 1520 5159 ΟΕ,
1536 5085 1576 5158 Y,
1594 5085 1665 5145 ΜΟ.
1704 5082 1731 5117 ”
1743 5084 1824 5160 Om.,

233 5182 299 5257 LA,
317 5183 393 5259 MC,
415 5182 471 5260 Η-
484 5182 580 5260 MA).
621 5182 827 5261 ⁸⁰Om.,OA,
846 5186 913 5260 LA,
932 5185 1006 5259 ΜΟ,
1025 5184 1092 5258 OC,
1112 5183 1150 5245 V.
1190 5182 1397 5260 ⁸²Om.,OA,
1418 5185 1491 5261 ΜΟ,
1512 5186 1577 5259 LA,
1598 5186 1666 5260 ΟΕ,
1685 5186 1762 5262 MG,
1783 5187 1822 5248 Y.

233 5281 259 5317 ⁸²
271 5288 540 5363 appretiationem,
562 5286 632 5363 OB,
654 5285 731 5359 MA,
753 5286 828 5348 ΜΒ.
873 5283 993 5362 ”Om.,
1016 5285 1084 5360 OB,
1108 5285 1184 5359 MA,
1208 5286 1283 5348 ΜΒ.
1328 5281 1543 5365 “assumptis
1567 5287 1633 5361 LA,
1657 5288 1725 5362 OC,
1748 5289 1822 5349 ΜΟ.

232 5383 402 5464 'mquam
422 5391 523 5461 citius,
542 5386 612 5463 OA,
631 5386 699 5463 LA,
717 5388 793 5463 MC,
812 5387 880 5462 ΟΟ,
899 5386 944 5461 V;
965 5395 997 5448 et
1015 5407 1106 5464 quam
1125 5390 1197 5461 cito,
1218 5388 1287 5462 OB,
1307 5387 1384 5461 MA,
1403 5388 1480 5464 ΜΒ,
1501 5389 1578 5464 MG,
1599 5388 1666 5464 ΟΕ,
1687 5390 1762 5466 ΟΜ,
1783 5390 1822 5452 Y.

233 5484 259 5519 V
271 5488 351 5562 Om.,
366 5487 435 5565 OB,
450 5489 526 5563 MA,
541 5488 619 5564 ΜΒ,
633 5488 699 5550 ΟΕ.
