4392 6352
905 1339 1001 1434 DE
1031 1336 1437 1436 ACTIONIBUS

377 1594 406 1670 f.
423 1594 519 1688 aab]
573 1595 639 1672 Dc
656 1593 868 1672 actionibus
886 1605 924 1671 et
941 1594 1035 1693 qaid
1050 1596 1100 1672 at
1118 1594 1229 1673 actio.

484 1735 675 1814 ICTUM
694 1748 752 1814 est
772 1763 891 1837 supra
909 1738 957 1815 de
975 1739 1148 1837 personis
1168 1747 1207 1815 et
1225 1738 1350 1814 rebus.
1370 1739 1489 1813 Nunc
1508 1747 1638 1814 autem
1658 1737 1862 1814 dicendum
1880 1735 1967 1813 est²⁹

490 1857 537 1933 de
554 1856 776 1933 actionibus.
795 1857 853 1933 Et
868 1857 1076 1934 videndam]
1092 1857 1185 1955 quid
1201 1857 1251 1935 sit
1267 1857 1378 1946 actio,
1394 1867 1434 1934 et
1450 1857 1554 1932 unde
1570 1857 1729 1946 oriatur,
1746 1865 1786 1933 et
1802 1855 1969 1954 qualiter

375 1973 582 2064 dividatur,
601 1984 640 2051 et
659 1975 824 2073 qualiter
844 1985 1087 2075 proponatur
1107 1985 1146 2052 et
1166 1976 1390 2065 intentetur,
1411 1984 1450 2052 et
1469 1975 1635 2075 qualiter
1655 1975 1857 2075 proposita
1877 1975 1966 2050 lun·

377 2093 502 2181 detur,
528 2102 567 2168 et
593 2092 758 2191 qualiter
783 2093 952 2170 fundata
976 2092 1173 2194 probetur.
1202 2093 1308 2183 Quid
1334 2094 1384 2172 sit
1410 2093 1530 2170 actio?
1556 2094 1615 2170 Et
1642 2093 1836 2170 sciendum
1864 2095 1967 2192 quod

377 2211 477 2288 actio
495 2210 588 2287 nihil
607 2211 711 2287 aliud
729 2220 788 2288 est
807 2212 1000 2310 quamius
1019 2211 1301 2310 persequendi²⁰
1319 2212 1360 2288 in
1379 2211 1518 2288 iudicio
1537 2213 1642 2310 quod
1661 2211 1773 2287 alicui
1795 2209 1966 2288 debetur.

376 2330 449 2405 las
466 2338 596 2405 autem
612 2330 771 2428 ponitur
789 2330 838 2406 ad
855 2330 1115 2407 differentiam
1133 2357 1266 2408 eorum
1283 2329 1393 2428 quae²²
1412 2354 1491 2406 non
1509 2339 1600 2407 sunt
1618 2329 1710 2406 iuris
1727 2331 1789 2406 vel
1807 2328 1967 2406 eorum²²

377 2448 442 2544 qui
459 2448 631 2545 quamvis
647 2448 706 2525 ius
721 2435 888 2524 habeant
902 2458 942 2526 et
956 2449 1156 2538 actionem,
1174 2448 1263 2525 elidi
1278 2458 1409 2526 tamen
1426 2450 1571 2547 poterit
1586 2475 1657 2548 per
1672 2449 1885 2547 legitimam
1902 2475 1966 2525 ex-

376 2567 591 2666 ceptionem
603 2567 916 2667 contrapositam.
930 2567 1005 2644 Vel
1017 2567 1158 2644 dicitur
1169 2568 1228 2644 ius
1241 2568 1292 2645 ad
1305 2567 1565 2644 differentiam
1579 2566 1690 2643 officii
1704 2568 1849 2657 iudicis,
1864 2567 1968 2666 quod

376 2685 605 2762 latissimum
625 2695 683 2763 est
703 2695 743 2762 et
763 2711 841 2762 non
862 2687 972 2764 actio.
996 2687 1130 2763 Multa
1149 2687 1251 2763 enim
1273 2687 1533 2787 expediuntur
1555 2711 1625 2784 per
1646 2685 1812 2762 officium
1834 2686 1967 2763 iudicis

378 2830 462 2905 quae
474 2830 552 2882 non
563 2805 825 2904 expediuntur
837 2805 920 2881 iure
932 2805 1102 2881 actionis.
1116 2805 1175 2881 Bt
1188 2805 1246 2881 ius
1259 2830 1337 2880 non
1350 2813 1407 2881 est
1421 2806 1549 2902 ipsum
1562 2803 1739 2894 officium,
1754 2806 1821 2882 sed
1835 2805 1967 2905 appel-

377 2923 450 3000 lari
464 2925 609 3023 poterit
624 2925 784 3000 factum.
803 2923 881 3000 Sed
897 2923 927 3000 si
943 2924 993 3001 sit
1008 2925 1073 3022 qui
1088 2934 1235 3023 quaerat
1250 2949 1319 2999 cur
1335 2925 1486 2999 dicatur
1500 2923 1612 3021 quis²³
1629 2924 1806 3023 persequi
1822 2949 1892 3022 per
1909 2948 1969 3000 ac·

375 3043 520 3121 tionem
534 3069 621 3120 cum
636 3052 831 3143 proponat
845 3043 1033 3119 actionem
1048 3043 1286 3131 irriuriarum
1301 3067 1389 3118 cum
1403 3042 1454 3117 ibi
1469 3069 1518 3118 ex
1532 3040 1654 3118 officio
1670 3042 1802 3118 iudicis
1819 3067 1968 3118 summa

377 3166 646 3252 constituatur,
661 3163 886 3263 respondeo,
902 3163 1010 3238 Bene
1025 3170 1154 3261 potest
1170 3161 1243 3236 dici
1259 3160 1358 3236 actio
1374 3185 1462 3236 cum
1479 3161 1609 3258 agitur
1624 3186 1672 3236 ex
1687 3159 1837 3248 iniuria,
1855 3169 1894 3236 et
1909 3168 1967 3236 est

377 3282 488 3371 ratio,
510 3282 599 3380 quia
618 3281 734 3358 habet
752 3304 915 3380 querens
935 3278 1022 3355 ius²⁴
1043 3280 1226 3378 querendi
1246 3288 1286 3355 et
1306 3279 1463 3378 petendi
1484 3277 1551 3356 et²⁶
1573 3278 1716 3377 aliquid
1739 3279 1774 3354 ei
1795 3279 1967 3353 debetur.

381 3403 424 3480 Si
446 3428 593 3501 quaeras
617 3399 721 3499 quid,
744 3399 969 3499 respondeo,
995 3398 1045 3473 Id
1068 3397 1244 3474 videlicet
1268 3396 1370 3496 quod
1394 3422 1557 3495 querens
1581 3397 1835 3474 aestimaverit.
1862 3397 1968 3472 Nam

378 3531 586 3620 antequam
610 3543 772 3618 querens
794 3518 836 3593 in
858 3517 996 3593 iudicio
1019 3525 1289 3615 conqueratur,
1314 3516 1502 3592 aestimare
1526 3516 1670 3616 poterit
1695 3515 1873 3591 iniuriam
1898 3513 1968 3591 sibi

380 3640 537 3727 factam,
565 3637 706 3715 scilicet
733 3636 846 3735 quale
873 3634 1058 3712 damnum
1087 3634 1311 3711 sustinuerit
1338 3659 1388 3709 ex
1416 3635 1602 3733 qualitate
1631 3634 1726 3710 facti
1755 3642 1795 3709 et
1822 3632 1969 3709 iniuriae

379 3756 618 3833 enormitate.
634 3755 733 3844 Qua
747 3753 901 3854 quidem
914 3753 1115 3830 aestimatio
1130 3754 1162 3830 si
1177 3753 1319 3828 iniusta
1335 3753 1455 3829 fuerit
1469 3753 1530 3828 vel
1547 3751 1755 3852 superflua,
1770 3752 1867 3828 bene
1882 3777 1968 3851 per·

377 3877 546 3953 mittitur
560 3875 674 3951 iudici
689 3900 739 3950 ex
755 3871 876 3950 officio
893 3870 990 3949 suo²⁸
1007 3897 1196 3948 summam
1210 3897 1326 3971 quam
1344 3897 1507 3970 querens
1523 3870 1751 3947 aestimavit²⁷
1768 3871 1967 3947 moderare

378 4004 417 4072 et
430 3994 614 4083 minuere,
629 4017 707 4069 non
722 4001 853 4068 autem
868 4017 1021 4088 augere,
1038 3991 1110 4066 nisi
1128 3991 1230 4067 forte
1246 3992 1301 4067 ita
1318 3990 1367 4066 sit
1382 3991 1485 4088 quod
1500 3989 1564 4066 ille
1580 3988 1629 4066 de
1645 4015 1721 4087 quo
1737 3989 1912 4088 queritur
1929 4013 1967 4064 se

378 4113 500 4212 gratis
521 4112 693 4212 posuerit
713 4111 753 4186 in
773 4110 1013 4186 voluntatem
1034 4117 1073 4186 et
1092 4109 1259 4207 gratiam
1280 4108 1558 4207 conquerentis.
1580 4108 1639 4184 Bt
1660 4133 1736 4206 quo
1758 4133 1847 4184 casu
1871 4105 1966 4182 aesti·

377 4230 497 4308 matio
515 4239 555 4306 et
573 4229 722 4307 taxatio
741 4228 814 4306 erit
833 4229 873 4304 in
892 4228 1093 4304 voluntate
1111 4227 1390 4326 conquerentis,
1411 4237 1450 4303 et
1469 4226 1649 4302 aufertur
1668 4226 1783 4301 iudici
1803 4225 1968 4302 officium

378 4357 417 4425 et
442 4356 614 4447 potestas
639 4346 811 4423 taxandi.
840 4346 944 4422 Item
969 4345 1109 4422 dicitur
1134 4344 1429 4445 persequendi.²⁸
1455 4344 1549 4420 Hoc
1575 4352 1704 4420 autem
1732 4343 1891 4442 ponitur
1918 4343 1968 4418 ad

379 4467 640 4542 differentiam
659 4463 906 4564 exceptionis,
928 4490 1004 4562 qua
1025 4488 1104 4538 non
1123 4461 1417 4563 persequimur'⁹
1438 4463 1567 4552 alium,
1589 4461 1656 4539 sed
1677 4462 1800 4560 magis
1824 4463 1872 4538 ab
1894 4462 1968 4537 alio

378 4581 597 4683 persecuti⁸⁰
610 4593 760 4658 nosmet
774 4582 877 4681 ipsos
892 4581 1146 4670 defendimus,
1160 4581 1249 4659 licet
1263 4583 1304 4657 in
1317 4581 1541 4680 exceptione
1556 4589 1687 4679 partes
1702 4581 1841 4658 actoris
1856 4580 1967 4656 susti-

379 4725 549 4777 neamus.
566 4701 671 4776 Item
685 4701 732 4776 de
745 4725 791 4777 eo
806 4700 909 4798 quod
924 4699 1016 4776 dicit
1029 4701 1070 4778 ia
1084 4700 1235 4789 iudicio
1251 4698 1321 4774 hoc
1336 4700 1452 4776 etiam
1468 4699 1627 4799 ponitur
1643 4701 1694 4775 ad
1708 4693 1969 4775 differentiam

379 4844 512 4895 eorum
529 4843 613 4918 quae
630 4844 708 4895 non
724 4819 765 4894 in
781 4817 919 4894 iudicio
936 4819 1003 4894 sed
1020 4826 1132 4894 extra
1150 4817 1454 4916 persequimur,⁸1
1475 4817 1573 4895 sicut
1591 4818 1719 4894 furem
1737 4821 1969 4894 nocturnum

378 5018 405 5054 ²⁹
417 5020 498 5095 0m.,
510 5020 577 5096 OC,
590 5020 669 5095 MG,
681 5019 747 5080 LA.
771 5017 798 5052 ‘⁰
809 5038 943 5098 proseq.‚
956 5020 996 5096 V,
1009 5019 1078 5095 OB,
1092 5019 1168 5092 MA,
1183 5020 1259 5093 MB,
1273 5021 1347 5097 MC,
1362 5019 1428 5096 CE,
1443 5020 1520 5094 MG,
1535 5020 1608 5080 CM.
1635 5016 1701 5052 ²²⁴²
1713 5017 1793 5091 oa,
1808 5018 1877 5092 OB,
1892 5016 1967 5092 MA,

379 5120 455 5196 ΜΒ,
470 5121 508 5181 Υ.
545 5119 663 5194 ²⁸Om.,
677 5123 747 5197 OB,
762 5121 838 5194 MA,
852 5121 928 5196 ΜΒ,
944 5119 1011 5196 ΟΕ,
1025 5121 1064 5181 Υ.
1102 5118 1220 5194 ²⁴0m.‚
1236 5121 1305 5195 OB,
1321 5120 1397 5194 MA,
1414 5121 1490 5194 ΜΒ,
1505 5121 1571 5181 CE.
1609 5117 1968 5197 ²¹‘ai,V;⁴*(-l-quod),

378 5221 417 5282 Y.
453 5218 479 5253 ²⁶
491 5222 571 5295 Om,
586 5222 654 5294 OB,
669 5221 745 5297 MA,
760 5221 836 5297 ΜΒ,
850 5221 917 5298 CE,
931 5222 970 5281 Y.
1006 5219 1250 5296 ”aestimaverit
1265 5222 1358 5284 MSS.
1373 5242 1438 5283 var.
1475 5219 1502 5255 ²⁸
1514 5221 1729 5300 prosequendi,
1744 5221 1784 5297 V,
1800 5222 1874 5297 MC,
1889 5221 1968 5296 MG,

379 5320 453 5394 CM,
470 5319 537 5396 GE,
553 5321 618 5382 LA.
657 5319 919 5400 ”prosequimun
935 5323 974 5397 V,
991 5321 1085 5383 MSS.
1101 5342 1167 5383 var.
1207 5321 1234 5356 ⁸⁰
1245 5327 1413 5400 prosecuti,
1429 5324 1469 5399 V,
1488 5323 1581 5385 MSS.
1600 5343 1666 5384 var.
1706 5322 1731 5356 ⁸¹
1744 5325 1968 5401 prosequimur,

379 5420 419 5496 V,
434 5419 528 5483 MSS.
544 5442 610 5482 var.
