4394 6342
379 526 426 593 10
905 511 1128 573 BRACTON:
1151 510 1211 570 DE
1236 509 1427 571 LEGIBUS

377 668 425 743 F.
443 675 514 743 115
541 664 720 754 Qualiter
734 662 927 739 iustitiarii
942 662 1148 762 procedere
1163 659 1303 736 debent
1317 660 1358 735 in
1373 659 1508 736 itinere
1523 683 1593 735 suo
1608 666 1647 734 et
1663 682 1739 755 quo
1755 656 1900 733 ordine.

377 786 426 860 F.
442 794 514 860 116
539 784 605 860 De
623 791 861 859 sacramento
878 780 1080 856 duodecim
1097 779 1263 856 militum
1281 779 1490 855 electorum
1507 777 1558 853 ad
1578 776 1781 852 dicendum
1801 774 1966 850 veredic-

640 910 725 976 tum
739 900 780 975 in
796 899 938 999 placito
954 924 1112 974 coronae.

543 1019 727 1118 Capitula
744 1017 945 1117 dequibus
962 1017 1162 1094 duodecim
1178 1017 1476 1115 respondebunt.

378 1140 427 1215 F.
443 1145 515 1219 117
542 1138 668 1214 Breve
683 1139 731 1214 de
745 1137 917 1235 generali
932 1136 1226 1212 summonitione
1243 1137 1292 1211 ad
1307 1135 1566 1211 itinerandum
1583 1131 1689 1233 apud
1708 1132 1910 1232 Shipweye
1928 1130 1967 1206 in

641 1257 826 1332 comitatu
842 1255 990 1333 Cantiae
1005 1255 1109 1330 infra
1124 1254 1341 1331 libertatem
1356 1253 1524 1352 quinque
1538 1261 1735 1353 portuum.

378 1377 427 1452 F.
444 1385 516 1453 118
541 1377 669 1452 Breve
681 1375 891 1451 vicecomiti
906 1373 1117 1449 Norfolciae
1130 1384 1169 1451 et
1185 1372 1381 1449 Suffolciae
1393 1373 1498 1471 quod
1512 1371 1606 1448 scire
1621 1371 1739 1447 faciat
1752 1367 1967 1444 hominibus

642 1496 690 1570 de
706 1493 926 1570 Gernemue
942 1502 981 1569 et
994 1491 1205 1591 Donevvyz.

541 1612 607 1688 De
622 1613 779 1687 crimine
795 1611 892 1686 laesae
907 1610 1128 1688 maiestatis.

380 1732 429 1808 F.
445 1740 517 1808 119
543 1731 608 1806 De
624 1731 780 1806 crimine
797 1728 887 1805 falsi
903 1738 942 1806 et
960 1729 1036 1805 suis
1053 1727 1260 1826 speciebus.

542 1848 607 1926 De
622 1848 875 1924 occultatione
889 1847 1069 1924 thesauri.

380 1969 429 2044 F.
446 1976 518 2044 120
545 1967 652 2056 Quid
667 1967 715 2044 sit
730 1991 927 2054 wreccum‚
943 1966 1045 2042 etde
1060 1990 1195 2063 grosso
1209 1965 1323 2065 pisce,
1340 1965 1481 2042 scilicet
1497 1964 1646 2062 sturgio
1662 1973 1701 2040 et
1717 1964 1864 2040 balena.

542 2086 608 2163 De
624 2086 749 2162 assisis
766 2085 875 2181 regni
891 2084 1026 2160 iuratis
1043 2085 1073 2158 si
1089 2108 1168 2159 non
1183 2084 1444 2159 observentur.

543 2204 609 2280 De
625 2203 781 2280 crimine
796 2202 986 2278 homicidii
1002 2211 1040 2278 et
1057 2201 1222 2301 qualiter
1238 2201 1432 2278 dividitur.

381 2324 430 2399 F.
447 2331 517 2399 121
544 2323 609 2399 De
624 2322 746 2397 officio
760 2331 1041 2397 coronatorum.

544 2440 609 2516 De
623 2440 929 2538 inquisitionibus
942 2438 1008 2514 ubi
1022 2438 1165 2516 occisus
1179 2439 1310 2515 fuerit.

544 2560 609 2636 De
625 2557 867 2634 attacbiendo
882 2556 1103 2656 culpabiles.

548 2678 590 2753 Si
604 2677 645 2753 in
658 2675 803 2775 campis
816 2676 878 2752 vel
892 2675 1024 2752 boscis.

548 2797 591 2872 Si
605 2805 719 2872 notus
734 2796 794 2871 vel
808 2795 975 2893 ignotus.

548 2915 591 2990 Si
606 2915 749 2990 occisor
763 2913 922 3010 fugerit.

383 3035 432 3110 F.
448 3041 520 3110 122
546 3032 611 3110 De
626 3033 841 3109 submersis.

546 3152 611 3228 De
625 3151 825 3228 thesauris.

549 3270 592 3345 Si
607 3279 743 3368 raptus
757 3270 962 3367 virginum.

546 3388 612 3466 De
627 3413 722 3488 pace
738 3397 777 3465 et
793 3387 930 3486 plagis.

547 3507 611 3583 De
638 3507 760 3582 officio
785 3507 1014 3582 vicecomitis
1040 3506 1081 3582 in
1108 3506 1263 3606 appello
1289 3507 1336 3582 de
1364 3531 1457 3605 pace
1484 3515 1523 3583 et
1550 3507 1677 3606 plagis
1702 3516 1743 3583 et
1770 3509 1817 3584 de
1845 3509 1971 3609 plagis

646 3624 923 3701 mensurandis.

551 3745 592 3820 si
606 3743 724 3842 plaga
737 3743 950 3842 periculosa
963 3745 1013 3821 sit
1025 3750 1223 3842 ponantur
1235 3742 1422 3841 appellati
1437 3743 1477 3818 in
1491 3742 1698 3842 prisonem,
1712 3770 1782 3820 nec
1797 3754 1887 3822 sunt
1901 3771 1972 3844 per

648 3862 796 3959 plegios
816 3861 1045 3950 dimittendi,
1068 3862 1134 3937 sed
1153 3861 1361 3937 videndum
1382 3863 1422 3937 in
1442 3861 1549 3939 cuius
1571 3863 1727 3961 prisona
1749 3864 1826 3940 sint
1847 3872 1971 3939 custo·

649 3981 788 4070 diendi,
807 3979 946 4058 scilicet
965 3979 1005 4055 in
1022 3980 1179 4078 prisona
1194 3980 1296 4056 illius
1314 3981 1379 4079 qui
1397 3989 1629 4079 potestatem
1647 3981 1761 4059 habet
1779 3981 1972 4058 iudicandi

647 4097 755 4176 tales.

547 4219 612 4296 De
628 4220 844 4317 probatore.

385 4341 435 4416 F.
451 4348 524 4416 123
550 4340 732 4415 Prisones
748 4365 825 4414 non
842 4340 982 4415 debent
999 4341 1046 4415 de
1061 4337 1174 4415 terris
1191 4339 1268 4416 suis
1285 4339 1462 4416 disseisiri
1479 4341 1546 4416 sed
1561 4341 1650 4418 inde
1668 4341 1808 4418 debent
1825 4351 1972 4418 susten-

649 4458 736 4532 tari.

549 4577 676 4651 Breve
691 4577 737 4650 de
752 4575 993 4673 inquisitione
1009 4574 1197 4663 facienda,
1211 4584 1344 4652 utrum
1359 4578 1545 4676 appellati
1561 4579 1636 4655 sint
1652 4578 1740 4654 odio
1755 4578 1817 4655 vel
1832 4588 1935 4678 atya.

552 4695 595 4770 Si
612 4720 682 4793 per
698 4692 980 4791 inquisitionem
997 4693 1197 4791 culpabilis
1214 4694 1442 4772 inveniatur.

550 4812 614 4889 De
629 4837 724 4912 pace
740 4821 778 4888 et
794 4811 920 4911 plagis
936 4837 1024 4888 cum
1039 4813 1248 4889 adiectione
1265 4813 1426 4891 feloniae.

552 4931 594 5008 Si
609 4958 688 5007 non
703 4931 752 5008 sit
767 4931 967 5029 culpabilis
983 4931 1087 5030 quod
1103 4933 1321 5009 dimittatur
1338 4960 1408 5032 per
1423 4935 1583 5033 plegios.

549 5050 674 5127 Aliud
690 5052 804 5127 breve
821 5051 868 5125 de
886 5051 1030 5126 eodem.

553 5171 595 5247 Si
620 5181 757 5269 captus
782 5170 887 5245 infra
912 5170 1128 5246 libertatem
1154 5180 1193 5247 et
1220 5171 1340 5248 dilata
1366 5172 1485 5248 fuerit
1512 5173 1746 5262 deliberatio,
1772 5182 1812 5249 et
1839 5183 1975 5272 captor

652 5289 885 5366 attachiatur
909 5291 1012 5387 quod
1037 5289 1087 5365 sit
1111 5290 1161 5365 ad
1185 5291 1497 5388 respondendum
1523 5317 1641 5390 quare
1665 5293 1784 5368 talem
1809 5293 1911 5392 cepit
1936 5301 1975 5369 et

651 5407 927 5507 imprisonavit.
