4392 6352
383 497 458 566 808
916 491 1139 553 BRAOTON:
1162 491 1223 552 DE
1247 491 1440 554 LEGIBUS

484 641 550 718 Dc
563 648 758 740 potestate
771 639 1074 719 tecticariorum.

384 761 414 838 f.
431 759 549 854 108b]
605 763 689 838 Esr
701 771 831 840 autem
843 788 976 839 eorum
988 772 1160 864 potestas
1174 765 1276 864 quod
1290 763 1366 840 ex¹⁸
1379 763 1484 864 quo¹⁴
1497 764 1551 842 eis
1564 765 1764 842 commissa
1777 775 1835 842 est
1848 791 1975 854 causa,

384 903 463 956 una
477 880 539 956 vel
555 880 685 980 plures
700 882 788 959 licet
804 882 1038 982 simpliciter,
1055 885 1278 960 extenditur
1294 909 1427 961 eorum
1443 884 1653 961 iurisdictio
1671 885 1721 962 ad
1737 885 1876 974 omnia,
1895 885 1975 962 sine

385 998 522 1100 quibus
543 1025 658 1077 causa
677 1001 876 1078 terminari
898 1026 976 1077 non
998 1010 1138 1100 potest,
1161 1012 1351 1102 quantum
1373 1002 1424 1080 ad
1446 1003 1628 1080 iudicium
1650 1013 1690 1081 et
1710 1004 1975 1080 executionem

384 1118 523 1195 iudicii.
545 1120 603 1196 Bt
623 1119 757 1196 eodem
776 1119 891 1196 modo
912 1120 943 1196 si
964 1143 1081 1196 causa
1101 1120 1221 1198 fuerit
1241 1120 1410 1198 incidens
1432 1121 1493 1198 vel
1513 1146 1714 1220 emergens
1734 1130 1775 1199 et
1797 1122 1973 1221 praeiudi·

383 1237 500 1326 cialis,
520 1237 570 1314 ad
588 1237 681 1314 alias
700 1263 791 1314 vero
810 1263 870 1314 res
889 1248 929 1315 et
948 1238 1042 1315 alies
1061 1264 1245 1337 personas
1265 1265 1343 1315 non
1363 1247 1527 1338 possunt
1545 1239 1845 1318 iurisdictionem
1864 1265 1974 1318 suam

383 1358 590 1434 extendere
609 1380 680 1432 nec
698 1357 746 1432 de
765 1356 848 1433 aliis
867 1382 1107 1456 cognoscere,
1128 1381 1244 1456 quam
1265 1359 1311 1434 de
1330 1357 1388 1434 his
1408 1381 1491 1456 quae
1511 1358 1551 1433 in
1570 1358 1834 1436 commissione
1853 1359 1973 1435 conti·

382 1486 536 1564 nentur,
554 1500 643 1552 cum
660 1476 756 1552 fines
773 1475 947 1552 mandati
966 1474 1171 1573 diligenter
1188 1475 1293 1553 sint²⁸
1312 1475 1548 1552 attendendi.

484 1595 663 1689 Qualiter
681 1603 720 1670 et
739 1593 894 1693 quando
912 1593 1072 1692 finiatur
1090 1619 1223 1670 coram
1242 1603 1415 1694 potestas
1434 1604 1473 1671 et
1491 1593 1713 1673 iurisdictio.

382 1717 448 1794 Er
464 1716 637 1816 quamvis
653 1717 810 1816 quidam
826 1742 959 1794 eorum
975 1717 1155 1816 perpetui
1172 1715 1277 1794 sint¹⁸
1294 1726 1339 1795 ut
1356 1717 1521 1806 videtur,
1539 1717 1674 1794 linitur
1690 1727 1822 1794 tamen
1840 1743 1973 1794 eorum

382 1835 591 1913 iurisdictio
607 1835 739 1912 multis
754 1835 889 1924 modis,
906 1836 1048 1912 scilicet
1063 1845 1217 1913 mortuo
1233 1861 1278 1912 eo
1296 1836 1361 1934 qui
1378 1836 1572 1934 delegavit
1588 1837 1649 1912 vel
1666 1845 1820 1913 mortuo
1838 1863 1883 1913 eo
1902 1836 1972 1912 sub

381 1957 488 2033 cuius
501 1957 661 2055 proprio
674 1955 827 2032 nomine
840 1979 956 2031 causa
969 1955 1182 2052 delegatur.
1198 1955 1302 2031 Item
1315 1979 1403 2031 cum
1417 1955 1599 2052 delegans
1613 1955 1848 2032 revocaverit
1862 1954 1972 2032 iuris·

381 2076 587 2154 dictionem
607 2077 669 2153 vel
691 2077 809 2153 alium
831 2075 979 2153 dederit
1002 2063 1325 2164 iustitiarium,'re
1347 2076 1501 2173 integre
1523 2101 1572 2151 ex
1592 2085 1678 2152 toto
1700 2075 1761 2152 vel
1783 2076 1824 2151 in
1847 2084 1970 2176 parte.

383 2198 487 2274 Item
501 2197 533 2274 si
546 2198 630 2298 ipse
644 2198 843 2295 delegatus
859 2197 1032 2274 remittat
1046 2220 1201 2273 causam
1217 2197 1409 2295 adipsum
1425 2196 1667 2294 delegantem
1682 2197 1743 2272 vel
1759 2195 1837 2274 ad¹²
1854 2197 1972 2273 alium

381 2320 614 2417 delegatum,
631 2342 679 2394 ex
695 2341 812 2394 causa
826 2325 988 2417 propter
1003 2314 1179 2393 certum²⁸
1195 2315 1324 2394 diem²⁹
1341 2325 1544 2394 etcertum
1560 2317 1698 2394 locum.
1716 2319 1821 2394 Item
1838 2318 1973 2395 finitur

381 2439 463 2514 lata
481 2439 671 2516 sententia
688 2448 727 2517 et
744 2438 959 2516 executioni
978 2438 1222 2528 demandata,
1242 2439 1332 2538 quia
1351 2439 1467 2515 iudex
1486 2465 1558 2538 per
1576 2439 1758 2516 iudicium
1777 2439 1972 2516 redditum

381 2560 541 2636 functus
557 2569 616 2637 est
632 2558 754 2636 officio
771 2585 852 2648 suo,
870 2567 909 2636 et
925 2559 1113 2636 iuratores
1130 2559 1281 2636 liberati
1299 2569 1390 2637 srmt
1409 2586 1432 2636 a
1450 2559 1729 2650 sacramento?⁰
1747 2560 1820 2637 nisi
1839 2561 1888 2637 sit
1906 2560 1972 2660 qui

381 2682 483 2759 dicat
500 2681 603 2782 quod
620 2682 771 2758 reddito
787 2680 925 2757 iudicio
942 2679 1186 2757 nihilominus
1204 2680 1327 2781 possit
1342 2680 1569 2758 iustitiarius
1586 2681 1775 2758 iuratores
1793 2705 1971 2758 revocare

381 2803 431 2880 ad
450 2803 739 2880 certificandum
758 2803 819 2878 vel
838 2802 1030 2901 inquirere
1049 2802 1097 2878 de
1118 2803 1218 2878 falso
1238 2810 1489 2891 sacramento,
1510 2803 1720 2879 secundum
1740 2804 1845 2902 quod
1863 2803 1970 2879 iusti·

379 2922 515 3001 tiarius
536 2923 655 3000 fuerit
674 2923 849 3022 capitalis
870 2924 931 2999 vel
951 2923 1135 3000 itinerans
1154 2923 1386 3021 generaliter
1408 2924 1457 2999 ad
1478 2948 1609 2999 omnes
1629 2947 1774 3000 causas.
1797 2919 1859 3000 Re
1879 2949 1971 3000 vera

379 3071 467 3122 cum
488 3046 670 3123 iudicium
692 3044 820 3121 debito
842 3044 957 3119 modo
979 3043 1174 3120 redditum
1197 3043 1257 3132 sit,
1281 3069 1359 3119 non
1382 3053 1511 3142 potest
1533 3043 1760 3121 iustitiarius
1784 3044 1850 3143 qui
1873 3044 1969 3120 iudi-

378 3166 481 3242 cium
504 3165 699 3242 reddidit²¹
723 3164 819 3240 illud
843 3173 978 3263 postea
1002 3163 1193 3262 corrigere
1217 3164 1278 3240 vel
1302 3173 1466 3253 mutare,
1491 3165 1625 3241 eodem
1650 3174 1780 3242 tamen
1806 3165 1867 3242 die
1893 3190 1969 3264 quo

378 3285 574 3362 redditum
590 3285 675 3363 est²²
692 3285 874 3383 supplere
891 3283 1035 3384 poterit
1052 3285 1093 3359 in
1109 3284 1167 3361 his
1185 3309 1269 3384 que
1286 3285 1482 3384 pertinent
1501 3286 1551 3363 ad
1568 3286 1869 3385 consequentias.
1891 3285 1969 3363 Sed

378 3408 449 3483 hoc
463 3406 600 3484 ultimo
614 3408 741 3483 locum
754 3405 869 3483 babet
885 3406 925 3481 in
940 3405 1113 3504 personis
1128 3431 1262 3482 eorum
1276 3406 1343 3505 qui
1358 3405 1558 3483 constituti
1574 3414 1665 3483 sunt
1680 3406 1874 3484 iustitiarii
1891 3405 1969 3483 ad'⁸

379 3528 516 3604 assises
537 3526 754 3626 specialiter
773 3525 991 3624 capiendae,
1012 3535 1058 3603 ut
1080 3552 1209 3615 unam,
1232 3527 1339 3615 duas,
1362 3527 1423 3602 vel
1445 3526 1587 3626 plures.
1610 3528 1669 3603 Et
1691 3528 1906 3604 notandum
1927 3528 1968 3603 in

378 3651 455 3727 fine
471 3650 574 3749 quod
590 3648 719 3725 nullus
736 3645 962 3724 iustitiarius
979 3673 1002 3723 a
1019 3645 1173 3723 domino
1190 3671 1282 3743 rege
1298 3645 1379 3722 sic²⁴
1395 3645 1622 3746 delegatus’⁵
1640 3647 1785 3747 poterit
1803 3648 1968 3748 aliquem

378 3769 448 3848 sibi
462 3769 724 3868 subdelegare.

477 4037 658 4132 Qualiter
680 4035 937 4115 emetitucads'
958 4046 1049 4114 aaut
1071 4035 1267 4115 iustitiaria'
1289 4036 1340 4113 ad
1362 4036 1622 4114 itinerandum
1646 4037 1694 4114 dc
1718 4037 1903 4115 comitatu
1925 4040 1967 4116 in

477 4157 701 4234 comitatum
713 4155 946 4255 generaliter
958 4155 1151 4232 adomnia
1163 4153 1308 4253 placita
1319 4154 1381 4231 vel
1393 4155 1445 4232 ad
1457 4155 1648 4254 specialia

376 4279 445 4355 Ur
464 4287 595 4355 autem
614 4279 662 4355 de
681 4277 909 4376 capitalibus
930 4276 1141 4354 iustitiariis
1162 4274 1228 4353 et²⁸
1249 4277 1290 4352 in
1311 4277 1432 4353 banco
1453 4277 1706 4355 residentibus
1728 4279 1778 4356 ad
1799 4304 1966 4378 praesens

374 4409 582 4489 taceamus,
604 4398 813 4475 videndum
836 4399 1001 4497 qualiter
1022 4397 1279 4474 constituendi
1303 4407 1394 4474 sunt
1416 4397 1608 4475 iustitiarii
1633 4400 1684 4475 ad
1707 4399 1966 4477 itinerandum

375 4521 423 4596 de
445 4519 631 4596 comitatu
652 4519 692 4594 in
712 4520 950 4607 comitatum,
974 4519 1024 4594 ad
1046 4543 1178 4594 omnes
1199 4543 1333 4595 causas
1355 4519 1588 4617 generaliter
1609 4520 1671 4596 vel
1694 4522 1745 4596 ad
1767 4529 1902 4610 certas,
1927 4532 1966 4598 et

375 4649 512 4739 postea
533 4639 699 4739 qualiter
722 4639 772 4714 ad
795 4637 989 4738 speciales,
1012 4663 1142 4727 unam,
1168 4640 1264 4716 duas
1288 4639 1350 4715 vel
1374 4639 1516 4739 plures.
1544 4641 1587 4717 Si
1611 4650 1741 4718 autem
1765 4643 1965 4720 constituti

374 4759 540 4837 debeant
553 4760 604 4834 ad
618 4784 748 4836 omnes
763 4756 925 4836 causas¹'
938 4758 1181 4858 generaliter,
1195 4767 1290 4835 tunc
1304 4759 1476 4857 praestito
1491 4771 1730 4839 sacramento
1747 4764 1911 4862 qualiter
1926 4789 1965 4841 se

373 4881 404 4957 f.
421 4882 513 4973 109]
568 4905 703 4978 gerere
720 4879 884 4956 debeant
900 4879 941 4956 in
957 4879 1092 4956 itinere
1109 4905 1190 4969 suo,
1208 4880 1278 4957 fiat
1295 4880 1450 4958 cuilibet
1466 4907 1600 4958 eorum
1618 4882 1731 4960 breve
1750 4885 1965 4984 specialiter

374 5096 441 5134 ²²²²²
453 5099 533 5176 Om.‚
558 5098 627 5174 OB,
653 5099 728 5172 MA,
755 5099 830 5173 ΜΒ,
855 5098 884 5158 Y
914 5097 1002 5176 (†).
1048 5096 1168 5172 ²⁴Om.,
1192 5097 1259 5160 OE.
1306 5097 1428 5173 ²⁵sant,
1453 5101 1521 5177 OC,
1546 5101 1623 5163 MG.
1671 5100 1793 5179 ²⁸sunt,
1820 5106 1859 5182 V,
1886 5106 1962 5168 MG.

372 5197 399 5234 ¹⁷
412 5199 492 5273 Om,
513 5200 582 5275 OB,
604 5199 680 5275 MA,
703 5198 777 5260 MB.
820 5195 887 5232 ²⁸¹¹⁹
898 5195 1124 5275 certitudinem,
1146 5199 1214 5274 OC,
1236 5199 1312 5261 MG.
1355 5198 1586 5264 ²⁰sacramento
1608 5225 1675 5280 suo,
1696 5206 1766 5280 OB,
1788 5207 1865 5281 MA,
1887 5209 1962 5270 ΜΒ.

373 5300 399 5335 ¹²
411 5299 524 5377 reddit,
544 5300 614 5375 OB,
633 5301 710 5375 MA,
730 5301 805 5362 ΜΒ.
848 5297 938 5377 ”sit
958 5300 1027 5376 OB,
1048 5299 1125 5375 MA,
1147 5301 1223 5377 MB,
1244 5300 1312 5376 CB,
1333 5302 1374 5376 Y,
1395 5303 1468 5364 CM.
1513 5302 1592 5364 ”ad
1614 5305 1743 5384 aliquas,
1766 5308 1804 5382 V,
1826 5309 1901 5383 0A;
1922 5310 1963 5372 ad

371 5401 553 5477 alias,MO.
591 5400 657 5435 ¹¹¹¹¹
669 5401 750 5475 Om,
766 5401 837 5477 OB,
853 5401 930 5476 MA,
947 5401 1022 5462 ΜΒ.
1062 5398 1089 5434 ¹⁶
1111 5402 1192 5478 Om.,
1210 5403 1249 5478 V,
1267 5402 1344 5464 MG.
1384 5402 1502 5482 ¹⁷0m.,
1521 5406 1590 5481 OB,
1609 5407 1685 5483 MA,
1705 5409 1781 5470 ΜΒ.
