<?xml version="1.0" encoding="UTF-8"?>
<!DOCTYPE html PUBLIC "-//W3C//DTD XHTML 1.0 Transitional//EN"
    "http://www.w3.org/TR/xhtml1/DTD/xhtml1-transitional.dtd">
<html xmlns="http://www.w3.org/1999/xhtml" xml:lang="en" lang="en">
 <head>
  <title>
</title>
<meta http-equiv="Content-Type" content="text/html;charset=utf-8" />
  <meta name='ocr-system' content='tesseract 3.04.00' />
  <meta name='ocr-capabilities' content='ocr_page ocr_carea ocr_par ocr_line ocrx_word'/>
</head>
<body>
  <div class='ocr_page' id='page_1' title='image "./bractondelegibu01histgoog_0020.png"; bbox 0 0 4394 6342; ppageno 0'>
   <div class='ocr_carea' id='block_1_1' title="bbox 928 457 1450 522">
    <p class='ocr_par' dir='ltr' id='par_1_1' title="bbox 928 457 1450 522">
     <span class='ocr_line' id='line_1_1' title="bbox 928 457 1450 522; baseline -0.002 -1"><span class='ocrx_word' id='word_1_1' title='bbox 928 459 1150 522; x_wconf 83' lang='lat' dir='ltr'>BRACTON:</span> <span class='ocrx_word' id='word_1_2' title='bbox 1173 458 1234 520; x_wconf 85' lang='lat' dir='ltr'>DE</span> <span class='ocrx_word' id='word_1_3' title='bbox 1259 457 1450 520; x_wconf 85' lang='lat' dir='ltr'><strong>LEGIBUS</strong></span> 
     </span>
    </p>
   </div>
   <div class='ocr_carea' id='block_1_2' title="bbox 396 610 1990 2250">
    <p class='ocr_par' dir='ltr' id='par_1_2' title="bbox 559 610 965 710">
     <span class='ocr_line' id='line_1_2' title="bbox 559 610 965 710; baseline -0.002 -23"><span class='ocrx_word' id='word_1_4' title='bbox 559 611 624 689; x_wconf 90' lang='lat' dir='ltr'>De</span> <span class='ocrx_word' id='word_1_5' title='bbox 640 610 965 710; x_wconf 89' lang='lat' dir='ltr'>hermaphrodito.</span> 
     </span>
    </p>

    <p class='ocr_par' dir='ltr' id='par_1_3' title="bbox 559 729 947 807">
     <span class='ocr_line' id='line_1_3' title="bbox 559 729 947 807; baseline -0.003 -1"><span class='ocrx_word' id='word_1_6' title='bbox 559 729 625 806; x_wconf 93' lang='lat' dir='ltr'>De</span> <span class='ocrx_word' id='word_1_7' title='bbox 639 729 947 807; x_wconf 81' lang='lat' dir='ltr'><strong>manumissione.</strong></span> 
     </span>
    </p>

    <p class='ocr_par' dir='ltr' id='par_1_4' title="bbox 560 844 1990 1183">
     <span class='ocr_line' id='line_1_4' title="bbox 560 844 1990 946; baseline -0.002 -23"><span class='ocrx_word' id='word_1_8' title='bbox 560 848 679 937; x_wconf 92' lang='lat' dir='ltr'>Quod</span> <span class='ocrx_word' id='word_1_9' title='bbox 708 847 817 924; x_wconf 87' lang='lat' dir='ltr'>nulla</span> <span class='ocrx_word' id='word_1_10' title='bbox 846 845 1017 945; x_wconf 89' lang='lat' dir='ltr'>acceptio</span> <span class='ocrx_word' id='word_1_11' title='bbox 1049 870 1302 946; x_wconf 86' lang='lat' dir='ltr'>personarum</span> <span class='ocrx_word' id='word_1_12' title='bbox 1333 844 1440 944; x_wconf 90' lang='lat' dir='ltr'>apud</span> <span class='ocrx_word' id='word_1_13' title='bbox 1470 845 1587 920; x_wconf 93' lang='lat' dir='ltr'>deum</span> <span class='ocrx_word' id='word_1_14' title='bbox 1617 852 1687 933; x_wconf 89' lang='lat' dir='ltr'>est,</span> <span class='ocrx_word' id='word_1_15' title='bbox 1719 853 1850 921; x_wconf 86' lang='lat' dir='ltr'>tamen</span> <span class='ocrx_word' id='word_1_16' title='bbox 1882 844 1990 943; x_wconf 89' lang='lat' dir='ltr'>apud</span> 
     </span>
     <span class='ocr_line' id='line_1_5' title="bbox 660 961 1988 1064; baseline -0.003 -22"><span class='ocrx_word' id='word_1_17' title='bbox 660 965 843 1054; x_wconf 90' lang='lat' dir='ltr'>homines,</span> <span class='ocrx_word' id='word_1_18' title='bbox 870 965 961 1064; x_wconf 86' lang='lat' dir='ltr'>quia</span> <span class='ocrx_word' id='word_1_19' title='bbox 985 963 1142 1064; x_wconf 87' lang='lat' dir='ltr'>quidam</span> <span class='ocrx_word' id='word_1_20' title='bbox 1169 964 1440 1064; x_wconf 76' lang='lat' dir='ltr'>principantur</span> <span class='ocrx_word' id='word_1_21' title='bbox 1465 964 1506 1039; x_wconf 93' lang='lat' dir='ltr'>in</span> <span class='ocrx_word' id='word_1_22' title='bbox 1532 961 1645 1040; x_wconf 88' lang='lat' dir='ltr'>terris</span> <span class='ocrx_word' id='word_1_23' title='bbox 1670 962 1713 1038; x_wconf 94' lang='lat' dir='ltr'>in</span> <span class='ocrx_word' id='word_1_24' title='bbox 1737 961 1851 1040; x_wconf 90' lang='lat' dir='ltr'>rebus</span> <span class='ocrx_word' id='word_1_25' title='bbox 1877 961 1988 1062; x_wconf 89' lang='lat' dir='ltr'>spiri·</span> 
     </span>
     <span class='ocr_line' id='line_1_6' title="bbox 659 1081 1420 1183; baseline -0.003 -24"><span class='ocrx_word' id='word_1_26' title='bbox 659 1083 828 1160; x_wconf 89' lang='lat' dir='ltr'>tualibus</span> <span class='ocrx_word' id='word_1_27' title='bbox 845 1091 885 1160; x_wconf 90' lang='lat' dir='ltr'>et</span> <span class='ocrx_word' id='word_1_28' title='bbox 902 1083 1059 1183; x_wconf 89' lang='lat' dir='ltr'>quidam</span> <span class='ocrx_word' id='word_1_29' title='bbox 1076 1083 1116 1159; x_wconf 92' lang='lat' dir='ltr'>in</span> <span class='ocrx_word' id='word_1_30' title='bbox 1132 1081 1420 1180; x_wconf 75' lang='lat' dir='ltr'>temporalibus.</span> 
     </span>
    </p>

    <p class='ocr_par' dir='ltr' id='par_1_5' title="bbox 560 1201 904 1300">
     <span class='ocr_line' id='line_1_7' title="bbox 560 1201 904 1300; baseline 0 -23"><span class='ocrx_word' id='word_1_31' title='bbox 560 1201 668 1291; x_wconf 86' lang='lat' dir='ltr'>Quid</span> <span class='ocrx_word' id='word_1_32' title='bbox 682 1202 760 1278; x_wconf 92' lang='lat' dir='ltr'>sint</span> <span class='ocrx_word' id='word_1_33' title='bbox 773 1201 904 1300; x_wconf 80' lang='lat' dir='ltr'>ringae.</span> 
     </span>
    </p>

    <p class='ocr_par' dir='ltr' id='par_1_6' title="bbox 560 1317 1056 1417">
     <span class='ocr_line' id='line_1_8' title="bbox 560 1317 1056 1417; baseline 0 -23"><span class='ocrx_word' id='word_1_34' title='bbox 560 1318 667 1408; x_wconf 86' lang='lat' dir='ltr'>Quid</span> <span class='ocrx_word' id='word_1_35' title='bbox 684 1319 876 1417; x_wconf 83' lang='lat' dir='ltr'>significat</span> <span class='ocrx_word' id='word_1_36' title='bbox 891 1317 1056 1417; x_wconf 75' lang='lat' dir='ltr'>gladius.</span> 
     </span>
    </p>

    <p class='ocr_par' dir='ltr' id='par_1_7' title="bbox 560 1436 1031 1535">
     <span class='ocr_line' id='line_1_9' title="bbox 560 1436 1031 1535; baseline -0.004 -21"><span class='ocrx_word' id='word_1_37' title='bbox 560 1438 650 1514; x_wconf 86' lang='lat' dir='ltr'>Rex</span> <span class='ocrx_word' id='word_1_38' title='bbox 664 1436 871 1514; x_wconf 89' lang='lat' dir='ltr'>nonhabet</span> <span class='ocrx_word' id='word_1_39' title='bbox 885 1461 1031 1535; x_wconf 87' lang='lat' dir='ltr'>parem.</span> 
     </span>
    </p>

    <p class='ocr_par' dir='ltr' id='par_1_8' title="bbox 396 1554 1987 1656">
     <span class='ocr_line' id='line_1_10' title="bbox 396 1554 1987 1656; baseline 0 -22"><span class='ocrx_word' id='word_1_40' title='bbox 396 1556 446 1634; x_wconf 89' lang='lat' dir='ltr'>F.</span> <span class='ocrx_word' id='word_1_41' title='bbox 511 1565 535 1632; x_wconf 87' lang='lat'>6</span> <span class='ocrx_word' id='word_1_42' title='bbox 560 1557 655 1634; x_wconf 88' lang='lat' dir='ltr'>Alia</span> <span class='ocrx_word' id='word_1_43' title='bbox 667 1557 802 1634; x_wconf 91' lang='lat' dir='ltr'>divisio</span> <span class='ocrx_word' id='word_1_44' title='bbox 816 1581 1080 1655; x_wconf 91' lang='lat' dir='ltr'>personarum,</span> <span class='ocrx_word' id='word_1_45' title='bbox 1094 1558 1199 1656; x_wconf 92' lang='lat' dir='ltr'>quod</span> <span class='ocrx_word' id='word_1_46' title='bbox 1212 1566 1279 1633; x_wconf 87' lang='lat' dir='ltr'>aut</span> <span class='ocrx_word' id='word_1_47' title='bbox 1294 1565 1385 1634; x_wconf 89' lang='lat' dir='ltr'>sunt</span> <span class='ocrx_word' id='word_1_48' title='bbox 1399 1557 1457 1633; x_wconf 92' lang='lat' dir='ltr'>sui</span> <span class='ocrx_word' id='word_1_49' title='bbox 1471 1554 1563 1634; x_wconf 89' lang='lat' dir='ltr'>iuris</span> <span class='ocrx_word' id='word_1_50' title='bbox 1578 1565 1647 1634; x_wconf 89' lang='lat' dir='ltr'>aut</span> <span class='ocrx_word' id='word_1_51' title='bbox 1659 1556 1774 1632; x_wconf 87' lang='lat' dir='ltr'>alieni</span> <span class='ocrx_word' id='word_1_52' title='bbox 1787 1565 1856 1634; x_wconf 88' lang='lat' dir='ltr'>aut</span> <span class='ocrx_word' id='word_1_53' title='bbox 1870 1555 1987 1634; x_wconf 90' lang='lat' dir='ltr'>dubii.</span> 
     </span>
    </p>

    <p class='ocr_par' dir='ltr' id='par_1_9' title="bbox 560 1674 1075 1774">
     <span class='ocr_line' id='line_1_11' title="bbox 560 1674 1075 1774; baseline 0.002 -23"><span class='ocrx_word' id='word_1_54' title='bbox 560 1674 626 1752; x_wconf 90' lang='lat' dir='ltr'>De</span> <span class='ocrx_word' id='word_1_55' title='bbox 638 1675 696 1752; x_wconf 92' lang='lat' dir='ltr'>his</span> <span class='ocrx_word' id='word_1_56' title='bbox 711 1675 777 1774; x_wconf 92' lang='lat' dir='ltr'>qui</span> <span class='ocrx_word' id='word_1_57' title='bbox 792 1685 883 1752; x_wconf 92' lang='lat' dir='ltr'>sunt</span> <span class='ocrx_word' id='word_1_58' title='bbox 898 1675 957 1752; x_wconf 91' lang='lat' dir='ltr'>sui</span> <span class='ocrx_word' id='word_1_59' title='bbox 971 1675 1075 1752; x_wconf 88' lang='lat' dir='ltr'>iuris.</span> 
     </span>
    </p>

    <p class='ocr_par' dir='ltr' id='par_1_10' title="bbox 560 1793 1329 1894">
     <span class='ocr_line' id='line_1_12' title="bbox 560 1793 1329 1894; baseline -0.001 -24"><span class='ocrx_word' id='word_1_60' title='bbox 560 1793 626 1871; x_wconf 93' lang='lat' dir='ltr'>De</span> <span class='ocrx_word' id='word_1_61' title='bbox 639 1795 696 1871; x_wconf 89' lang='lat' dir='ltr'>his</span> <span class='ocrx_word' id='word_1_62' title='bbox 711 1795 777 1893; x_wconf 91' lang='lat' dir='ltr'>qui</span> <span class='ocrx_word' id='word_1_63' title='bbox 792 1805 883 1872; x_wconf 89' lang='lat' dir='ltr'>sunt</span> <span class='ocrx_word' id='word_1_64' title='bbox 896 1795 938 1870; x_wconf 94' lang='lat' dir='ltr'>in</span> <span class='ocrx_word' id='word_1_65' title='bbox 951 1802 1145 1894; x_wconf 79' lang='lat' dir='ltr'>potestate</span> <span class='ocrx_word' id='word_1_66' title='bbox 1159 1803 1329 1893; x_wconf 88' lang='lat' dir='ltr'>patrum.</span> 
     </span>
    </p>

    <p class='ocr_par' dir='ltr' id='par_1_11' title="bbox 560 1909 1583 2012">
     <span class='ocr_line' id='line_1_13' title="bbox 560 1909 1583 2012; baseline -0.003 -21"><span class='ocrx_word' id='word_1_67' title='bbox 560 1913 740 2002; x_wconf 78' lang='lat' dir='ltr'>Qualiter</span> <span class='ocrx_word' id='word_1_68' title='bbox 756 1912 977 1990; x_wconf 88' lang='lat' dir='ltr'>dissolvitur</span> <span class='ocrx_word' id='word_1_69' title='bbox 993 1913 1123 2011; x_wconf 88' lang='lat' dir='ltr'>patria</span> <span class='ocrx_word' id='word_1_70' title='bbox 1138 1921 1310 2012; x_wconf 88' lang='lat' dir='ltr'>potestas</span> <span class='ocrx_word' id='word_1_71' title='bbox 1328 1920 1367 1989; x_wconf 88' lang='lat' dir='ltr'>et</span> <span class='ocrx_word' id='word_1_72' title='bbox 1383 1909 1583 1988; x_wconf 93' lang='lat' dir='ltr'>dominica.</span> 
     </span>
    </p>

    <p class='ocr_par' dir='ltr' id='par_1_12' title="bbox 561 2029 1516 2120">
     <span class='ocr_line' id='line_1_14' title="bbox 561 2029 1516 2120; baseline 0 -13"><span class='ocrx_word' id='word_1_73' title='bbox 561 2031 732 2120; x_wconf 89' lang='lat' dir='ltr'>Quidam</span> <span class='ocrx_word' id='word_1_74' title='bbox 747 2040 838 2108; x_wconf 90' lang='lat' dir='ltr'>sunt</span> <span class='ocrx_word' id='word_1_75' title='bbox 852 2031 922 2108; x_wconf 94' lang='lat' dir='ltr'>sub</span> <span class='ocrx_word' id='word_1_76' title='bbox 936 2032 1061 2108; x_wconf 90' lang='lat' dir='ltr'>tutela</span> <span class='ocrx_word' id='word_1_77' title='bbox 1073 2029 1135 2108; x_wconf 86' lang='lat' dir='ltr'>vel</span> <span class='ocrx_word' id='word_1_78' title='bbox 1149 2055 1243 2107; x_wconf 90' lang='lat' dir='ltr'>cura</span> <span class='ocrx_word' id='word_1_79' title='bbox 1256 2031 1317 2106; x_wconf 89' lang='lat' dir='ltr'>vel</span> <span class='ocrx_word' id='word_1_80' title='bbox 1331 2030 1516 2107; x_wconf 89' lang='lat' dir='ltr'>custodia.</span> 
     </span>
    </p>

    <p class='ocr_par' dir='ltr' id='par_1_13' title="bbox 563 2149 1355 2250">
     <span class='ocr_line' id='line_1_15' title="bbox 563 2149 1355 2250; baseline -0.004 -23"><span class='ocrx_word' id='word_1_81' title='bbox 563 2151 646 2227; x_wconf 90' lang='lat' dir='ltr'>Sub</span> <span class='ocrx_word' id='word_1_82' title='bbox 664 2158 857 2250; x_wconf 80' lang='lat' dir='ltr'>potestate</span> <span class='ocrx_word' id='word_1_83' title='bbox 875 2149 1118 2226; x_wconf 89' lang='lat' dir='ltr'>dominorum</span> <span class='ocrx_word' id='word_1_84' title='bbox 1135 2157 1227 2226; x_wconf 89' lang='lat' dir='ltr'>sunt</span> <span class='ocrx_word' id='word_1_85' title='bbox 1244 2150 1355 2226; x_wconf 88' lang='lat' dir='ltr'>servi.</span> 
     </span>
    </p>
   </div>
   <div class='ocr_carea' id='block_1_3' title="bbox 397 2267 2139 2370">
    <p class='ocr_par' dir='ltr' id='par_1_14' title="bbox 397 2267 2139 2370">
     <span class='ocr_line' id='line_1_16' title="bbox 397 2267 2139 2370; baseline -0.001 -22"><span class='ocrx_word' id='word_1_86' title='bbox 397 2270 447 2348; x_wconf 96' lang='lat' dir='ltr'>F.</span> <span class='ocrx_word' id='word_1_87' title='bbox 512 2270 627 2352; x_wconf 81' lang='lat' dir='ltr'>7De</span> <span class='ocrx_word' id='word_1_88' title='bbox 645 2270 835 2348; x_wconf 88' lang='lat' dir='ltr'>dominico</span> <span class='ocrx_word' id='word_1_89' title='bbox 853 2269 998 2346; x_wconf 90' lang='lat' dir='ltr'>domini</span> <span class='ocrx_word' id='word_1_90' title='bbox 1016 2271 1117 2368; x_wconf 83' lang='lat' dir='ltr'>regis</span> <span class='ocrx_word' id='word_1_91' title='bbox 1137 2279 1176 2346; x_wconf 89' lang='lat' dir='ltr'>et</span> <span class='ocrx_word' id='word_1_92' title='bbox 1196 2270 1243 2346; x_wconf 92' lang='lat' dir='ltr'>de</span> <span class='ocrx_word' id='word_1_93' title='bbox 1262 2269 1482 2346; x_wconf 90' lang='lat' dir='ltr'>condicione</span> <span class='ocrx_word' id='word_1_94' title='bbox 1501 2294 1756 2370; x_wconf 84' lang='lat' dir='ltr'>personarum</span> <span class='ocrx_word' id='word_1_95' title='bbox 1774 2267 1989 2347; x_wconf 90' lang='lat' dir='ltr'>tenentium</span> <span class='ocrx_word' id='word_1_96' title='bbox 2132 2359 2139 2368; x_wconf 45' lang='grc'>,</span> 
     </span>
    </p>
   </div>
   <div class='ocr_carea' id='block_1_4' title="bbox 398 2387 1679 3554">
    <p class='ocr_par' dir='ltr' id='par_1_15' title="bbox 398 2387 1679 3554">
     <span class='ocr_line' id='line_1_17' title="bbox 663 2387 1389 2466; baseline -0.001 -1"><span class='ocrx_word' id='word_1_97' title='bbox 663 2389 710 2466; x_wconf 92' lang='lat' dir='ltr'>de</span> <span class='ocrx_word' id='word_1_98' title='bbox 725 2389 932 2466; x_wconf 91' lang='lat' dir='ltr'>dominico:</span> <span class='ocrx_word' id='word_1_99' title='bbox 947 2414 1026 2465; x_wconf 92' lang='lat' dir='ltr'>non</span> <span class='ocrx_word' id='word_1_100' title='bbox 1042 2389 1127 2464; x_wconf 93' lang='lat' dir='ltr'>dico</span> <span class='ocrx_word' id='word_1_101' title='bbox 1143 2387 1193 2464; x_wconf 93' lang='lat' dir='ltr'>de</span> <span class='ocrx_word' id='word_1_102' title='bbox 1207 2387 1389 2465; x_wconf 88' lang='lat' dir='ltr'>manerio.</span> 
     </span>
     <span class='ocr_line' id='line_1_18' title="bbox 564 2506 1446 2605; baseline -0.002 -21"><span class='ocrx_word' id='word_1_103' title='bbox 564 2508 666 2585; x_wconf 90' lang='lat' dir='ltr'>Sunt</span> <span class='ocrx_word' id='word_1_104' title='bbox 681 2507 798 2584; x_wconf 87' lang='lat' dir='ltr'>etiam</span> <span class='ocrx_word' id='word_1_105' title='bbox 811 2507 919 2582; x_wconf 90' lang='lat' dir='ltr'>liberi</span> <span class='ocrx_word' id='word_1_106' title='bbox 934 2507 974 2583; x_wconf 93' lang='lat' dir='ltr'>in</span> <span class='ocrx_word' id='word_1_107' title='bbox 988 2506 1160 2584; x_wconf 86' lang='lat' dir='ltr'>manerio</span> <span class='ocrx_word' id='word_1_108' title='bbox 1175 2507 1319 2584; x_wconf 89' lang='lat' dir='ltr'>domini</span> <span class='ocrx_word' id='word_1_109' title='bbox 1333 2507 1446 2605; x_wconf 85' lang='lat' dir='ltr'>regis.</span> 
     </span>
     <span class='ocr_line' id='line_1_19' title="bbox 564 2623 1545 2728; baseline -0.003 -24"><span class='ocrx_word' id='word_1_110' title='bbox 564 2627 647 2704; x_wconf 90' lang='lat' dir='ltr'>Sub</span> <span class='ocrx_word' id='word_1_111' title='bbox 663 2635 856 2728; x_wconf 84' lang='lat' dir='ltr'>potestate</span> <span class='ocrx_word' id='word_1_112' title='bbox 871 2626 1114 2702; x_wconf 93' lang='lat' dir='ltr'>dominorum</span> <span class='ocrx_word' id='word_1_113' title='bbox 1130 2635 1221 2702; x_wconf 88' lang='lat' dir='ltr'>sunt</span> <span class='ocrx_word' id='word_1_114' title='bbox 1238 2625 1346 2702; x_wconf 92' lang='lat' dir='ltr'>liberi</span> <span class='ocrx_word' id='word_1_115' title='bbox 1362 2623 1545 2702; x_wconf 89' lang='lat' dir='ltr'>homines.</span> 
     </span>
     <span class='ocr_line' id='line_1_20' title="bbox 561 2743 1478 2844; baseline -0.004 -22"><span class='ocrx_word' id='word_1_116' title='bbox 561 2745 627 2822; x_wconf 89' lang='lat' dir='ltr'>De</span> <span class='ocrx_word' id='word_1_117' title='bbox 643 2746 756 2822; x_wconf 90' lang='lat' dir='ltr'>rebus</span> <span class='ocrx_word' id='word_1_118' title='bbox 772 2754 810 2821; x_wconf 90' lang='lat' dir='ltr'>et</span> <span class='ocrx_word' id='word_1_119' title='bbox 827 2770 957 2821; x_wconf 91' lang='lat' dir='ltr'>rerum</span> <span class='ocrx_word' id='word_1_120' title='bbox 972 2743 1173 2821; x_wconf 83' lang='lat' dir='ltr'>divisione:</span> <span class='ocrx_word' id='word_1_121' title='bbox 1190 2745 1317 2844; x_wconf 87' lang='lat' dir='ltr'>prima</span> <span class='ocrx_word' id='word_1_122' title='bbox 1333 2743 1478 2820; x_wconf 91' lang='lat' dir='ltr'>divisio.</span> 
     </span>
     <span class='ocr_line' id='line_1_21' title="bbox 560 2861 904 2955; baseline -0.003 -16"><span class='ocrx_word' id='word_1_123' title='bbox 560 2862 712 2955; x_wconf 78' lang='lat' dir='ltr'>Divisio</span> <span class='ocrx_word' id='word_1_124' title='bbox 727 2861 904 2939; x_wconf 74' lang='lat' dir='ltr'>secunda.</span> 
     </span>
     <span class='ocr_line' id='line_1_22' title="bbox 561 2979 852 3058; baseline 0.003 -1"><span class='ocrx_word' id='word_1_125' title='bbox 561 2979 713 3057; x_wconf 84' lang='lat' dir='ltr'>Divisio</span> <span class='ocrx_word' id='word_1_126' title='bbox 725 2979 852 3058; x_wconf 89' lang='lat' dir='ltr'>tertia.</span> 
     </span>
     <span class='ocr_line' id='line_1_23' title="bbox 562 3099 1181 3188; baseline -0.002 -13"><span class='ocrx_word' id='word_1_127' title='bbox 562 3099 752 3188; x_wconf 75' lang='lat' dir='ltr'>Quaedam</span> <span class='ocrx_word' id='word_1_128' title='bbox 767 3123 827 3175; x_wconf 91' lang='lat' dir='ltr'>res</span> <span class='ocrx_word' id='word_1_129' title='bbox 844 3108 934 3176; x_wconf 92' lang='lat' dir='ltr'>sunt</span> <span class='ocrx_word' id='word_1_130' title='bbox 950 3123 1181 3175; x_wconf 89' lang='lat' dir='ltr'>communes.</span> 
     </span>
     <span class='ocr_line' id='line_1_24' title="bbox 398 3218 943 3319; baseline -0.002 -23"><span class='ocrx_word' id='word_1_131' title='bbox 398 3218 448 3296; x_wconf 94' lang='lat' dir='ltr'>F.</span> <span class='ocrx_word' id='word_1_132' title='bbox 512 3226 535 3296; x_wconf 83' lang='grc'>8</span> <span class='ocrx_word' id='word_1_133' title='bbox 562 3218 752 3307; x_wconf 77' lang='lat' dir='ltr'>Quaedam</span> <span class='ocrx_word' id='word_1_134' title='bbox 770 3218 943 3319; x_wconf 74' lang='lat' dir='ltr'>publice.</span> 
     </span>
     <span class='ocr_line' id='line_1_25' title="bbox 561 3336 1039 3425; baseline -0.002 -12"><span class='ocrx_word' id='word_1_135' title='bbox 561 3336 752 3425; x_wconf 82' lang='lat' dir='ltr'>Quoedam</span> <span class='ocrx_word' id='word_1_136' title='bbox 769 3336 1039 3413; x_wconf 86' lang='lat' dir='ltr'>universitatis.</span> 
     </span>
     <span class='ocr_line' id='line_1_26' title="bbox 562 3452 1679 3554; baseline 0.001 -24"><span class='ocrx_word' id='word_1_137' title='bbox 562 3454 751 3543; x_wconf 75' lang='lat' dir='ltr'>Quadam</span> <span class='ocrx_word' id='word_1_138' title='bbox 766 3479 881 3532; x_wconf 78' lang='lat' dir='ltr'>sacrae</span> <span class='ocrx_word' id='word_1_139' title='bbox 896 3465 934 3532; x_wconf 92' lang='lat' dir='ltr'>et</span> <span class='ocrx_word' id='word_1_140' title='bbox 948 3453 1233 3554; x_wconf 75' lang='lat' dir='ltr'>religioseque</span> <span class='ocrx_word' id='word_1_141' title='bbox 1247 3463 1339 3533; x_wconf 92' lang='lat' dir='ltr'>sunt</span> <span class='ocrx_word' id='word_1_142' title='bbox 1353 3452 1425 3532; x_wconf 90' lang='lat' dir='ltr'>deo</span> <span class='ocrx_word' id='word_1_143' title='bbox 1440 3465 1679 3533; x_wconf 77' lang='lat' dir='ltr'>consecrate.</span> 
     </span>
    </p>
   </div>
   <div class='ocr_carea' id='block_1_5' title="bbox 399 3572 1987 5452">
    <p class='ocr_par' dir='ltr' id='par_1_16' title="bbox 399 3572 1987 5452">
     <span class='ocr_line' id='line_1_27' title="bbox 562 3572 1017 3671; baseline -0.007 -21"><span class='ocrx_word' id='word_1_144' title='bbox 562 3573 752 3663; x_wconf 71' lang='lat' dir='ltr'>Quaedam</span> <span class='ocrx_word' id='word_1_145' title='bbox 766 3572 1017 3671; x_wconf 80' lang='lat' dir='ltr'>singulomm.</span> 
     </span>
     <span class='ocr_line' id='line_1_28' title="bbox 562 3677 919 3781; baseline -0.014 -9"><span class='ocrx_word' id='word_1_146' title='bbox 562 3677 752 3781; x_wconf 76' lang='lat' dir='ltr'>Quadam</span> <span class='ocrx_word' id='word_1_147' title='bbox 766 3691 919 3769; x_wconf 89' lang='lat' dir='ltr'>nullius.</span> 
     </span>
     <span class='ocr_line' id='line_1_29' title="bbox 561 3806 1986 3910; baseline 0.001 -24"><span class='ocrx_word' id='word_1_148' title='bbox 561 3810 742 3899; x_wconf 89' lang='lat' dir='ltr'>Qualiter</span> <span class='ocrx_word' id='word_1_149' title='bbox 758 3809 928 3887; x_wconf 93' lang='lat' dir='ltr'>dominia</span> <span class='ocrx_word' id='word_1_150' title='bbox 943 3834 1074 3886; x_wconf 90' lang='lat' dir='ltr'>rerum</span> <span class='ocrx_word' id='word_1_151' title='bbox 1091 3806 1349 3908; x_wconf 82' lang='lat' dir='ltr'>adquinmtur</span> <span class='ocrx_word' id='word_1_152' title='bbox 1367 3811 1415 3887; x_wconf 94' lang='lat' dir='ltr'>de</span> <span class='ocrx_word' id='word_1_153' title='bbox 1432 3809 1515 3887; x_wconf 89' lang='lat' dir='ltr'>iure</span> <span class='ocrx_word' id='word_1_154' title='bbox 1533 3809 1703 3887; x_wconf 75' lang='lat' dir='ltr'>natiuali</span> <span class='ocrx_word' id='word_1_155' title='bbox 1719 3809 1782 3888; x_wconf 90' lang='lat' dir='ltr'>vel</span> <span class='ocrx_word' id='word_1_156' title='bbox 1800 3811 1986 3910; x_wconf 80' lang='lat' dir='ltr'>gentium.</span> 
     </span>
     <span class='ocr_line' id='line_1_30' title="bbox 560 3928 888 4008; baseline -0.009 -1"><span class='ocrx_word' id='word_1_157' title='bbox 560 3930 627 4008; x_wconf 90' lang='lat' dir='ltr'>De</span> <span class='ocrx_word' id='word_1_158' title='bbox 642 3929 734 4007; x_wconf 81' lang='lat' dir='ltr'>feris</span> <span class='ocrx_word' id='word_1_159' title='bbox 749 3928 888 4006; x_wconf 88' lang='lat' dir='ltr'>bestiis.</span> 
     </span>
     <span class='ocr_line' id='line_1_31' title="bbox 560 4045 1428 4148; baseline -0.005 -22"><span class='ocrx_word' id='word_1_160' title='bbox 560 4048 626 4126; x_wconf 94' lang='lat' dir='ltr'>De</span> <span class='ocrx_word' id='word_1_161' title='bbox 642 4047 864 4148; x_wconf 85' lang='lat' dir='ltr'>piscatione,</span> <span class='ocrx_word' id='word_1_162' title='bbox 881 4045 1095 4136; x_wconf 87' lang='lat' dir='ltr'>venatione,</span> <span class='ocrx_word' id='word_1_163' title='bbox 1113 4045 1428 4147; x_wconf 83' lang='lat' dir='ltr'>apprehensione.</span> 
     </span>
     <span class='ocr_line' id='line_1_32' title="bbox 561 4165 1049 4266; baseline -0.004 -23"><span class='ocrx_word' id='word_1_164' title='bbox 561 4167 672 4266; x_wconf 88' lang='lat' dir='ltr'>Apes</span> <span class='ocrx_word' id='word_1_165' title='bbox 686 4191 774 4243; x_wconf 91' lang='lat' dir='ltr'>cum</span> <span class='ocrx_word' id='word_1_166' title='bbox 787 4165 1049 4242; x_wconf 91' lang='lat' dir='ltr'>includuntur.</span> 
     </span>
     <span class='ocr_line' id='line_1_33' title="bbox 399 4283 1206 4364; baseline -0.005 0"><span class='ocrx_word' id='word_1_167' title='bbox 399 4287 449 4364; x_wconf 92' lang='lat' dir='ltr'>F.</span> <span class='ocrx_word' id='word_1_168' title='bbox 512 4295 544 4364; x_wconf 83' lang='lat'>9·</span> <span class='ocrx_word' id='word_1_169' title='bbox 562 4286 627 4363; x_wconf 90' lang='lat' dir='ltr'>De</span> <span class='ocrx_word' id='word_1_170' title='bbox 640 4285 850 4362; x_wconf 83' lang='lat' dir='ltr'>mansuetis</span> <span class='ocrx_word' id='word_1_171' title='bbox 864 4285 993 4361; x_wconf 92' lang='lat' dir='ltr'>bestiis</span> <span class='ocrx_word' id='word_1_172' title='bbox 1009 4295 1047 4362; x_wconf 92' lang='lat' dir='ltr'>et</span> <span class='ocrx_word' id='word_1_173' title='bbox 1062 4283 1206 4361; x_wconf 86' lang='lat' dir='ltr'>avibus.</span> 
     </span>
     <span class='ocr_line' id='line_1_34' title="bbox 562 4403 1445 4502; baseline -0.002 -22"><span class='ocrx_word' id='word_1_174' title='bbox 562 4404 797 4502; x_wconf 89' lang='lat' dir='ltr'>Adquiritur</span> <span class='ocrx_word' id='word_1_175' title='bbox 811 4405 894 4480; x_wconf 92' lang='lat' dir='ltr'>iure</span> <span class='ocrx_word' id='word_1_176' title='bbox 908 4403 1084 4501; x_wconf 85' lang='lat' dir='ltr'>gentium</span> <span class='ocrx_word' id='word_1_177' title='bbox 1098 4427 1170 4502; x_wconf 90' lang='lat' dir='ltr'>per</span> <span class='ocrx_word' id='word_1_178' title='bbox 1184 4403 1445 4479; x_wconf 81' lang='lat' dir='ltr'>accessionem.</span> 
     </span>
     <span class='ocr_line' id='line_1_35' title="bbox 561 4520 1987 4620; baseline 0 -20"><span class='ocrx_word' id='word_1_179' title='bbox 561 4524 627 4601; x_wconf 89' lang='lat' dir='ltr'>De</span> <span class='ocrx_word' id='word_1_180' title='bbox 647 4522 858 4599; x_wconf 88' lang='lat' dir='ltr'>accessione</span> <span class='ocrx_word' id='word_1_181' title='bbox 879 4547 962 4620; x_wconf 85' lang='lat' dir='ltr'>quae</span> <span class='ocrx_word' id='word_1_182' title='bbox 982 4521 1029 4596; x_wconf 87' lang='lat' dir='ltr'>fit</span> <span class='ocrx_word' id='word_1_183' title='bbox 1050 4520 1218 4598; x_wconf 84' lang='lat' dir='ltr'>humana</span> <span class='ocrx_word' id='word_1_184' title='bbox 1240 4530 1381 4597; x_wconf 85' lang='lat' dir='ltr'>natura</span> <span class='ocrx_word' id='word_1_185' title='bbox 1402 4529 1588 4620; x_wconf 88' lang='lat' dir='ltr'>operante</span> <span class='ocrx_word' id='word_1_186' title='bbox 1609 4545 1681 4620; x_wconf 89' lang='lat' dir='ltr'>per</span> <span class='ocrx_word' id='word_1_187' title='bbox 1704 4521 1987 4600; x_wconf 83' lang='lat' dir='ltr'>adiunctionem</span> 
     </span>
     <span class='ocr_line' id='line_1_36' title="bbox 663 4639 885 4740; baseline -0.009 -22"><span class='ocrx_word' id='word_1_188' title='bbox 663 4639 885 4740; x_wconf 90' lang='lat' dir='ltr'>specierum.</span> 
     </span>
     <span class='ocr_line' id='line_1_37' title="bbox 399 4758 1793 4860; baseline -0.002 -19"><span class='ocrx_word' id='word_1_189' title='bbox 399 4764 449 4842; x_wconf 91' lang='lat' dir='ltr'>F.</span> <span class='ocrx_word' id='word_1_190' title='bbox 489 4772 537 4840; x_wconf 90' lang='lat'>10</span> <span class='ocrx_word' id='word_1_191' title='bbox 562 4762 629 4839; x_wconf 94' lang='lat' dir='ltr'>De</span> <span class='ocrx_word' id='word_1_192' title='bbox 642 4761 852 4838; x_wconf 87' lang='lat' dir='ltr'>accessione</span> <span class='ocrx_word' id='word_1_193' title='bbox 865 4786 950 4858; x_wconf 82' lang='lat' dir='ltr'>quae</span> <span class='ocrx_word' id='word_1_194' title='bbox 961 4759 1008 4835; x_wconf 86' lang='lat' dir='ltr'>fit</span> <span class='ocrx_word' id='word_1_195' title='bbox 1022 4758 1151 4835; x_wconf 86' lang='lat' dir='ltr'>divina</span> <span class='ocrx_word' id='word_1_196' title='bbox 1163 4767 1305 4835; x_wconf 86' lang='lat' dir='ltr'>natura</span> <span class='ocrx_word' id='word_1_197' title='bbox 1318 4767 1357 4836; x_wconf 89' lang='lat' dir='ltr'>et</span> <span class='ocrx_word' id='word_1_198' title='bbox 1369 4758 1539 4836; x_wconf 91' lang='lat' dir='ltr'>humana</span> <span class='ocrx_word' id='word_1_199' title='bbox 1551 4769 1793 4860; x_wconf 86' lang='lat' dir='ltr'>cooperante.</span> 
     </span>
     <span class='ocr_line' id='line_1_38' title="bbox 563 4877 1452 4978; baseline -0.001 -22"><span class='ocrx_word' id='word_1_200' title='bbox 563 4881 666 4958; x_wconf 88' lang='lat' dir='ltr'>Item</span> <span class='ocrx_word' id='word_1_201' title='bbox 682 4879 940 4977; x_wconf 86' lang='lat' dir='ltr'>adquiruntur&#39;</span> <span class='ocrx_word' id='word_1_202' title='bbox 956 4903 1017 4954; x_wconf 90' lang='lat' dir='ltr'>res</span> <span class='ocrx_word' id='word_1_203' title='bbox 1033 4903 1105 4977; x_wconf 91' lang='lat' dir='ltr'>per</span> <span class='ocrx_word' id='word_1_204' title='bbox 1120 4877 1452 4978; x_wconf 86' lang='lat' dir='ltr'>specificationem.</span> 
     </span>
     <span class='ocr_line' id='line_1_39' title="bbox 563 4995 1041 5097; baseline -0.004 -23"><span class='ocrx_word' id='word_1_205' title='bbox 563 4999 667 5076; x_wconf 89' lang='lat' dir='ltr'>Item</span> <span class='ocrx_word' id='word_1_206' title='bbox 681 5023 752 5097; x_wconf 92' lang='lat' dir='ltr'>per</span> <span class='ocrx_word' id='word_1_207' title='bbox 766 4995 1041 5072; x_wconf 80' lang='lat' dir='ltr'>confusionem.</span> 
     </span>
     <span class='ocr_line' id='line_1_40' title="bbox 563 5114 1038 5215; baseline -0.006 -22"><span class='ocrx_word' id='word_1_208' title='bbox 563 5117 667 5193; x_wconf 88' lang='lat' dir='ltr'>Item</span> <span class='ocrx_word' id='word_1_209' title='bbox 683 5142 754 5215; x_wconf 90' lang='lat' dir='ltr'>per</span> <span class='ocrx_word' id='word_1_210' title='bbox 769 5114 1038 5192; x_wconf 87' lang='lat' dir='ltr'>inventionem.</span> 
     </span>
     <span class='ocr_line' id='line_1_41' title="bbox 562 5232 1098 5311; baseline -0.006 0"><span class='ocrx_word' id='word_1_211' title='bbox 562 5235 666 5311; x_wconf 92' lang='lat' dir='ltr'>Item</span> <span class='ocrx_word' id='word_1_212' title='bbox 680 5260 728 5310; x_wconf 87' lang='lat' dir='ltr'>ex</span> <span class='ocrx_word' id='word_1_213' title='bbox 742 5258 858 5309; x_wconf 88' lang='lat' dir='ltr'>causa</span> <span class='ocrx_word' id='word_1_214' title='bbox 871 5232 1098 5309; x_wconf 86' lang='lat' dir='ltr'>donationis.</span> 
     </span>
     <span class='ocr_line' id='line_1_42' title="bbox 562 5348 1707 5452; baseline -0.001 -23"><span class='ocrx_word' id='word_1_215' title='bbox 562 5353 649 5429; x_wconf 87' lang='lat' dir='ltr'>Ista</span> <span class='ocrx_word' id='word_1_216' title='bbox 666 5352 862 5452; x_wconf 89' lang='lat' dir='ltr'>pertinent</span> <span class='ocrx_word' id='word_1_217' title='bbox 879 5353 930 5427; x_wconf 87' lang='lat' dir='ltr'>ad</span> <span class='ocrx_word' id='word_1_218' title='bbox 945 5350 1148 5427; x_wconf 87' lang='lat' dir='ltr'>materiam</span> <span class='ocrx_word' id='word_1_219' title='bbox 1165 5375 1283 5450; x_wconf 86' lang='lat' dir='ltr'>supra</span> <span class='ocrx_word' id='word_1_220' title='bbox 1301 5348 1349 5427; x_wconf 96' lang='lat' dir='ltr'>de</span> <span class='ocrx_word' id='word_1_221' title='bbox 1366 5374 1497 5426; x_wconf 89' lang='lat' dir='ltr'>rerum</span> <span class='ocrx_word' id='word_1_222' title='bbox 1513 5350 1707 5428; x_wconf 88' lang='lat' dir='ltr'>divisione.</span> 
     </span>
    </p>
   </div>
   <div class='ocr_carea' id='block_1_6' title="bbox 0 0 2202 6340">
    <p class='ocr_par' dir='ltr' id='par_1_17' title="bbox 0 0 2202 6340">
     <span class='ocr_line' id='line_1_43' title="bbox 0 0 2202 6340; baseline 0 0"><span class='ocrx_word' id='word_1_223' title='bbox 0 0 2202 6340; x_wconf 95' lang='lat' dir='ltr'> </span> 
     </span>
    </p>
   </div>
  </div>
 </body>
</html>
