4374 6366
361 439 435 507 418
893 431 1116 493 BBACTON:
1138 431 1200 492 DE
1224 431 1416 494 LEGIBUS

362 581 404 658 in
419 581 553 670 forcia,
570 580 626 658 ita
642 581 746 680 quod
762 579 888 658 tenuit
906 607 991 658 eam
1009 580 1101 657 dum
1119 581 1221 658 idem
1238 582 1287 657 Β.
1307 581 1466 659 abstulit
1484 582 1518 659 ei
1536 581 1782 681 pucelagium
1800 582 1952 670 suum,⁸'

362 700 423 776 vel
446 697 577 799 quod⁶⁸
600 698 805 776 concubuit
828 723 916 775 cum
939 724 984 776 ea
1007 707 1214 798 postquam
1237 709 1415 789 etcetera,
1440 700 1501 776 vel
1526 700 1603 777 fuit
1627 701 1667 776 in
1692 701 1835 778 auxilio
1860 728 1951 800 quo

362 842 537 917 cumque.
552 818 611 894 Et
624 817 727 916 quod
740 818 812 893 hoc
826 817 919 894 fecit
932 817 1108 915 nequiter
1122 827 1161 894 et
1176 818 1217 893 in
1232 818 1387 907 felonia,
1402 818 1521 895 offert
1535 819 1701 918 probare
1716 845 1848 896 versus
1864 845 1952 896 eum

363 935 461 1013 sicut
484 934 618 1011 curia⁶⁴
643 934 950 1012 consideraverit.
975 936 1034 1012 Et
1059 960 1136 1034 quo
1161 961 1251 1012 casu
1275 937 1419 1035 poterit
1444 936 1664 1035 appellatus
1690 962 1760 1036 per
1785 938 1952 1037 patriam

363 1053 564 1131 deliberari
581 1054 642 1130 vel
658 1052 842 1142 convinci,
858 1053 947 1131 licet
963 1054 1185 1154 principalis
1203 1054 1409 1131 damnatus
1426 1055 1608 1130 extiterit.

463 1173 642 1250 Addit-io.

366 1291 583 1382 <Barrus
597 1289 793 1366 mulieris⁶⁶
808 1315 858 1366 ne
872 1290 942 1368 fiat
957 1290 1133 1367 defendit
1147 1299 1229 1366 tam
1244 1290 1308 1367 lex
1323 1289 1491 1367 humana
1507 1316 1623 1388 quam
1640 1290 1781 1367 divina.
1798 1289 1885 1366 Et⁵⁸
1901 1291 1953 1368 sic

364 1407 469 1485 fuit⁸²
490 1409 702 1507 antiquitus
722 1409 978 1497 observatum,
1000 1409 1104 1507 quod
1123 1410 1155 1484 si
1174 1407 1258 1507 quis
1279 1408 1464 1486 obiaverit
1484 1409 1635 1485 mulieri
1655 1409 1717 1484 vel
1738 1409 1875 1485 alicubi
1896 1409 1952 1484 in·

363 1526 523 1616 venerit,
543 1525 602 1604 si³⁸
621 1527 701 1604 sola
720 1527 781 1603 vel
800 1525 919 1603 socios
938 1527 1115 1604 habuerit
1135 1552 1223 1604 cum
1243 1551 1337 1626 pace
1357 1527 1528 1603 dimittat
1549 1552 1645 1615 eam,
1667 1524 1811 1625 quam⁶⁹
1833 1527 1864 1602 si
1884 1551 1954 1625 per

363 1645 643 1722 inhonestatem
660 1645 843 1745 tetigerit,
861 1644 1010 1744 frangit
1028 1646 1194 1721 edictum
1212 1645 1325 1744 regis,
1341 1655 1380 1721 et
1397 1643 1615 1720 emendabit
1631 1645 1841 1721 secundum
1858 1643 1954 1720 iudi·

364 1764 465 1840 cium
485 1764 701 1842 comitatus.
724 1764 767 1839 Si
789 1773 918 1841 autem
939 1773 1074 1841 contra
1094 1762 1334 1840 voluntatem
1354 1763 1434 1840 eius
1455 1762 1598 1840 iactet⁸⁰
1620 1787 1706 1839 eam
1727 1763 1777 1838 ad
1798 1771 1954 1848 terram,

365 1882 581 1959 forisfaciat
595 1882 763 1980 gratiam
776 1907 903 1958 suam:
918 1882 1021 1980 quod
1036 1883 1068 1957 si
1082 1881 1273 1980 impudice
1287 1878 1613 1980 discooperuerit⁸¹
1629 1905 1715 1957 eam
1729 1888 1769 1956 et
1784 1905 1824 1957 se
1839 1904 1956 1977 super

365 2027 451 2078 eam
476 2002 659 2101 posuerit,
686 2001 857 2077 omnium
882 2000 1165 2099 possessionum
1191 2024 1348 2076 suarum
1373 1998 1535 2076 incurrit
1562 1998 1764 2074 damnum:
1792 1998 1896 2096 quod
1924 1997 1954 2072 si

364 2118 612 2195 concubuerit
629 2142 718 2195 cum
735 2145 792 2207 ea,
811 2118 859 2195 de
877 2118 959 2195 vita
976 2128 1015 2196 et
1033 2117 1212 2194 membris
1231 2118 1308 2194 suis
1329 2117 1490 2193 incurrit
1509 2118 1705 2193 damnum.
1727 2115 1953 2191 Adelstane.

365 2235 394 2312 f.
411 2235 530 2330 147b]
585 2235 723 2332 Lege⁸²
738 2236 1015 2324 Romanorum,
1033 2236 1287 2323 Francorum,
1302 2245 1341 2313 et
1356 2235 1591 2332 Anglorum,
1606 2260 1726 2333 equus
1742 2233 1823 2310 eius
1839 2233 1954 2310 etiam

366 2355 416 2430 ad
436 2354 601 2430 dedecus
622 2378 735 2429 suum
756 2351 1074 2429 dedecorabitur⁰⁸
1098 2351 1290 2451 desuper⁸⁴
1313 2351 1496 2441 ballenro,
1520 2362 1560 2429 et
1581 2351 1706 2429 cauda
1727 2377 1843 2452 quam
1866 2377 1954 2450 pro-

366 2471 455 2571 pius
477 2469 630 2548 natibus
653 2469 795 2546 abscidi
819 2468 1002 2569 poterit.⁸⁶
1026 2471 1144 2554 Canis
1169 2471 1199 2546 si
1223 2495 1350 2547 secum
1373 2470 1500 2558 habet,
1524 2470 1738 2570 leporarius
1761 2470 1822 2546 vel
1846 2470 1954 2558 alius,

367 2590 502 2665 eodem
527 2589 643 2664 modo
669 2585 1001 2664 dedecorabitur.⁸⁸
1030 2588 1073 2663 si
1100 2586 1241 2664 habet⁰'
1270 2587 1538 2686 ancipitrem,⁸⁸
1566 2589 1706 2687 perdat
1733 2588 1889 2664 beccum
1917 2597 1956 2664 et

367 2705 546 2805 ungues⁸⁹
560 2715 599 2782 et
615 2707 788 2783 caudam.
807 2708 932 2782 Terra
946 2732 1037 2783 vero
1054 2716 1092 2784 et
1108 2706 1299 2805 pecunia⁷⁰
1314 2731 1432 2805 quam
1448 2707 1529 2805 ipse
1547 2715 1683 2806 raptor
1700 2706 1869 2804 perdidit
1885 2731 1957 2805 pro

367 2851 438 2902 sua
452 2824 709 2902 misericordia
725 2825 881 2901 dabitur
895 2824 1057 2913 mulieri,
1073 2825 1347 2902 warantizante
1364 2825 1434 2902 sibi
1450 2825 1578 2902 omnia
1594 2850 1696 2922 rege.
1715 2825 1774 2901 Et
1791 2824 1821 2900 si
1837 2848 1956 2900 mere

367 2944 446 3021 trix
469 2943 589 3021 fuerit
611 2953 712 3032 ante,
736 2953 829 3020 tunc
851 2968 930 3018 non
952 2943 1056 3020 fuit²¹
1079 2943 1274 3031 meretrix,
1298 2968 1387 3019 cum
1408 2941 1587 3041 nequitiae
1610 2943 1690 3019 eius
1714 2941 1958 3019 reclamando

367 3061 609 3138 consentire²²
625 3060 759 3137 noluit.
778 3061 896 3151 Quod
914 3059 1070 3136 autem'³
1086 3062 1202 3137 modo
1218 3061 1320 3138 fiunt
1335 3062 1510 3161 quaedam
1529 3059 1843 3158 dispensationes,
1862 3059 1958 3136 scili·

367 3192 429 3260 cet
441 3183 546 3281 quod
559 3183 632 3280 ipsi
647 3191 823 3281 raptores
837 3181 1031 3280 accipiunt
1043 3180 1234 3258 violatasu
1248 3183 1288 3258 in
1301 3179 1600 3268 matrimonium,
1615 3205 1694 3255 non
1709 3177 1793 3256 est⁷⁶
1810 3181 1859 3256 de
1873 3179 1959 3276 lege

369 3302 436 3377 sed
454 3301 503 3376 de
519 3300 767 3399 permissione
785 3308 925 3376 sanctae
944 3298 1106 3375 ecclesiae
1124 3309 1163 3377 et
1181 3299 1294 3397 regis.
1315 3299 1372 3375 Et
1390 3299 1456 3374 illa
1474 3297 1674 3397 permissio
1694 3297 1809 3374 solius
1828 3296 1959 3394 regis'⁸

368 3418 485 3496 estin
501 3444 633 3517 regno.
652 3418 710 3496 Et
729 3415 880 3517 primd'
900 3416 1095 3494 surrexit'⁸
1113 3419 1153 3492 in
1172 3417 1340 3493 Francia
1358 3442 1430 3515 pro
1449 3415 1615 3515 quodam
1634 3415 1771 3492 comite
1791 3416 1856 3513 qui
1873 3414 1959 3492 hos·

368 3538 517 3636 pitatus
539 3545 597 3613 est
620 3536 812 3634 quendam
835 3536 1082 3613 ioculatorem
1105 3561 1193 3611 cum
1216 3561 1336 3611 uxore
1360 3561 1429 3612 sua
1453 3533 1654 3633 pulchra.⁷⁹
1679 3534 1770 3624 Quo
1793 3540 1958 3622 mortuo,

370 3655 473 3755 quali
491 3662 615 3731 morte
632 3680 712 3730 non
727 3679 906 3731 curamus
924 3654 1109 3742 evolvere,
1128 3654 1210 3752 ipse
1229 3651 1410 3752 quidem⁸⁰
1429 3678 1553 3729 comes
1571 3652 1706 3728 babuit
1725 3676 1810 3726 eam
1829 3649 1959 3727 nolen-

368 3783 459 3849 tem.
475 3774 570 3872 Ipsa
584 3773 684 3849 enim
696 3773 863 3871 quadam
876 3781 987 3849 nocte
1001 3773 1119 3850 exivit
1134 3797 1157 3847 a
1170 3771 1337 3860 castello,
1351 3779 1390 3847 et
1403 3771 1559 3868 fugiens
1572 3770 1677 3847 venit
1692 3768 1851 3845 Parisiis
1864 3765 1958 3842 ubi⁸²

369 3891 516 3967 invenit
533 3915 665 3988 regem
683 3889 912 3979 Robertum,
932 3916 1016 3989 quar
1034 3890 1173 3967 cadens
1193 3891 1243 3966 ad
1262 3890 1379 3988 pedes
1399 3888 1479 3965 eius
1499 3889 1672 3965 narravit
1692 3895 1873 3964 eventum
1893 3886 1959 3961 rei.

371 4009 503 4098 Quam
514 4018 559 4084 ut
572 4034 640 4084 rex
655 4009 813 4097 audivit,
827 4008 930 4086 misit
944 4017 1107 4107 propter
1120 4007 1317 4107 episcopos
1331 4015 1370 4083 et
1384 4007 1545 4082 barones
1560 4007 1626 4105 qui
1639 4016 1733 4083 tunc
1747 4014 1858 4081 erant
1873 4029 1960 4079 cum

372 4152 416 4202 eo
435 4128 486 4203 ad
504 4125 661 4214 curiam,
681 4136 720 4204 et
740 4126 923 4227 pracepit
941 4125 1092 4202 mulieri
1111 4135 1154 4202 ut
1174 4133 1352 4201 narraret
1371 4125 1424 4202 eis
1444 4125 1573 4201 omnia
1593 4124 1691 4200 sicut
1711 4122 1782 4200 sibi
1803 4123 1961 4210 fecerat,

371 4244 475 4345 quod
491 4255 529 4323 et
543 4245 629 4344 ipsa
642 4244 745 4321 fecit.
762 4245 850 4322 Rex
866 4253 995 4321 autem
1010 4244 1167 4321 consilio
1181 4243 1450 4342 episcoporum
1465 4253 1503 4319 et
1519 4242 1707 4318 baronum
1722 4240 1827 4316 misit
1843 4264 1960 4339 prop-

372 4449 491 4525 ¹⁵⁸Om.,
525 4451 594 4525 OB,
628 4451 705 4525 MA,
739 4450 815 4511 ΜΒ.
869 4449 993 4511 “curia
1025 4451 1141 4511 domini
1174 4453 1268 4529 regis,
1303 4450 1372 4525 OB,
1407 4448 1483 4523 MA,
1519 4448 1595 4522 ΜΒ,
1630 4447 1694 4507 CE.
1752 4443 1962 4518 aniierum,

372 4551 442 4625 OA,
466 4551 533 4626 00,
558 4551 636 4622 MG,
661 4552 734 4612 CM.
781 4549 940 4626 ¹⁵⁸·⁸⁷Om.,
964 4551 1040 4624 CM,
1064 4551 1133 4626 OB,
1160 4553 1235 4627 MA,
1262 4552 1337 4612 ΜΒ.
1384 4548 1504 4625 ⁸⁷Om,
1530 4549 1608 4623 MG,
1633 4549 1699 4610 00.
1748 4545 1866 4622 ³⁸Om.,
1892 4545 1962 4618 OB,

372 4649 447 4711 ΜΒ.
485 4647 616 4728 ¹⁵⁸quod,
632 4652 701 4726 OA,
717 4651 801 4724 MG,
817 4653 899 4730 qnia,
915 4651 981 4714 00.
1019 4649 1163 4725 ”iactat
1179 4652 1249 4727 OA,
1265 4652 1343 4726 MG,
1360 4651 1427 4714 00.
1466 4649 1723 4728 ”discooperuit
1740 4649 1780 4724 V,
1797 4648 1866 4722 OA,
1884 4649 1962 4724 MG,

372 4752 447 4814 CM.
488 4749 515 4786 θ’
526 4771 611 4831 rege,
631 4752 698 4826 00,
719 4752 800 4824 ΜΑ;
825 4751 881 4830 (dc
900 4759 1018 4814 statuto
1038 4753 1118 4831 lege,
1139 4752 1235 4830 MG).
1279 4751 1523 4829 ⁸'decorabitnn
1544 4753 1583 4828 V,
1604 4751 1672 4828 OE,
1692 4751 1761 4813 OB.
1804 4746 1963 4824 ⁸⁴¹⁸⁸Om.‚

372 4852 442 4930 OB,
467 4853 544 4930 MA,
569 4854 645 4929 ΜΒ,
670 4854 736 4916 οΕ.
783 4851 810 4888 ⁸⁸
821 4861 935 4932 potest,
961 4853 1039 4928 MG,
1064 4854 1130 4916 00.
1178 4851 1369 4914 ⁶'·⁸⁸habeat
1394 4857 1570 4932 ancipitem,
1596 4853 1666 4929 OB,
1692 4852 1768 4926 MA,
1796 4852 1872 4928 ΜΒ,
1899 4852 1962 4913 CM

376 4953 401 5031 (.
425 4998 433 5015 .
456 4999 463 5016 .
486 4954 596 5034 trem).
632 4952 660 4989 ⁸’
670 4974 789 5034 ungues
805 4954 929 5033 pedum,
946 4954 985 5030 V,
1001 4953 1076 5028 OA;
1093 4973 1211 5033 ungues
1229 4955 1328 5032 pedis,
1345 4956 1401 5018 00
1409 4978 1418 5028 ;
1436 4973 1554 5033 ungues
1572 4953 1692 5033 pedem,
1710 4954 1786 5015 MG.
1826 4951 1852 4986 '⁰
1864 4956 1962 5013 omnis

372 5061 514 5136 pecnnia,
536 5058 576 5134 V,
597 5056 666 5134 OA,
688 5057 756 5133 00,
779 5057 856 5119 MG.
901 5055 1046 5131 ²²fuerit,
1069 5056 1145 5131 ΜΒ,
1167 5057 1236 5119 ΟΒ.
1280 5054 1477 5130 τ’01)ειοιιῑίτί,
1499 5056 1569 5130 OA,
1592 5055 1664 5129 CE;
1689 5053 1855 5130 obsentire,
1879 5054 1962 5126 Μῦς

372 5156 504 5236 obsenti,
524 5159 590 5220 00.
631 5157 748 5232 ”οιιω,
769 5157 837 5233 00,
857 5158 933 5220 Μο.
975 5156 1177 5234 uviolentas,
1198 5157 1266 5232 00,
1286 5156 1362 5219 Μο.
1406 5155 1525 5233 '‘Om,
1546 5158 1614 5233 00,
1635 5157 1712 5219 Μο.
1755 5154 1874 5232 ²⁸0m.,
1896 5155 1962 5230 00,

373 5259 450 5321 MG.
491 5256 556 5294 '''''
567 5264 655 5338 prius
675 5263 824 5338 suspexit,
844 5259 921 5334 MG,
939 5261 995 5323 00
1019 5258 1189 5337 (supexit).
1230 5256 1257 5293 '⁰
1269 5257 1468 5336 propnlchra,
1487 5259 1532 5332 V;
1552 5257 1771 5336 pulcherrima,
1791 5259 1872 5330 MB;
1893 5277 1963 5331 om,

373 5360 452 5435 MG,
468 5361 532 5424 00.
571 5359 701 5436 ⁸⁰enim,
717 5362 787 5438 ΟΒ,
803 5362 880 5437 MA,
896 5360 973 5437 ΜΒ,
990 5360 1055 5422 οΕ.
1094 5358 1120 5394 ⁸²
1132 5368 1164 5421 et
1179 5358 1234 5434 ibi,
1251 5361 1327 5436 MA,
1346 5361 1421 5436 ΜΒ,
1439 5360 1496 5422 ΟΒ
1518 5357 1618 5436 (ubi).
