4392 6352
767 513 828 573 DE
852 513 1055 574 PLACITIS
1079 512 1267 574 CORONAE
1741 520 1815 589 329

325 665 390 742 Dc
407 672 646 740 sacramento
664 665 865 742 duodecim
883 663 1048 740 militam
1066 664 1274 742 electorum
1292 664 1343 742 od
1360 663 1563 741 dicendum
1582 663 1817 742 oeredictom

325 782 523 881 implacita
537 807 698 860 coroooe.
1177 869 1179 874 ,

226 901 351 976 Hoc¹²
365 902 506 977 auditis
518 901 711 978 iustitiarii
724 903 827 999 quod
840 901 1042 978 veritatem
1054 901 1179 977 dicam
1192 904 1239 978 de
1252 902 1323 978 hoc
1336 903 1439 1000 quod
1454 928 1552 978 ame
1564 901 1816 1000 interrogabi-

225 1018 302 1096 tis¹²
321 1045 370 1096 ex
389 1029 501 1119 parte
521 1019 666 1096 domini
684 1021 798 1117 regis,
819 1031 858 1098 et
877 1021 1043 1098 fideliter
1062 1021 1202 1097 faciam
1223 1021 1262 1098 id
1283 1022 1385 1120 quod
1406 1021 1498 1098 mihi
1519 1021 1747 1121 praecipietis
1768 1047 1817 1096 ex

226 1149 338 1239 parte
357 1140 501 1216 domini
520 1141 634 1238 regis,
654 1150 693 1217 et
713 1166 785 1239 pro
805 1140 932 1238 aliquo
951 1166 1030 1216 non
1050 1141 1238 1229 omittam,
1259 1142 1352 1240 quin
1373 1142 1429 1217 ita
1449 1141 1590 1217 faciam
1611 1167 1683 1240 pro
1705 1166 1817 1240 posse

225 1285 321 1348 meo,
335 1260 387 1336 sic
398 1285 461 1335 me
473 1260 566 1336 deus
580 1260 735 1337 adiuvet
748 1268 787 1336 et
798 1261 876 1335 haec
889 1269 1033 1336 sancta.
1048 1260 1107 1336 Et
1120 1271 1210 1358 post
1223 1285 1311 1336 eum
1325 1260 1466 1337 iurabit
1479 1260 1638 1358 quilibet
1653 1260 1818 1336 aliorum

226 1377 436 1476 separatim
450 1388 490 1455 et
505 1403 576 1476 per
590 1404 641 1467 se,
658 1379 714 1454 ita
721 1377 759 1451 :²⁸
776 1379 874 1455 Tale
891 1388 1173 1455 sacramentum
1189 1379 1303 1477 quade
1317 1380 1370 1455 A.
1389 1381 1536 1478 primus
1554 1380 1703 1456 iurator
1720 1380 1816 1457 scili-

226 1507 287 1574 cet
301 1498 362 1573 hic
376 1497 529 1586 iuravit,
545 1523 617 1594 ego
632 1498 771 1573 tenebo
787 1523 835 1574 ex
851 1506 964 1596 parte
979 1523 1076 1585 mea,
1094 1499 1146 1574 sic
1161 1524 1222 1574 me
1239 1499 1332 1574 deus
1350 1497 1505 1575 adiuvet
1522 1508 1561 1575 et
1576 1498 1654 1574 haec
1671 1507 1815 1575 sancta

226 1617 284 1693 Et
301 1641 388 1691 cum
406 1616 461 1691 ita
475 1617 687 1693 iuraverint
703 1642 846 1704 omnes,
863 1616 1045 1714 legantur
1063 1615 1115 1692 eis
1132 1617 1305 1714 capitula
1321 1642 1392 1714 per
1409 1617 1593 1706 ordinem,
1613 1619 1660 1694 de
1679 1618 1816 1716 quibus

226 1759 356 1810 coram
372 1733 583 1811 iustitiariis
601 1734 899 1833 respondebunt.
917 1734 1069 1823 Quibus
1088 1735 1239 1824 auditis,
1258 1736 1389 1810 statim
1408 1735 1559 1811 dicatur
1576 1735 1629 1812 eis
1648 1735 1751 1834 quod
1768 1737 1817 1812 de

227 1851 396 1951 quolibet
418 1853 600 1951 capitulo,
624 1853 833 1952 separatim
856 1862 894 1929 et
917 1879 988 1952 per
1010 1880 1050 1929 se
1074 1852 1315 1941 sufficienter,
1339 1854 1516 1930 distincte
1539 1864 1577 1930 et
1601 1864 1734 1952 aperte
1759 1880 1816 1930 re·

227 1975 443 2072 spondeant
462 1973 504 2048 in
521 1972 713 2049 veredicto
733 1999 814 2061 suo,
833 1982 872 2049 et
892 1972 988 2048 illud
1007 1971 1174 2049 habeant
1193 1973 1243 2048 ad
1262 1982 1411 2049 certum
1430 1973 1541 2049 diem.
1563 1973 1622 2050 Et
1644 1971 1816 2049 secreto²⁴

227 2091 378 2168 dicatm
400 2092 453 2168 eis
477 2090 580 2190 quod
604 2092 635 2168 si
660 2092 709 2168 sit
733 2090 869 2189 uliquis
892 2091 933 2167 in
955 2090 1156 2167 hundredo
1179 2091 1241 2167 vel
1264 2091 1507 2190 wapentakio
1532 2117 1601 2167 suo
1626 2092 1692 2190 qui
1716 2092 1816 2169 mule

227 2209 393 2287 creditus
410 2209 458 2286 sit
475 2211 523 2285 de
538 2208 725 2286 maleficio
741 2209 881 2308 aliquo,
897 2209 1033 2285 illum²⁵
1051 2210 1182 2286 statim
1198 2210 1336 2308 capian
1355 2208 1382 2244 ¹⁸
1399 2210 1431 2285 si
1448 2209 1607 2308 possint.
1628 2210 1670 2285 Si
1687 2218 1817 2285 autem

226 2353 316 2417 non,
332 2338 426 2405 tunc
442 2336 587 2404 secreto
601 2328 740 2404 habere
757 2328 903 2405 faciant
918 2328 1131 2405 iustitiariis
1147 2354 1287 2404 nomen
1302 2328 1402 2415 talis,
1420 2338 1459 2404 et
1476 2329 1647 2404 omnium
1663 2328 1816 2404 illorum

226 2448 292 2546 qui
312 2447 412 2523 male
433 2446 567 2522 crediti
589 2445 706 2523 ειιῐιῐΠ
729 2447 769 2521 in
791 2447 965 2545 quaedam
987 2446 1134 2535 cedula,
1157 2456 1196 2523 et
1218 2446 1463 2546 praecipietur
1484 2447 1690 2523 vicecomes
1713 2447 1817 2545 quod

226 2566 310 2642 illos
325 2566 456 2643 statim
470 2566 598 2663 capiat
612 2574 650 2643 et
664 2575 799 2665 captos
812 2566 941 2642 venire
957 2565 1075 2642 faciat
1090 2591 1219 2642 coram
1234 2565 1457 2654 iustitiariis,
1473 2565 1545 2641 ut¹⁸
1561 2565 1753 2642 iustitiarii
1769 2566 1817 2642 de

226 2683 283 2760 his
299 2684 446 2761 faciant
461 2683 687 2760 iustitiam.²⁹
703 2683 889 2782 Capitula
903 2683 1021 2760 vero²⁰
1038 2708 1122 2783 quae
1138 2685 1211 2760 illis
1228 2684 1429 2761 duodecim
1444 2686 1698 2784 proponenda
1714 2694 1816 2773 sunt,

227 2802 457 2902 quandoque
470 2804 672 2880 variantur
686 2805 895 2880 secundum
910 2804 1135 2880 varietatem
1150 2815 1370 2902 temporum
1386 2813 1425 2880 et
1441 2805 1623 2892 locorum,
1640 2814 1679 2881 et
1696 2829 1816 2903 quan·

227 2920 352 3020 doque
376 2930 582 3018 augentur,
607 2922 839 3020 quandoque
862 2923 1101 2998 minuuntur.
1131 2922 1209 2999 Sed
1234 2922 1392 2999 tamen²²
1420 2923 1563 3021 aliquid
1591 2923 1742 2999 dicatur
1768 2924 1816 2998 de

227 3038 405 3136 capitulis
419 3040 584 3138 exempli
598 3065 714 3115 causa
726 3041 891 3138 qualiter
904 3066 975 3139 per
987 3041 1162 3116 ordinem
1176 3049 1460 3140 proponuntur.

328 3157 515 3256 Capitale
530 3158 578 3234 de
595 3156 733 3256 qoiboe
749 3157 949 3234 duodecim
966 3157 1265 3256 respondebant.

229 3274 433 3351 Imrmmls
450 3276 497 3352 de
513 3275 705 3352 veteribus
721 3275 872 3375 placitis
889 3301 1037 3352 coronae
1052 3302 1138 3374 quae
1157 3276 1249 3353 nlias
1269 3278 1430 3354 fuerunt
1447 3302 1577 3353 coram
1594 3276 1817 3365 iustitiariis,

229 3393 259 3468 f.
275 3392 393 3486 llob]
449 3403 487 3470 et
504 3419 584 3470 non
599 3395 760 3471 fuerunt
776 3394 1023 3472 terminata.²²
1040 3396 1105 3471 De
1122 3396 1230 3471 novis
1247 3395 1398 3494 placitis
1416 3420 1564 3470 coronae
1581 3422 1667 3494 quae
1683 3404 1820 3494 postea

229 3522 477 3602 emerserunt,
496 3539 567 3612 per
584 3515 687 3612 quod
705 3512 858 3590 notari²⁸
877 3514 1021 3620 poterit
1039 3539 1110 3612 per
1127 3513 1298 3612 capitula
1315 3515 1390 3590 ista
1408 3513 1511 3612 quod
1530 3541 1608 3590 non
1626 3515 1699 3591 erit
1718 3537 1818 3613 quae·

228 3632 393 3708 rendum
412 3633 461 3708 de
483 3631 634 3730 placitis
656 3631 729 3708 illis
752 3657 835 3731 quae
857 3642 1093 3709 emerserunt
1116 3642 1205 3708 ante
1229 3632 1333 3708 aliud
1357 3633 1430 3708 iter
1451 3632 1755 3721 iustitiariorum,
1779 3642 1818 3709 et

230 3775 313 3847 quae
330 3774 460 3825 coram
478 3748 530 3826 eis
549 3750 751 3848 proposita
767 3776 845 3826 non
865 3751 1036 3826 fuerunt.
1057 3751 1115 3826 Et
1134 3751 1166 3826 si
1185 3748 1348 3848 aliquis²⁴
1368 3751 1415 3826 de
1435 3750 1651 3826 huiusmodi
1671 3749 1818 3826 fuerit²⁶

231 3878 442 3957 accusatus,
471 3869 561 3945 inde
588 3869 742 3945 habebit
771 3869 1047 3966 exceptionem,
1076 3877 1115 3944 et
1144 3868 1260 3944 etiam
1290 3867 1475 3966 possent²⁰
1505 3857 1693 3945 iuratores
1724 3870 1817 3944 duo·

229 3986 378 4064 decim²⁷
401 3988 448 4063 de
469 3987 544 4062 alio
563 3985 728 4063 itinere²⁸
747 3987 859 4084 argui
880 3987 929 4062 de
950 3985 1130 4085 periurio,
1152 3996 1197 4063 ut
1219 3986 1452 4062 determino
1477 3987 1610 4063 Sancti
1631 3987 1817 4063 Michaelis

229 4129 332 4181 anno
354 4105 484 4203 regis²⁹
508 4105 673 4181 Henrici
695 4131 798 4181 nono
820 4105 1026 4202 incipiente
1050 4104 1206 4193 decimo,
1230 4104 1280 4179 de
1303 4105 1469 4202 quodam
1495 4105 1670 4180 Henrico
1695 4106 1817 4181 Rum-

228 4223 361 4301 baud⁸⁰
375 4224 560 4300 comitatu
574 4221 858 4300 Hertfordiae.⁸¹
874 4224 939 4299 De
953 4222 1027 4300 illis
1043 4223 1109 4321 qui
1124 4223 1270 4299 suntin
1284 4222 1541 4298 misericordia
1557 4223 1701 4299 domini
1716 4223 1819 4320 regis

229 4353 268 4420 et
282 4368 362 4419 non
377 4352 468 4419 sunt
483 4342 690 4430 amerciati,
706 4343 756 4418 ad
773 4341 876 4440 quod
891 4342 1100 4417 videndum
1117 4341 1281 4440 qualiter
1298 4341 1382 4439 quis
1399 4342 1448 4417 sit
1466 4341 1740 4417 amerciandus.
1760 4342 1818 4417 Et
1882 4437 1883 4441 Ἴ

230 4459 426 4537 sciendum
456 4460 560 4559 quod
588 4459 697 4536 miles
729 4467 767 4534 et
797 4458 893 4534 liber
923 4459 1037 4535 homo
1067 4484 1146 4534 non
1177 4457 1473 4535 amerciabitur³¹
1504 4458 1577 4534 nisi
1610 4458 1819 4536 secundum

145 4698 148 4704 ¹
229 4627 348 4701 ²²Om.,
370 4627 448 4702 MG,
470 4627 549 4706 CM.
587 4624 879 4704 ²²interrogabitur,
902 4625 980 4699 MG,
1003 4627 1076 4687 CM.
1121 4623 1240 4702 ²⁸Om.,
1263 4627 1302 4702 V,
1326 4627 1407 4699 MA;
1431 4633 1475 4687 ita
1498 4627 1590 4705 quod,
1614 4628 1687 4688 CM.
1733 4625 1817 4687 “se-

228 4734 323 4802 crete,
346 4726 386 4802 V,
409 4727 475 4787 OC.
521 4726 671 4805 ²⁸ipaum,
696 4727 773 4800 MG,
798 4726 865 4802 OC,
890 4728 953 4788 cM
983 4726 1187 4804 (-statim).
1234 4724 1260 4761 ¹⁸
1272 4731 1406 4804 capient,
1432 4728 1501 4801 OB,
1527 4729 1603 4801 MB,
1628 4728 1667 4790 Y.
1714 4726 1818 4788 ²'cre-

228 4827 287 4888 diti
313 4831 386 4902 sint,
413 4827 480 4901 LA,
509 4827 581 4887 MC.
630 4825 743 4885 ¹⁸¹¹⁹ut
771 4827 890 4888 iaciant
916 4825 955 4886 de
983 4825 1046 4887 illis
1075 4831 1235 4902 iustitiam,
1265 4827 1342 4901 MG,
1372 4828 1444 4888 CM.
1495 4826 1614 4902 ²⁰Om.,
1643 4829 1712 4903 OB,
1742 4830 1818 4903 MA,

229 4927 305 4990 ΜΒ.
341 4925 368 4962 ²¹
379 4948 459 5002 cum,
473 4928 552 5003 MG,
567 4928 647 5001 CM;
661 4933 746 5004 tunc,
761 4927 827 4988 OC.
865 4924 892 4960 ²²
904 4932 1113 5001 atterminatu,
1130 4927 1196 5002 ΟΕ,
1211 4929 1252 5005 Y,
1268 4930 1344 5005 MA,
1360 4929 1437 5002 MB,
1454 4930 1533 5002 Μῦς
1552 4928 1731 5005 attachiata,
1749 4931 1816 4992 OB.

229 5027 255 5062 ²⁸
266 5032 370 5104 vitari,
386 5029 464 5104 MG,
481 5030 554 5091 CM.
592 5026 710 5106 ’‘qnia,
727 5029 797 5105 OB,
813 5029 890 5103 MA,
907 5029 984 5105 MB,
1002 5027 1069 5103 ΟΕ,
1086 5029 1132 5102 Υ;
1151 5028 1262 5106 aliquia
1279 5028 1412 5104 illorum,
1430 5030 1469 5090 V.
1508 5027 1696 5108 ²⁴¹²⁶cliqnia
1713 5051 1818 5091 corum

229 5129 336 5206 fuerit,
354 5131 431 5207 MG,
447 5131 511 5193 CM
533 5129 703 5208 (illorum).
742 5127 769 5163 ²⁶
780 5136 922 5209 possunt,
938 5129 978 5204 V,
994 5130 1071 5204 MA,
1090 5131 1166 5206 MB,
1183 5131 1250 5206 OC,
1268 5131 1344 5192 MG.
1385 5128 1451 5163 ’Μ’
1462 5130 1542 5205 Onu,
1560 5132 1629 5205 OB,
1647 5133 1724 5208 MA,
1742 5133 1819 5208 MB,

230 5231 298 5306 CE,
317 5232 356 5292 Υ.
398 5230 424 5266 ²⁹
436 5236 526 5311 regni
545 5234 639 5310 tegla,
660 5230 699 5305 V,
720 5230 798 5307 MG,
818 5232 884 5294 OC.
928 5228 953 5265 ⁸⁰
967 5229 1139 5305 Bomband,
1161 5230 1206 5304 V;
1229 5230 1420 5308 Rumbande,
1443 5231 1632 5308 Bumbaude,
1656 5233 1819 5309 Bombaut,

230 5333 398 5409 Bobbatnt,
422 5332 615 5408 Bobbanum,
639 5331 804 5408 Rumbald,
827 5331 921 5395 MSS.
945 5352 1027 5404 var.;
1051 5335 1103 5410 qui
1127 5330 1279 5406 robbavit,
1304 5331 1371 5407 (ΣΕ,
1395 5334 1434 5395 Υ.
1479 5331 1726 5412 ⁸²Hereiordiae,
1750 5335 1819 5411 OB,

230 5434 306 5510 MA,
326 5435 403 5511 MB,
422 5434 490 5510 ΟΕ,
508 5435 576 5510 LA,
596 5434 669 5508 003
690 5432 856 5509 H’iorditc,
875 5434 954 5507 MG,
974 5434 1047 5496 CM.
1089 5431 1116 5466 ³²
1127 5432 1385 5511 amerciabuntur,
1407 5436 1473 5511 LA,
1496 5437 1568 5498 MC.
