4392 6352
666 483 726 543 DE
751 481 1053 555 ADQUIRENDO
1076 481 1234 542 RERUM
1257 480 1459 541 DOMINIO
1786 485 1858 560 271

272 635 372 711 dotis
388 660 476 711 cum
491 661 571 712 esse
587 659 665 711 non
681 634 819 711 debeat
834 633 1021 722 indotata,
1040 634 1089 709 ad
1105 641 1301 709 tenentem
1317 641 1448 729 tamen
1465 640 1555 730 post
1571 639 1736 706 mortem
1753 655 1862 706 suam

271 753 489 830 immediate
510 778 720 828 reversura.
744 753 838 828 Non
860 751 1059 827 nominata
1079 777 1169 827 vero
1192 751 1264 827 dici
1286 750 1429 849 poterit
1452 750 1520 826 dos
1543 747 1595 826 et⁸
1617 749 1774 836 incerta,
1796 746 1862 824 ubi

273 872 356 970 quis
374 897 535 947 uxorem
551 897 661 948 suam
678 871 868 947 dotaverit
885 871 925 945 in
942 871 1112 968 generali
1131 871 1178 945 de
1196 869 1371 944 omnibus
1388 869 1502 944 terris
1520 876 1559 945 et
1577 867 1804 944 tenementis
1822 866 1863 942 in

272 991 390 1068 tertia
401 1001 513 1090 parte
527 990 725 1088 adquisitis
739 999 777 1065 et
791 989 1047 1087 adquirendis.
1065 990 1169 1064 Item
1183 987 1282 1064 sicut
1294 987 1437 1085 poterit
1453 985 1537 1084 quis
1552 985 1688 1061 dotare
1702 1010 1862 1061 uxorem

273 1136 383 1187 suam
402 1111 442 1185 in
462 1108 575 1186 certis
594 1109 707 1185 terris
726 1118 766 1185 et
786 1107 1003 1195 nominatis,
1024 1107 1079 1183 ita
1099 1107 1243 1205 poterit
1264 1131 1349 1182 eam
1370 1106 1504 1181 dotare
1525 1105 1565 1180 in
1586 1113 1691 1181 certa
1713 1129 1862 1180 summa

272 1228 454 1327 pecuniae,
472 1227 550 1304 sive
567 1236 690 1303 terras
708 1224 897 1301 habuerit*
915 1225 993 1302 sive
1010 1250 1100 1312 non,
1119 1234 1163 1301 ut
1181 1224 1212 1300 si
1230 1223 1431 1321 burgensis
1450 1222 1570 1300 fuerit
1586 1223 1765 1311 maxime,
1785 1222 1863 1298 sive

272 1357 430 1425 tenuras
444 1346 619 1423 habuerit
634 1345 841 1422 exteriores
856 1345 934 1420 sive
948 1369 1038 1431 non,
1054 1344 1132 1419 sive
1148 1341 1245 1418 alius
1260 1352 1394 1419 tenens
1411 1342 1588 1418 exterior.
1606 1341 1663 1417 Et
1680 1366 1756 1439 quo
1772 1365 1863 1416 casu

273 1491 362 1542 cum
383 1491 484 1541 uxor
507 1464 623 1542 semel
646 1472 827 1540 contenta
851 1487 890 1539 se
912 1462 1081 1539 tenuerit
1104 1461 1152 1537 de
1176 1485 1326 1537 summa
1349 1459 1415 1535 illa
1439 1458 1525 1559 pro⁶
1549 1459 1640 1536 dote
1664 1485 1744 1548 sua,
1769 1459 1864 1535 nihil

273 1583 439 1683 amplius
459 1591 591 1682 petere
610 1581 754 1682 poterit
772 1581 925 1657 nomine
945 1579 1045 1656 dotis
1066 1581 1113 1656 de
1133 1579 1216 1656 aliis
1236 1577 1383 1655 catallis
1404 1576 1478 1654 vel⁶
1498 1578 1726 1654 tenementis
1747 1603 1863 1675 quam

274 1703 394 1780 fuerit
418 1703 452 1780 ei
476 1701 740 1778 constitutum.
767 1700 826 1776 Et
850 1699 952 1775 unde
977 1698 1008 1774 si
1032 1698 1186 1775 nomine
1211 1697 1311 1773 dotis
1337 1695 1481 1795 aliquid
1507 1705 1617 1795 petat
1642 1697 1690 1773 de
1715 1695 1862 1773 catallis

274 1821 399 1898 audiri
413 1846 492 1896 non
506 1821 631 1906 debet,
647 1819 738 1917 quia
752 1845 798 1895 ea
812 1818 960 1894 ratione
976 1817 1079 1915 quod
1096 1816 1274 1913 consequi
1291 1816 1404 1891 debet
1420 1815 1591 1913 plenarie
1608 1816 1737 1891 dotem
1754 1839 1863 1892 suam

275 1964 392 2037 quam
419 1937 498 2014 diu'
528 1935 647 2014 luerit
674 1935 809 2012 unicus
837 1934 983 2022 obolus,
1011 1935 1071 2010 vel
1100 1943 1288 2032 quatenus
1318 1932 1460 2008 catella
1486 1932 1559 2008 viri
1587 1932 1787 2020 sufficiant,
1817 1957 1864 2007 ea

274 2058 423 2135 ratione
446 2058 477 2134 si
500 2056 588 2157 plus
610 2056 663 2131 ibi
686 2054 806 2132 fuerit
828 2053 921 2129 nihil
944 2052 1104 2129 ulterius
1129 2061 1399 2149 consequetur:
1424 2061 1463 2128 et
1488 2051 1585 2129 sicut
1610 2051 1695 2126 vult
1718 2077 1801 2128 esse
1823 2051 1864 2126 in

238 2247 241 2254 .
274 2178 381 2253 lucro
405 2186 594 2274 quatenus
615 2173 756 2250 catalla
778 2173 979 2260 sufficiant,
1002 2173 1057 2247 ita
1079 2196 1160 2247 esse
1184 2170 1297 2246 debet
1319 2171 1359 2245 in
1383 2170 1524 2245 damno
1546 2170 1587 2245 in
1609 2168 1756 2245 catallis
1780 2193 1864 2267 quae

274 2296 482 2371 excedunt:
503 2319 551 2370 ex
572 2292 648 2369 alia
664 2300 796 2368 tamen
815 2316 930 2368 causa
950 2315 1067 2388 quam
1088 2315 1135 2364 ex
1155 2313 1271 2365 causa
1291 2287 1403 2377 dotis,
1424 2287 1521 2364 sicut
1542 2313 1591 2364 ex
1613 2312 1728 2363 causa
1747 2296 1863 2364 testa·

274 2413 464 2490 menteris
487 2413 619 2488 velex
642 2410 917 2486 consuetudine
940 2408 1158 2507 approbata
1182 2406 1343 2484 ulterius
1367 2415 1500 2506 petere
1524 2407 1679 2505 poterit,
1706 2406 1736 2482 si
1762 2406 1865 2481 forte

274 2532 334 2607 vir
347 2531 490 2629 aliquid
502 2531 537 2606 ei
551 2528 748 2627 reliquerit
761 2529 801 2604 in
813 2536 1046 2605 testamento
1059 2526 1164 2602 ultra
1178 2527 1308 2602 dotem
1322 2525 1561 2601 nominatam
1575 2525 1636 2600 vel
1651 2550 1729 2600 non
1744 2524 1864 2601 nomi·

275 2658 419 2737 natam,
438 2658 584 2724 certam
600 2647 662 2724 vel
679 2647 875 2724 incertam.
896 2646 1000 2722 Item
1018 2653 1058 2720 et
1076 2645 1174 2721 sicut
1192 2643 1337 2743 poterit
1355 2643 1535 2720 constitui
1554 2642 1623 2719 dos
1643 2642 1683 2718 in
1703 2642 1866 2742 pecunia

274 2778 489 2857 numerata,
506 2768 561 2843 ite
578 2765 722 2865 poterit
738 2765 779 2840 in
795 2764 908 2841 rebus
926 2787 1009 2862 quae
1024 2761 1239 2840 consistunt
1256 2763 1297 2838 in
1314 2761 1484 2860 pondere
1503 2770 1542 2837 et
1558 2759 1765 2849 mensura,⁸
1783 2768 1865 2837 tam

275 2889 316 2963 in
331 2887 476 2985 liquido
492 2910 608 2983 quam
623 2885 663 2960 in
679 2883 812 2971 solido,
828 2892 867 2960 et
884 2882 980 2958 sicut
996 2881 1037 2957 in
1051 2882 1125 2957 isto
1142 2879 1216 2957 vel⁹
1232 2880 1272 2956 in
1289 2881 1365 2968 illo,
1383 2879 1438 2956 ita
1454 2889 1493 2956 et
1509 2879 1550 2955 in
1566 2888 1741 2978 utroque.
1761 2879 1865 2956 Item

275 3005 456 3082 constitui
475 3005 619 3103 poterit
637 3004 706 3079 dos
726 3003 773 3077 ab
793 3027 871 3077 uno
889 3000 971 3077 viro
991 3010 1072 3077 tam
1092 2999 1267 3098 pluribus
1286 2997 1471 3074 uxoribus
1490 3023 1607 3096 quam
1625 2995 1704 3085 uni,
1726 2997 1766 3072 in
1785 2996 1865 3072 vite

216 3201 220 3208 ,
275 3123 447 3202 omnium
461 3122 522 3200 vel
537 3121 744 3199 successive
759 3145 847 3196 cum
862 3117 1103 3207 decesserint,
1119 3116 1207 3193 vel²⁰
1224 3142 1273 3194 ex
1289 3140 1527 3214 quacumque
1543 3139 1659 3192 causa
1673 3113 1865 3191 celebrato

276 3243 451 3331 divortio,
466 3242 506 3317 in
518 3241 652 3317 eodem
665 3265 787 3336 regno
799 3237 861 3314 vel
875 3236 1035 3313 eadem²²
1051 3235 1249 3335 provincia
1262 3235 1323 3311 vel
1337 3233 1506 3310 diversis.
1525 3233 1603 3311 Sed
1618 3259 1696 3309 una
1712 3233 1865 3310 illarum

276 3360 359 3436 aliis
378 3356 635 3459 praeieretur²²
655 3356 695 3432 in
714 3354 813 3433 dotis
835 3354 1032 3456 petitione,
1053 3353 1218 3454 probato
1238 3354 1278 3428 in
1299 3353 1386 3428 foro
1407 3352 1658 3429 ecclesiastico
1679 3377 1762 3450 quae
1783 3351 1865 3428 illa·

275 3507 363 3558 rum
381 3479 431 3556 sit
446 3504 546 3554 uxor
563 3476 746 3574 legitima,
765 3475 826 3552 vel
843 3474 874 3551 si
892 3472 1052 3550 difficilis
1071 3473 1121 3551 sit
1139 3471 1317 3572 probatio
1335 3471 1397 3547 vel
1415 3471 1568 3548 deficiat
1586 3471 1752 3559 omnino,
1771 3477 1865 3545 tunc

276 3600 349 3676 erit
366 3598 433 3675 illa
450 3597 693 3697 praeferenda
711 3620 794 3694 quae
812 3595 853 3670 in
871 3592 1107 3693 possessione
1126 3592 1198 3668 viri
1216 3591 1388 3668 extiterit
1406 3600 1581 3690 tempore
1600 3590 1734 3667 mortis
1753 3588 1865 3666 viri.²⁸

279 3719 321 3795 Si
339 3727 469 3794 autem
486 3742 575 3793 cum
591 3715 703 3814 quis¹⁴
721 3739 881 3791 uxorem
899 3713 1075 3801 habuerit
1092 3711 1159 3789 et²⁶
1176 3711 1400 3810 legitimam,
1419 3712 1534 3788 aliam
1553 3711 1866 3810 superinduxerit

277 3837 343 3916 et²‘
358 3837 599 3936 illegitimam
612 3836 674 3912 vel
689 3834 832 3934 plures,
848 3833 1020 3931 legitima
1036 3832 1276 3932 praeieretur.
1296 3832 1339 3908 Si
1355 3839 1485 3908 autem
1502 3831 1610 3908 nullo
1625 3857 1674 3907 ex
1690 3830 1866 3930 pluribus

276 3959 318 4035 in
335 3956 571 4058 possessione
590 3955 773 4043 extiterit,
793 3979 862 4030 nec
881 3980 964 4052 quae
982 3953 1136 4028 illarum
1154 3952 1327 4050 legitima
1346 3952 1519 4029 extiterit
1537 3961 1712 4029 constare
1732 3953 1865 4051 possit,

277 4090 371 4157 tunc
393 4078 501 4154 nullo
522 4076 675 4153 illarum
698 4074 884 4151 obtinebit
906 4099 978 4173 pro
1001 4073 1156 4149 deiectu
1179 4072 1428 4172 probationis.
1455 4074 1558 4148 Item
1583 4073 1614 4148 si
1636 4097 1736 4148 uxor
1759 4071 1866 4147 una¹⁷

278 4199 453 4298 pluribus
471 4196 647 4296 nupserit
665 4196 705 4271 in
722 4195 803 4272 vito
820 4194 1002 4282 omnium,
1021 4219 1109 4270 cum
1128 4192 1357 4270 decesserint
1377 4193 1424 4268 ab
1444 4192 1619 4270 omnibus
1639 4194 1769 4269 dotem
1787 4218 1867 4269 non

277 4319 475 4408 obtinebit,
496 4343 584 4394 cum
605 4317 775 4394 omnium
796 4341 896 4392 uxor
915 4315 1088 4413 legitima
1108 4341 1189 4391 esse
1211 4340 1290 4390 non
1311 4314 1432 4413 possit
1454 4313 1566 4389 simul
1589 4322 1627 4389 et
1649 4313 1776 4401 semel,
1800 4313 1866 4389 sed

275 4441 401 4529 unius,
413 4440 501 4516 licet
514 4437 721 4515 successive
733 4436 943 4513 secundum
954 4436 1058 4534 quod
1070 4435 1230 4511 inferius
1243 4431 1418 4510 dicetur²⁸
1432 4435 1472 4510 in
1486 4434 1633 4511 actione
1647 4435 1694 4510 de
1707 4435 1807 4510 dote.
1825 4433 1867 4510 Si

279 4561 362 4659 quis
381 4561 451 4636 sub
470 4585 538 4658 spe
555 4558 900 4658 perquirendorum
918 4582 1078 4633 uxorem
1097 4581 1206 4632 suam
1225 4554 1416 4632 dotaverit
1434 4555 1483 4631 de
1502 4555 1677 4632 omnibus
1696 4553 1808 4632 terris
1828 4563 1867 4631 et

279 4680 308 4756 f.
323 4680 417 4773 94b]
473 4677 699 4755 tenementis
716 4676 840 4776 quas²⁰
854 4678 1022 4754 tenuerit
1037 4676 1098 4752 die
1114 4676 1430 4776 desponsationis,
1448 4701 1526 4751 non
1543 4675 1646 4753 valet
1660 4675 1750 4753 telis
1767 4675 1866 4751 dotis

279 4895 384 4972 ⁸Om,
399 4897 469 4971 OB,
486 4897 562 4971 MA,
578 4895 654 4970 ΜΒ,
671 4895 737 4970 CE,
754 4896 794 4971 Y,
812 4894 889 4969 MG,
906 4894 979 4955 MC.
1018 4891 1436 4969 *ὴὼιιειίῑειῒεῃεωεηῐα,
1454 4893 1492 4967 V,
1511 4892 1579 4966 OA,
1597 4893 1664 4967 LA,
1682 4892 1754 4954 MC.
1794 4890 1868 4965 ⁶d0,

278 4998 348 5071 OB,
364 4997 439 5071 MA,
456 4997 529 5057 ΜΒ.
567 4995 780 5071 ‘et,V,MG.
818 4993 896 5057 ⁷diu
910 4993 965 5068 ibi,
982 4994 1021 5069 V,
1037 4995 1106 5068 OA,
1122 4995 1189 5069 LA,
1206 4993 1272 5067 OC,
1288 4993 1361 5055 MC.
1400 4993 1868 5069 ⁸mensuraet,OA,0C,LA

283 5097 480 5176 (mensuris).
516 5095 582 5172 ⁹et,
598 5097 675 5171 MG,
692 5097 861 5168 CM3casu
876 5094 936 5170 vel,
950 5096 1020 5171 OB,
1036 5097 1111 5170 MA,
1128 5096 1202 5156 ΜΒ.
1240 5094 1267 5128 ²⁰
1278 5093 1359 5170 Om,
1374 5095 1443 5168 OB,
1459 5095 1535 5170 MA,
1552 5095 1627 5155 ΜΒ.
1665 5093 1868 5170 ²²ineadem,

280 5198 357 5273 MG,
369 5199 409 5273 Y,
422 5198 495 5258 CM.
530 5195 557 5230 ¹²
568 5196 746 5275 prefertur,
757 5197 826 5271 OB,
839 5197 915 5270 MA,
928 5197 1003 5257 ΜΒ.
1038 5195 1104 5229 ²⁸⁴⁴
1115 5199 1174 5256 viri
1187 5216 1255 5257 cum
1268 5199 1335 5275 quis
1349 5203 1461 5271 autem,
1474 5197 1543 5270 OB,
1558 5197 1632 5272 MA,
1647 5196 1723 5270 ΜΒ,
1737 5196 1815 5272 MG,
1829 5198 1869 5274 Y,

280 5299 353 5359 cM.
387 5297 680 5373 ¹⁵Om.,MG,CM.
716 5295 742 5330 ²⁶
754 5295 914 5372 om.‚0A,
927 5297 994 5371 LA,
1007 5297 1081 5372 MC,
1094 5297 1149 5358 OC
1167 5295 1409 5373 (illiberimam).
1444 5295 1470 5330 ²²
1482 5317 1605 5374 unaex,
1618 5299 1688 5375 OB,
1703 5300 1778 5374 MA,
1793 5300 1869 5374 ΜΒ,

280 5399 347 5474 CE,
364 5399 404 5473 Y,
422 5398 496 5474 CM,
514 5397 587 5459 MC.
625 5394 652 5432 ¹⁸
664 5397 744 5472 Om,
760 5397 828 5474 ΟΕ,
846 5397 924 5473 MG,
941 5398 981 5474 Y,
998 5397 1073 5471 0133
1091 5395 1233 5472 habetur,
1251 5398 1324 5459 ΜΒ.
1364 5397 1391 5432 ¹⁸
1402 5418 1479 5478 quoe,
1496 5400 1535 5475 V,
1553 5399 1593 5460 Y.
