4432 6340
652 547 712 607 DE
735 546 1038 620 ADQUIRENDO
1061 547 1219 608 RERUM
1242 547 1444 608 DOMINIO
1774 555 1845 624 195

258 697 450 785 delictum,
477 700 537 774 ius
564 697 813 797 proprietatis
841 698 891 774 ad
917 699 1144 775 donatorem
1172 698 1370 774 dominum
1397 698 1602 796 capitalem
1629 706 1847 775 revertatur

257 815 584 915 qualitercumque
603 826 649 894 ut
668 816 839 905 eschaeta,
860 816 948 894 licet
967 816 1075 893 heres
1095 842 1174 891 non
1195 815 1254 904 sit,
1276 826 1315 893 et
1336 816 1464 915 aliquo
1484 841 1575 892 casu
1595 816 1678 893 loco
1697 816 1846 894 heredis

257 945 419 1034 propter
433 944 578 1013 terram
593 961 677 1035 quae
692 935 741 1012 ad
758 935 886 1035 ipsum
900 935 1107 1012 revertitur
1122 935 1163 1011 in
1178 935 1377 1024 dominico,
1394 934 1532 1012 seiaina
1549 959 1700 1033 semper
1716 961 1846 1034 seque-

256 1052 350 1130 tur⁸⁶
366 1054 496 1152 ipsum
513 1079 601 1129 cum
617 1054 667 1131 sit
683 1055 766 1129 loco
784 1053 945 1142 heredis,
963 1053 1051 1130 licet
1069 1079 1148 1129 non
1166 1052 1216 1130 sit
1234 1053 1359 1130 heres:
1379 1061 1419 1128 et
1437 1077 1525 1129 cum
1543 1078 1589 1129 eo
1607 1051 1846 1130 remanebit⁸⁷

256 1170 447 1249 hereditas
464 1181 511 1248 ut
528 1170 699 1261 eschaeta,
718 1179 758 1248 et
776 1171 1018 1269 extinguitur
1036 1171 1258 1269 homagium
1277 1181 1315 1248 et
1335 1170 1543 1260 servitium,
1563 1170 1679 1248 cum⁸⁸
1699 1196 1778 1248 non
1797 1171 1848 1249 sit

256 1289 365 1366 heres
386 1291 452 1389 qui
473 1299 606 1389 petere
627 1290 750 1389 possit
772 1290 833 1366 vel
855 1291 920 1389 qui
942 1299 1063 1388 petat.
1088 1291 1190 1366 Cum
1213 1298 1343 1367 autem
1365 1291 1424 1366 ius
1447 1290 1697 1389 proprietatis
1720 1290 1773 1367 sic
1797 1290 1847 1367 ad

257 1411 483 1488 donatorem
505 1435 700 1486 reversum
722 1409 853 1498 fuerit,
874 1408 963 1486 licet
986 1408 1082 1485 alius
1104 1409 1224 1486 fuerit
1246 1409 1286 1483 in
1308 1408 1445 1485 seisina
1467 1434 1515 1484 ex
1538 1408 1744 1486 donatione
1766 1409 1847 1486 eius

257 1530 323 1629 qui
350 1529 494 1606 donare
520 1553 599 1605 non
624 1527 764 1627 potuit,
793 1527 1036 1626 extinguitur
1062 1527 1218 1604 omnino
1245 1527 1444 1615 warantis,
1470 1535 1517 1603 ut
1545 1528 1576 1603 si
1604 1528 1769 1604 donator
1797 1528 1861 1609 ad

258 1656 476 1724 warantum
504 1657 661 1723 vocatus
691 1646 822 1734 fuerit,
850 1645 1102 1723 warantizare
1130 1670 1210 1722 non
1237 1652 1403 1733 tenetur,
1434 1672 1479 1721 eo
1510 1647 1613 1744 quod
1642 1645 1702 1722 ius
1730 1645 1846 1722 habet

257 1765 416 1864 petendi
433 1775 578 1842 terram
595 1765 701 1840 illam
719 1765 759 1839 in
778 1763 983 1840 dominico:
1002 1764 1107 1863 quod
1126 1763 1158 1840 si
1175 1763 1397 1861 homagium
1415 1765 1560 1863 ceperit
1578 1774 1618 1840 et
1637 1764 1846 1851 servitium,

258 1884 288 1959 f.
303 1885 372 1977 67]
427 1884 488 1959 vel
513 1881 797 1959 confirmaverit
822 1883 900 1959 tale
926 1883 1072 1958 donum
1097 1891 1143 1958 ut
1169 1907 1289 1980 supra
1314 1881 1461 1959 dictum
1487 1892 1556 1972 est,
1583 1891 1678 1959 tunc
1703 1883 1847 1959 tenebi-

256 2010 324 2078 tur
341 2001 392 2079 ad
409 2002 647 2078 warentiam.
669 2001 775 2093 <Et
794 2001 1008 2077 notandum
1028 2001 1132 2101 quod
1150 2001 1335 2078 heredum
1354 2001 1510 2100 quidam
1531 2010 1622 2078 sunt
1641 2000 1722 2077 veri
1740 2000 1847 2077 here·

257 2120 336 2208 des,
353 2129 392 2196 et
410 2119 566 2219 quidam
584 2121 693 2218 quasi
709 2119 866 2196 heredes
884 2119 935 2197 et²
954 2121 1038 2195 loco
1055 2119 1251 2208 heredum,
1271 2129 1310 2196 et
1329 2145 1402 2218 pro
1419 2119 1621 2196 heredibus
1638 2119 1847 2195 habenturz

256 2239 336 2314 veri
353 2238 510 2315 heredes
528 2263 709 2314 excausa
727 2239 981 2326 successionis,
1000 2239 1109 2337 quasi
1126 2238 1283 2315 heredes
1301 2237 1375 2313 vel²
1393 2240 1476 2313 loco
1494 2237 1678 2313 heredum
1695 2238 1756 2313 vel
1775 2263 1849 2336 pro

256 2358 458 2435 heredibus
482 2384 554 2458 per
576 2359 734 2436 modum
758 2358 986 2446 donationis,
1012 2357 1110 2436 sicut
1135 2367 1226 2436 sunt
1250 2357 1447 2456 assignati,
1472 2359 1533 2434 vel
1557 2359 1641 2434 loco
1664 2357 1848 2435 heredum

258 2479 356 2556 sicut
375 2488 466 2557 sunt
487 2478 631 2555 domini
651 2479 848 2578 capitales,
869 2478 1007 2578 quibus
1028 2479 1235 2556 revertitur
1255 2478 1446 2555 hereditas
1468 2486 1631 2577 propter
1652 2479 1848 2555 defectum

256 2600 318 2676 vel
335 2607 498 2699 propter
516 2599 709 2688 delictum,
729 2600 826 2677 sicut
845 2599 1006 2676 eschaeta
1023 2609 1186 2699 propter
1205 2600 1401 2676 defectum
1418 2599 1614 2688 heredum,
1634 2624 1723 2676 cum
1741 2599 1847 2676 here·

257 2720 325 2798 des
346 2719 527 2798 deficiant
547 2720 588 2795 in
607 2719 710 2796 linea
730 2721 1001 2796 descendente:
1024 2728 1186 2818 propter
1208 2719 1402 2809 delictum,
1424 2719 1464 2795 id
1486 2730 1544 2797 est
1566 2729 1730 2819 propter
1752 2720 1847 2797 felo-

257 2841 373 2929 niam,
391 2840 457 2916 ubi
475 2839 685 2940 impeditur
704 2841 906 2917 descensus
925 2839 1015 2917 licet
1032 2839 1189 2916 heredes
1207 2838 1421 2918 extiterint⁸
1442 2847 1510 2916 aut
1529 2850 1721 2939 parentes.
1745 2842 1849 2917 Item

257 2969 420 3059 propter
434 2958 593 3036 modum
606 2957 835 3048 donationis,
850 2967 896 3036 ut
911 2957 943 3035 si
958 2959 1122 3035 donator
1137 2957 1251 3046 dicat,
1266 2958 1334 3035 Do
1350 2957 1420 3036 tati
1435 2967 1473 3036 et
1489 2957 1690 3036 heredibus
1704 2958 1783 3035 auia
1799 2958 1848 3035 dc

258 3101 418 3176 corpore
438 3102 509 3156 auo
527 3077 752 3176 moneatis,
772 3087 812 3154 ct
831 3077 865 3154 ai
884 3076 1041 3154 heredes
1063 3076 1159 3153 talea
1179 3100 1259 3152 aaa
1280 3075 1456 3154 babuerit
1476 3076 1537 3186 uel
1557 3076 1592 3153 ai
1612 3075 1787 3155 babuerit
1809 3086 1849 3154 ct

258 3194 482 3290 defecerint,
500 3204 594 3272 tuaac
611 3195 662 3273 do
682 3193 752 3272 tat·
771 3204 810 3272 et
828 3194 1030 3272 heredibus
1048 3196 1127 3273 aras
1148 3219 1243 3294 quoa
1262 3195 1311 3272 dc
1330 3218 1490 3294 corpore
1510 3219 1580 3272 coo
1600 3194 1788 3283 habuerit,
1809 3204 1848 3272 et

258 3313 310 3390 sic
328 3315 369 3389 in
386 3313 581 3389 infinitum
600 3314 647 3391 de
666 3311 854 3412 pluribus,
872 3313 970 3390 tales
989 3311 1212 3390 succedunt⁴
1231 3338 1310 3389 non
1329 3338 1377 3388 ex
1397 3336 1512 3390 causa
1531 3313 1787 3401 successionis,
1809 3323 1848 3391 et

257 3431 414 3508 heredes
433 3442 547 3510 erunt
565 3429 649 3531 per⁵
666 3432 825 3508 modum
842 3430 1119 3523 donationis>

356 3669 422 3747 De
439 3668 624 3768 gradibus
642 3667 887 3746 successionis
905 3677 946 3744 ct
963 3667 1184 3768 parentela.

257 3785 439 3862 D1crua1
456 3797 514 3864 est
532 3812 651 3885 supra
668 3787 716 3864 de
735 3786 921 3885 qualitate
938 3787 1122 3863 heredum
1141 3797 1179 3864 et
1199 3787 1430 3876 differentia,
1449 3797 1488 3864 et
1507 3787 1573 3886 qui
1591 3796 1779 3865 vocantur
1798 3787 1848 3863 ad

258 3905 542 3994 successionem,
559 3915 599 3982 et
615 3905 681 4004 qui
698 3905 781 3982 aliis
798 3905 839 3980 in
855 3905 1089 3982 successione
1106 3906 1380 4004 praeferrmtur,
1399 3906 1495 3982 sicut
1514 3905 1671 3981 heredes
1690 3906 1848 4005 propin·

258 4023 420 4122 quiores·
446 4025 525 4100 Sed
548 4023 729 4122 quoniam
750 4024 941 4100 hereditas
963 4033 1003 4100 et
1026 4025 1085 4099 ius
1109 4024 1353 4099 successionis
1376 4024 1572 4101 descendit
1596 4049 1667 4122 per
1690 4024 1847 4123 gradus,

258 4141 344 4217 ideo
365 4141 573 4219 videndum
595 4141 667 4220 est‘
689 4143 737 4219 de
758 4141 943 4241 gradibus
966 4142 1209 4218 successionis
1233 4150 1272 4218 et
1295 4142 1514 4240 parentelae,
1538 4151 1577 4219 et
1600 4141 1766 4240 qualiter
1787 4142 1848 4218 ius

258 4261 477 4340 descendat⁷
498 4271 537 4339 et
557 4287 628 4361 per
649 4287 743 4360 quas
765 4285 949 4360 personas
970 4261 1128 4337 adeum
1150 4260 1215 4359 qui
1236 4259 1277 4334 in
1296 4260 1379 4335 iure
1400 4259 1649 4358 proprietatis
1672 4260 1849 4337 seisinam

258 4380 413 4480 petierit
429 4379 587 4456 alicuius
604 4380 862 4456 antecessoris.
879 4379 938 4456 Et
955 4379 1151 4455 sciendum
1167 4378 1270 4477 quod
1286 4377 1560 4475 cognationum
1575 4378 1653 4454 sive
1670 4386 1848 4477 parente-

258 4498 385 4576 larum
399 4498 481 4574 aliae
496 4508 586 4576 sunt
601 4522 732 4596 supra,
747 4498 829 4573 aliae
844 4504 935 4573 sunt
950 4497 1066 4584 infra,
1082 4495 1164 4572 aliae
1179 4505 1270 4573 sunt
1284 4522 1333 4572 ex
1348 4504 1568 4573 transverso
1583 4495 1662 4573 sive
1677 4523 1702 4572 a
1715 4496 1847 4573 latere.

258 4616 447 4694 Parentes
469 4642 560 4692 vero
582 4617 647 4715 qui
670 4625 759 4704 sunt
781 4641 900 4714 supra
923 4615 996 4691 dici
1017 4624 1202 4713 poterunt
1225 4623 1480 4692 antecessores
1504 4625 1543 4692 et
1565 4624 1758 4714 parentes,
1782 4615 1849 4692 sed

259 4733 338 4833 qui⁸
357 4736 501 4811 mortui
519 4743 611 4811 sunt
630 4744 670 4812 et
688 4734 846 4811 heredes
866 4732 1111 4821 antecedunt,
1132 4733 1171 4808 id
1192 4743 1252 4811 est
1272 4733 1414 4811 cedunt
1435 4741 1537 4822 ante,
1557 4743 1596 4811 et
1616 4733 1773 4810 heredes
1795 4734 1847 4810 eis

258 4854 399 4930 cedunt
417 4853 499 4943 sub,
517 4853 626 4952 quasi
644 4852 863 4930 succedunt.
882 4852 961 4929 Est
978 4851 1079 4927 enim
1097 4851 1230 4928 cedere
1249 4850 1357 4950 quasi
1375 4852 1562 4940 recedere,
1582 4859 1621 4927 et
1638 4861 1697 4930 est
1715 4851 1848 4929 cedere

257 5069 445 5149 “aequitum
466 5071 534 5146 OC,
554 5072 595 5145 Y,
617 5071 700 5144 MG;
726 5070 786 5148 (-
795 5089 916 5148 semper
937 5075 1092 5148 aequetur,
1115 5068 1209 5146 CM).
1254 5067 1494 5146 ⁸'permanebit
1517 5069 1557 5143 V,
1579 5068 1648 5143 OB,
1672 5068 1748 5141 MA,
1772 5069 1846 5129 ΜΒ.

258 5169 285 5205 ⁸⁸
295 5178 328 5232 et
343 5191 421 5245 cum,
437 5171 514 5247 MA,
529 5171 605 5245 ΜΒ,
620 5171 688 5247 ΟΕ,
702 5171 743 5246 Y,
758 5172 833 5247 CM,
848 5172 925 5233 MG.

340 5269 408 5348 ²in,
425 5271 494 5346 OB,
512 5271 588 5346 MA,
606 5273 683 5348 ΜΒ,
699 5271 737 5334 V.
778 5270 844 5346 ¹et,
860 5271 900 5346 V,
917 5273 958 5349 Y,
975 5272 1044 5349 OB,
1062 5272 1139 5346 MA,
1157 5272 1233 5333 ΜΒ.
1272 5270 1504 5348 ‘constiterint
1521 5273 1589 5346 LA,
1608 5272 1680 5334 ΜΟ.
1720 5269 1848 5333 ‘auoce-

256 5369 342 5447 dent,
360 5372 401 5447 Y,
416 5372 484 5448 ΟΕ,
501 5374 576 5449 CM,
593 5374 653 5436 ΟΛ
672 5372 768 5450 (corr.
786 5372 931 5452 adunt);
949 5372 1136 5451 succederet,
1154 5373 1219 5434 OC.
1259 5371 1338 5435 ‘sed
1356 5393 1424 5452 per,
1442 5374 1511 5448 OB,
1530 5375 1607 5449 MA,
1626 5374 1701 5436 ΜΒ.
1741 5371 1847 5449 ⁸0m,

257 5472 327 5549 OA,
345 5473 412 5551 LA,
432 5475 499 5549 ΟΕ,
519 5475 593 5536 ΜΟ.
634 5472 829 5553 'descendit
848 5474 888 5551 V,
907 5475 977 5550 OB,
997 5475 1073 5550 MA,
1093 5476 1170 5552 Mn,
1190 5476 1268 5550 MG,
1289 5476 1330 5551 Y,
1350 5477 1424 5538 CM.
1467 5474 1573 5555 'quia
1594 5476 1663 5552 OA,
1685 5476 1751 5551 LA,
1772 5476 1846 5536 MC.
