4432 6340
349 488 421 562 178
879 484 1101 546 BRACTON:
1124 484 1185 545 ΒΕ
1208 486 1401 548 LEGIBUS

345 639 440 707 tunc
456 631 612 708 demum
627 657 714 708 cum
729 659 833 710 mors
850 633 970 711 fuerit
986 635 1183 712 insecuta*
1201 637 1258 713 Et
1274 637 1409 714 mortis
1425 661 1541 713 causa
1558 637 1715 713 donatio
1732 637 1937 737 multiplex

347 773 429 826 esse
451 750 621 849 poterit,⁸
644 761 689 828 ut
714 752 745 827 si
769 751 868 851 quis⁴
891 754 1214 854 contemplatione
1238 755 1298 831 vel
1323 755 1536 855 suspicione
1560 755 1695 832 mortis
1720 755 1832 832 alicui
1855 758 1936 845 dat,

347 868 558 945 cuiusmodi
579 869 804 947 donationes
825 896 925 970 saepe
944 873 1045 948 fiunt
1066 873 1115 949 ab
1135 873 1423 971 egrotantibus,
1444 874 1505 949 vel
1527 873 1649 952 abeis
1671 874 1737 973 qui
1757 875 1798 950 in
1818 875 1938 950 aciem

348 996 439 1063 sunt
455 986 559 1076 ituri,
575 989 636 1064 vel
651 1014 724 1087 per
738 1014 844 1066 mare
861 990 1082 1087 navigaturi
1099 991 1160 1067 vel
1177 1017 1339 1090 peregre
1357 992 1588 1090 profecturi:
1607 1002 1647 1070 et
1664 994 1705 1067 in
1722 1019 1762 1070 se
1778 995 1938 1070 tacitam

347 1105 489 1182 habent
511 1106 772 1184 condicionem
794 1118 839 1184 ut
861 1108 1079 1185 huiusmodi
1102 1109 1327 1187 donationes
1352 1120 1579 1187 revocentur
1603 1112 1634 1188 si
1656 1121 1825 1209 aegrotus
1849 1137 1937 1191 con·

347 1225 523 1314 valuerit,
545 1227 576 1303 si
597 1225 705 1303 miles
727 1226 775 1302 ab
796 1225 876 1303 acie
895 1227 1063 1318 redierit,
1085 1228 1116 1304 si
1136 1237 1259 1304 nauta
1279 1255 1304 1303 a
1324 1228 1581 1326 navigatione,
1603 1239 1642 1306 et
1665 1230 1891 1330 peregrinus
1915 1256 1939 1306 a

347 1344 667 1444 peregrinatione.
692 1345 751 1420 Et
773 1345 998 1422 donationes
1021 1372 1105 1444 quae
1130 1346 1181 1422 sic
1204 1348 1305 1424 fiunt
1329 1357 1491 1447 propter
1513 1349 1647 1425 mortis
1671 1349 1937 1447 suspicionem,

204 1517 208 1525 -
347 1472 471 1540 morte
487 1464 682 1541 testatoris
700 1464 995 1540 confirmantur:
1014 1473 1053 1541 et
1071 1463 1123 1540 sic
1140 1467 1252 1554 fiunt,
1271 1475 1316 1542 ut
1333 1467 1366 1542 si
1383 1467 1476 1564 quid
1494 1466 1715 1544 humanitus
1733 1468 1939 1566 contigerit

349 1581 395 1658 de
412 1589 609 1670 testatore,
626 1581 765 1658 hebeat
782 1581 826 1659 is⁶
844 1584 906 1658 cui
922 1581 1095 1680 legatum
1113 1580 1197 1660 est.⁶
1217 1582 1260 1660 Si
1277 1593 1406 1660 autem
1425 1585 1676 1674 convalescat,
1695 1586 1860 1663 retineat
1878 1585 1939 1662 vel

348 1698 530 1776 rehabeat
546 1700 731 1797 legatum,
750 1700 811 1776 vel
829 1701 859 1776 si
877 1699 985 1799 prius
1003 1701 1193 1777 moriatur
1209 1700 1272 1778 ille
1290 1701 1352 1778 cui
1369 1703 1542 1800 legatum
1561 1712 1629 1779 est.
1651 1705 1708 1780 Et
1727 1704 1758 1780 si
1777 1705 1854 1780 duo
1873 1705 1939 1803 qui

348 1818 419 1895 sibi
435 1818 596 1894 invicem
612 1820 747 1895 mortis
763 1844 879 1896 causa
895 1819 1122 1896 donaverint
1141 1819 1287 1919 pariter
1304 1820 1545 1910 decesserint,
1563 1822 1737 1898 neutrius
1753 1821 1862 1900 heres
1880 1848 1939 1898 re·

348 1944 456 2035 petet
469 1936 558 2035 quia
569 1945 707 2013 neuter
720 1936 831 2014 alteri
845 1937 1069 2036 supervixit.
1085 1939 1143 2014 Et
1157 1937 1227 2015 est*
1242 1965 1283 2016 re
1297 1963 1388 2016 vera
1401 1939 1490 2017 talis
1505 1941 1661 2016 donatio
1675 1941 1809 2018 mortis
1824 1965 1940 2018 causa

348 2079 436 2130 cum
455 2064 620 2132 testator
640 2081 721 2132 rem
741 2057 912 2154 legatam
932 2082 972 2133 se
992 2057 1121 2156 ipsum
1140 2057 1263 2155 magis
1284 2056 1424 2134 habere
1444 2058 1608 2134 voluerit
1631 2084 1747 2157 quam
1768 2084 1857 2136 eum
1878 2060 1939 2135 cui

348 2174 479 2270 legata
497 2174 628 2262 fuerit,
646 2181 791 2250 etcum
808 2175 870 2250 cui
888 2175 1019 2272 legata
1037 2184 1095 2251 est
1112 2174 1236 2273 magis
1255 2200 1373 2274 quam
1389 2175 1568 2252 heredem
1587 2202 1710 2254 suum.
1733 2177 1776 2253 Si
1796 2177 1939 2254 autem⁸

349 2294 401 2370 sic
419 2294 585 2369 donetur
601 2291 736 2369 mortis
754 2317 870 2369 causa
887 2302 932 2369 ut
950 2292 1057 2368 nullo
1075 2317 1167 2369 casu
1184 2301 1396 2381 revocetur,
1414 2319 1530 2371 causa
1550 2294 1719 2372 donandi
1738 2296 1862 2393 magis
1881 2305 1940 2373 est

350 2436 467 2510 quam
484 2411 619 2488 mortis
637 2435 753 2486 causa
772 2410 940 2500 donatio,
960 2419 999 2487 et
1018 2410 1103 2488 ideo
1123 2411 1282 2510 perinde
1301 2411 1432 2488 haberi
1452 2412 1565 2490 debet
1585 2413 1683 2490 sicut
1703 2413 1778 2489 alia
1798 2415 1939 2512 quoevis

349 2531 450 2607 inter
469 2530 576 2607 vivos
599 2531 767 2619 donatio,
788 2539 829 2607 ct
848 2530 934 2606 ideo
954 2531 1055 2607 inter
1075 2531 1177 2608 viros
1198 2540 1237 2608 et
1258 2556 1399 2608 uxores
1421 2557 1499 2608 non
1521 2532 1634 2608 valet.
1659 2533 1802 2610 Mortis
1824 2558 1940 2610 causa

350 2650 493 2725 donare
509 2649 598 2725 licet
616 2674 695 2725 non
711 2656 867 2726 tantum
884 2649 1044 2724 infirmae
1063 2650 1292 2726 valetudinis
1311 2675 1438 2739 causa,
1457 2651 1524 2726 sed
1544 2651 1703 2749 periculi
1722 2661 1761 2728 et
1781 2652 1939 2751 propin·

349 2793 433 2866 quae
447 2767 582 2844 mortis
597 2767 645 2845 ab
660 2766 768 2844 hoste
783 2768 843 2844 vel
859 2794 882 2844 a
897 2766 1152 2866 predonibus,
1169 2767 1229 2843 vel
1245 2767 1294 2842 ob
1309 2768 1471 2844 hominis
1488 2769 1657 2868 potentis
1673 2770 1940 2847 crudelitatem

349 2885 410 2961 vel
433 2883 576 2975 odium,
601 2894 669 2962 aut
691 2909 807 2962 causa
830 2884 1086 2982 navigationis
1111 2884 1185 2961 vel⁹
1210 2886 1530 2985 peregrinationis
1555 2886 1788 2977 imminente,
1815 2897 1884 2963 aut
1909 2888 1940 2965 si

350 3003 434 3102 quis
458 3004 578 3081 fuerit
601 3029 672 3103 per
695 3003 876 3081 insidiosa
898 3004 983 3080 loca
1005 3005 1148 3080 iturus:
1172 3004 1252 3080 haec
1275 3005 1377 3081 enim
1402 3005 1530 3082 omnia
1554 3005 1702 3083 instans
1726 3007 1940 3105 periculum

349 3125 627 3200 demonstrant.
647 3123 850 3199 Tenentur
868 3130 998 3198 autem
1015 3121 1171 3199 heredes
1190 3132 1398 3221 parentum
1417 3147 1573 3200 suorum
1593 3133 1632 3201 et
1650 3123 1813 3201 aliorum
1833 3133 1939 3200 ante·

349 3266 541 3318 cessorum
560 3265 725 3339 quorum
743 3241 900 3316 heredes
919 3239 1118 3316 extiterint
1136 3247 1369 3317 testamenta
1389 3241 1580 3330 servare,¹⁰
1600 3248 1640 3317 et
1659 3267 1792 3318 eomm
1812 3242 1942 3320 debita

351 3360 400 3438 ad
421 3383 505 3457 quae
524 3358 665 3435 catalla
687 3384 757 3434 sua
777 3382 856 3434 non
876 3356 1068 3434 sufficiunt
1090 3359 1325 3455 adquietare.
1349 3359 1547 3458 Imprimis
1571 3368 1700 3436 autem
1724 3360 1836 3437 debet
1859 3361 1940 3460 qui·

349 3478 443 3555 libet
458 3478 524 3576 qui
538 3485 813 3553 testamentum
828 3476 964 3553 fecerit
979 3476 1177 3552 dominum
1193 3502 1306 3552 suum
1321 3478 1369 3553 de
1384 3477 1532 3554 meliori
1547 3504 1589 3555 re
1605 3505 1722 3576 quam
1736 3477 1941 3555 habuerit²²

350 3620 633 3694 recognoscere,
654 3603 693 3671 et
714 3603 850 3693 postea
870 3594 1065 3671 ecclesiam
1086 3595 1133 3670 de
1154 3594 1229 3671 alia
1250 3595 1408 3671 meliori.
1430 3596 1489 3672 Et
1510 3595 1578 3670 in¹²
1600 3596 1829 3695 quibusdam
1849 3596 1941 3674 locis

350 3714 465 3791 habet
485 3714 642 3791 ecclesia
662 3713 797 3790 melius
819 3713 989 3789 averium
1011 3713 1058 3789 de
1079 3712 1365 3802 consuetudine,
1387 3712 1448 3790 vel
1469 3715 1679 3791 secundum
1701 3714 1762 3791 vel
1783 3715 1942 3792 tertium

351 3832 503 3908 melius:
528 3832 569 3908 in
593 3831 833 3930 quibusdam,
858 3829 962 3906 nihil.
988 3831 1048 3907 Et
1072 3831 1157 3907 ideo
1182 3831 1485 3908 consideranda²⁸
1511 3841 1569 3908 est
1594 3835 1831 3909 consuetudo
1856 3833 1940 3909 loci.

353 3955 457 4029 Item
471 3953 519 4029 de
532 3960 657 4028 morte
670 3950 802 4026 uxoris
817 3949 987 4039 alicuius,
1003 3949 1096 4026 dum
1111 3949 1170 4025 vir
1185 3958 1379 4048 superstes
1395 3950 1526 4038 fuerit,
1543 3951 1590 4027 de
1604 3960 1689 4027 toto
1704 3977 1825 4050 grege
1841 3977 1941 4028 com·

351 4071 458 4148 muni
480 4071 690 4148 secundum
709 4068 844 4144 melius
865 4067 1036 4144 averium
1057 4068 1166 4165 quasi
1187 4069 1234 4143 de
1256 4076 1368 4166 parte
1390 4094 1470 4158 sua,
1493 4070 1559 4144 sed
1580 4069 1651 4144 hoc
1672 4093 1750 4145 non
1771 4070 1843 4147 nisi
1866 4068 1942 4145 de²⁴

351 4189 599 4290 permissione
617 4196 656 4264 et
674 4187 803 4285 gratia
820 4187 892 4261 viri
910 4185 979 4262 sui.
999 4186 1058 4261 Et
1077 4185 1249 4284 quamvis
1269 4210 1348 4262 non
1366 4195 1563 4263 teneretur
1582 4187 1666 4286 quis
1685 4188 1830 4287 aliquid
1848 4189 1943 4265 dare

352 4307 514 4384 ecclesiae
532 4332 608 4384 suae
625 4304 778 4381 nomine
796 4303 1015 4404 sepulturas,
1033 4313 1164 4380 tamen
1181 4329 1268 4380 cum
1286 4306 1522 4380 consuetudo
1541 4305 1606 4381 illa
1624 4306 1826 4383 laudabilis
1844 4308 1941 4383 exis-

352 4427 382 4502 f.
398 4424 492 4518 tob]
547 4433 618 4513 tat,
639 4423 816 4500 dominus
835 4447 940 4521 papa
958 4447 1037 4498 non
1056 4422 1141 4498 vult
1161 4447 1245 4498 eam
1265 4421 1489 4520 infringere.
1511 4424 1727 4522 Postquam
1747 4451 1838 4501 vero
1858 4424 1942 4524 quis

352 4546 548 4622 ecclesiam
568 4569 677 4621 suam
696 4544 753 4619 ita
771 4543 1047 4640 recognoverit,
1070 4542 1206 4618 deinde
1227 4552 1408 4641 parentes
1430 4552 1469 4619 et
1490 4543 1583 4619 alias
1604 4569 1788 4643 personas
1811 4569 1942 4622 secun·

352 4666 446 4743 dum
465 4665 569 4764 quod
588 4663 622 4740 ei
641 4663 829 4763 placuerit
848 4661 1038 4760 respiciat.
1060 4661 1207 4738 Mulier
1225 4687 1317 4738 vero
1338 4689 1421 4762 quse
1442 4663 1500 4739 sui
1519 4663 1612 4739 iuris
1633 4664 1805 4741 extiterit
1824 4674 1942 4742 testa·

351 4793 526 4862 mentum
547 4784 676 4861 facere
696 4781 879 4882 poterit,²⁵
901 4781 998 4858 sicut
1019 4781 1094 4858 alia
1114 4781 1254 4879 quevis
1276 4772 1452 4881 persona,
1474 4791 1513 4861 et
1536 4783 1738 4883 disponere
1759 4786 1806 4863 de
1828 4783 1942 4863 rebus

351 5005 492 5079 'secuta
509 5003 579 5078 OB,
596 5003 673 5078 MA,
692 5001 768 5077 ΜΒ,
786 5001 853 5076 ΟΕ,
868 5001 945 5074 ΟΜ,
962 5000 1003 5076 Y,
1022 4999 1094 5060 MC.
1135 4997 1173 5032 ⁸¹⁴
1184 5003 1301 5078 poterit
1318 5020 1387 5060 cum
1405 5004 1485 5079 quis,
1503 5003 1572 5078 OB,
1592 5003 1668 5078 MA,
1687 5004 1763 5079 ΜΒ,
1782 5006 1849 5082 ΟΕ,
1868 5007 1941 5066 ΟΜ.

352 5105 435 5180 ⁵his,
452 5105 521 5177 OB,
539 5104 615 5178 MB,
632 5104 705 5164 ΟΜ.
744 5101 820 5175 ἐὴ,
838 5101 914 5177 MA,
931 5102 1007 5176 MB,
1023 5101 1090 5162 OB.
1130 5099 1231 5175 lcum,
1248 5101 1317 5176 OB,
1336 5103 1411 5177 ΜΒ,
1430 5103 1495 5162 MA
1517 5103 1612 5181 (corr.
1632 5104 1708 5182 est).
1748 5105 1855 5182 ⁸vero,
1874 5109 1943 5183 OB,

353 5206 429 5281 MA,
446 5206 521 5266 ΜΒ.
559 5204 647 5277 ⁹ant,
663 5205 732 5278 OB,
749 5204 825 5277 MA,
842 5204 917 5263 ΜΒ.
956 5201 1074 5276 ²⁰Om.,
1092 5201 1161 5277 OB,
1179 5203 1255 5278 MA,
1272 5202 1348 5278 ΜΒ,
1366 5203 1432 5277 ΟΕ,
1449 5206 1489 5280 Υ,
1506 5206 1579 5268 ΟΜ.
1619 5207 1645 5240 ¹¹
1657 5206 1761 5282 habet,
1779 5210 1848 5286 OB,
1867 5211 1943 5286 MA,

353 5306 428 5366 ΜΒ.
469 5304 495 5339 ²¹
507 5307 587 5378 Orn,
605 5305 674 5380 OA,
693 5305 760 5380 LA,
779 5304 854 5365 MG.
896 5302 922 5336 ¹⁸
934 5302 1135 5377 observanda,
1155 5303 1229 5376 CM,
1248 5304 1317 5377 OB,
1337 5305 1413 5380 MA,
1433 5308 1514 5380 MB;
1534 5308 1753 5387 conservanda,
1774 5312 1841 5387 ΟΕ,
1863 5314 1942 5386 ΜΟ;

352 5404 557 5480 considerata,
571 5406 636 5465 LA.
671 5403 698 5438 ²⁴
710 5406 791 5480 Om,
803 5404 872 5477 OB,
886 5406 963 5478 MA,
976 5405 1050 5465 ΜΒ.
1086 5402 1112 5437 ¹⁶
1124 5411 1238 5482 potest,
1249 5407 1290 5480 V,
1302 5408 1372 5482 OB,
1387 5407 1462 5483 MA,
1477 5411 1551 5471 ΜΒ.
