4432 6336
635 461 696 523 DE
720 462 1023 536 ADQUIRENDO
1045 464 1203 526 RERUM
1226 463 1429 526 DOMINIO
1757 473 1829 542 155

240 613 341 690 iusta
366 637 482 689 causa
508 613 784 711 adquisitionis,
811 615 943 692 statim
968 639 1056 691 cum
1083 615 1330 692 donationem
1356 616 1491 692 fecerit
1517 626 1558 693 et
1583 616 1831 694 traditionem

242 731 369 807 animo
397 731 670 820 transferendi,
699 732 831 809 statim
858 733 1003 810 amittit
1031 743 1070 810 et
1099 733 1238 811 desinit
1266 732 1406 810 habere
1433 743 1639 832 utramque
1668 759 1716 810 ex
1745 734 1832 835 ipsa

240 851 457 927 traditione.
473 851 532 927 Et
546 851 680 927 eodem
692 851 807 928 modo
822 852 853 928 si
867 852 951 950 quis
965 859 1170 951 utramque
1184 851 1371 942 habuerit,
1388 862 1426 929 et
1442 861 1577 929 contra
1591 853 1832 930 voluntatem

241 994 349 1045 suam
366 968 575 1046 disseisitus
593 969 713 1046 fuerit
731 979 770 1046 et
786 969 939 1059 eiectus,
959 970 1090 1048 statim
1108 969 1263 1047 amittat
1281 971 1515 1047 naturalem:
1534 970 1683 1048 civilem
1701 979 1832 1048 autem

241 1114 495 1188 nequaquam,
519 1089 639 1164 donec
660 1088 800 1164 iterum
823 1115 862 1165 se
884 1089 1097 1188 reponere¹²
1120 1087 1240 1166 velit²²
1263 1089 1302 1163 in
1325 1089 1503 1167 seisinam
1524 1089 1747 1188 repellatur,
1770 1088 1832 1165 vel

242 1209 272 1285 si
289 1207 494 1285 crediderit
511 1233 551 1284 se
567 1231 679 1305 posse
697 1207 842 1306 repelli,
861 1207 1051 1284 abstineat
1070 1234 1093 1283 a
1111 1207 1248 1284 seisina
1265 1217 1304 1285 et
1323 1207 1373 1284 ad
1391 1208 1627 1307 superiorem
1647 1217 1831 1297 recurrat,

241 1335 280 1402 et
302 1335 396 1402 tunc
419 1324 559 1402 desinit
582 1325 788 1425 possidere.
815 1325 894 1401 Sed
918 1326 949 1402 si
973 1333 1145 1402 recenter
1169 1326 1263 1404 dum
1287 1325 1435 1402 civilem
1459 1326 1636 1403 habuerit
1660 1325 1831 1403 reiecerit

241 1444 453 1533 eiectorem,
478 1453 682 1542 recuperat
705 1443 962 1532 naturalem,¹⁸
987 1452 1026 1520 et
1051 1444 1103 1521 sic
1127 1445 1242 1521 habet
1266 1454 1482 1543 utramque,
1508 1455 1589 1522 tam
1614 1444 1832 1522 naturalem

242 1587 359 1662 quarn
385 1561 545 1638 civilem.
574 1562 633 1639 Et
660 1562 713 1638 sic
740 1564 971 1662 quandoque
998 1562 1138 1640 desinit
1166 1562 1250 1661 quis
1279 1563 1473 1662 possidere
1501 1573 1541 1640 et
1569 1563 1667 1639 alius
1696 1563 1831 1664 incipit

241 1681 373 1758 statim
387 1706 474 1757 cum
488 1681 585 1758 alius
599 1681 749 1770 desinit,
764 1681 842 1758 sive
858 1681 978 1758 fuerit
992 1681 1179 1758 naturalis
1194 1681 1381 1780 possessio
1396 1708 1467 1781 per
1483 1708 1534 1771 se,
1550 1682 1628 1758 sive
1643 1683 1831 1760 naturalis

240 1807 280 1876 et
298 1799 416 1876 civilis
434 1800 678 1877 cordunctim.
700 1800 804 1876 Item
822 1823 910 1877 cum
928 1800 1012 1898 quis
1031 1800 1171 1876 eiectus
1192 1800 1311 1877 fuerit
1330 1809 1370 1876 et
1389 1800 1606 1877 naturalem
1627 1801 1831 1900 possessio·

241 1942 328 1994 nem
348 1917 529 2006 amiserit,
550 1917 581 1994 si
601 1918 651 1994 ad
670 1929 824 2017 tempus
844 1943 915 2016 per
933 1917 1211 2017 negligentiam
1230 1918 1292 1995 vel
1312 1919 1580 2018 impotentiam
1601 1921 1661 1995 vel
1682 1919 1830 2018 patien-

239 2039 335 2115 tiam
351 2037 530 2113 iniuriam
549 2035 855 2125 dissimulaverit,
874 2036 1017 2114 amittit
1035 2045 1252 2135 utramque,
1271 2045 1352 2113 tarn
1372 2036 1588 2114 naturalem
1607 2063 1723 2136 quam
1742 2038 1830 2112 civi·

239 2159 326 2247 lem,
346 2183 435 2234 curn
454 2156 643 2257 patientia
663 2155 842 2232 trahatur
861 2155 911 2231 ad
930 2179 1167 2232 consensum.
1189 2155 1248 2232 Et
1268 2156 1320 2232 sic
1341 2154 1480 2232 desinit
1500 2182 1631 2232 versus
1653 2155 1830 2233 dominus

241 2275 435 2376 possidere
451 2283 491 2353 et
507 2274 642 2374 incipit
660 2274 854 2373 possidere
872 2298 1067 2372 possessor
1085 2272 1286 2350 violentus.
1305 2274 1363 2351 Et
1383 2274 1516 2350 eodem
1534 2276 1649 2350 modo
1667 2274 1698 2350 si
1716 2300 1830 2351 verus

238 2396 416 2473 dominus
434 2422 457 2473 a
474 2395 711 2496 possessione
728 2395 924 2471 recesserit
941 2394 1091 2470 nemine
1110 2419 1267 2471 suorum
1286 2395 1326 2469 in
1344 2395 1580 2492 possessione
1599 2394 1742 2484 relicto,
1763 2396 1829 2471 ad·

239 2515 313 2590 huc
340 2513 480 2591 retinet
506 2520 712 2611 utramque
738 2512 956 2589 naturalem
982 2521 1022 2589 et
1049 2511 1208 2602 civilem,
1238 2538 1435 2611 quousque
1464 2512 1560 2589 alius
1588 2514 1830 2611 ingrediatur

239 2640 375 2709 contra
398 2631 638 2709 voluntatem
662 2656 772 2708 suam
794 2637 839 2707 eo
864 2629 1004 2708 sciente
1028 2630 1089 2706 vel
1112 2630 1327 2728 ignorante.
1353 2631 1412 2707 Et
1435 2640 1529 2708 tunc
1554 2632 1692 2708 desinit
1717 2657 1830 2710 verus

239 2751 416 2827 dominus
430 2750 569 2828 habere
583 2749 860 2849 possessionem
874 2748 1091 2826 naturalem
1106 2748 1258 2838 iustam,
1274 2749 1340 2826 et²⁴
1356 2749 1527 2826 intrusor
1541 2748 1675 2848 incipit
1690 2750 1830 2827 habere

239 2869 456 2946 naturalem
472 2870 538 2946 sed
553 2868 747 2956 iniustam,
764 2869 831 2944 sed
847 2868 987 2944 retinet
1003 2892 1115 2944 verus
1131 2866 1309 2944 dominus
1326 2868 1474 2945 civilem
1490 2894 1687 2966 quousque
1704 2894 1829 2945 rever·

239 3014 303 3065 sus
321 2986 533 3087 repellatur
549 2988 629 3064 sine
647 3013 715 3086 spe
733 2986 901 3085 ponendi
920 3013 960 3062 se
976 2987 1017 3061 in
1034 2986 1222 3075 saisinam,
1240 2985 1301 3061 vel
1319 3011 1407 3063 cum
1425 2986 1640 3086 suspicetur
1659 3011 1698 3063 se
1717 3013 1830 3086 posse

239 3105 268 3181 f.
284 3105 379 3199 51b]
434 3105 586 3204 repelli:
601 3114 640 3181 et
654 3114 748 3181 tunc
762 3105 906 3181 amittit
921 3115 1125 3203 utramque
1140 3113 1179 3181 et
1193 3105 1364 3181 intrusus
1380 3104 1515 3203 incipit
1529 3105 1668 3181 habere
1683 3115 1829 3182 utram·

240 3250 325 3322 que.
350 3225 408 3300 Et
431 3249 518 3301 cum
542 3225 713 3300 intrusus
736 3232 941 3321 utramque
965 3223 1153 3311 habuerit,
1178 3232 1217 3299 et
1242 3223 1322 3300 sine
1347 3223 1485 3299 iudicio
1510 3249 1533 3300 a
1558 3249 1649 3300 vero
1675 3224 1829 3300 domino

238 3344 379 3420 eiectus
399 3343 530 3432 fuerit,
549 3353 642 3420 tunc
660 3343 728 3419 liet
747 3345 794 3419 de
813 3369 858 3419 eo
877 3344 975 3420 sicut
995 3369 1114 3442 supra
1133 3343 1273 3421 dicitur
1293 3344 1450 3420 devera
1471 3344 1636 3433 domino,
1656 3353 1696 3420 et
1715 3371 1828 3422 verus

238 3462 415 3538 dominus
431 3471 593 3560 propter
609 3487 718 3539 suam
734 3460 911 3538 iniuriam
927 3460 1106 3538 amittet¹⁶
1124 3462 1312 3539 actionem
1329 3487 1438 3538 suam
1454 3472 1494 3539 et
1511 3462 1679 3551 assisam,
1697 3488 1828 3540 secun·

238 3581 332 3659 dum
349 3582 453 3680 quod
470 3580 633 3658 inferius
652 3581 800 3656 dicetur
818 3581 866 3656 de
884 3579 1050 3656 assisis.²⁸
1071 3580 1114 3656 si
1134 3588 1262 3656 autem
1281 3580 1351 3656 hoc
1370 3580 1504 3657 fecerit
1524 3605 1611 3657 cum
1631 3581 1770 3657 iudicio
1789 3588 1829 3657 et

237 3727 308 3799 per
321 3701 490 3789 assisam,
504 3700 566 3776 vel
579 3706 751 3775 recenter
765 3697 845 3775 sine
855 3699 984 3785 assisa,
995 3697 1099 3773 aliud
1110 3698 1193 3773 erit.
1206 3698 1526 3774 Itemcummalae
1534 3699 1623 3774 fidei
1633 3723 1828 3797 possessor

237 3819 294 3895 ita
311 3825 517 3916 utramque
535 3817 675 3894 habere
693 3817 890 3916 inceperit,
911 3816 943 3893 si
962 3817 1011 3892 ab
1032 3825 1216 3892 extraneo
1237 3818 1377 3894 eiectus
1399 3818 1529 3908 fuerit,
1549 3827 1644 3893 tunc
1663 3817 1759 3895 fiet²'
1780 3820 1828 3896 de

237 3962 282 4012 eo
298 3937 395 4013 sicut
409 3935 492 4012 lieri
508 3936 663 4013 deberet
678 3935 725 4012 de
740 3961 832 4011 vero
847 3935 1003 4011 domino
1018 3944 1208 4033 quantum
1223 3936 1272 4011 ad
1289 3945 1492 4012 extraneas
1509 3962 1704 4035 personas.
1724 3937 1827 4014 Item

239 4055 382 4132 amittit
409 4055 493 4154 quis
519 4063 724 4152 utramque
750 4063 874 4129 morte
899 4053 1069 4129 naturali
1095 4053 1156 4129 vel
1183 4053 1294 4130 civili.
1322 4053 1456 4130 Morte
1482 4056 1651 4132 naturali
1679 4056 1828 4132 civilem

238 4173 382 4250 amittit
394 4173 434 4248 iu
447 4172 554 4249 exitu
568 4172 714 4261 anima,
728 4181 768 4249 et
781 4171 998 4248 naturalem
1011 4195 1099 4248 curn
1112 4196 1253 4270 corpus
1267 4172 1465 4249 efferatur.
1484 4172 1645 4250 Civilem
1661 4182 1699 4248 et
1713 4183 1826 4251 natu·

237 4293 358 4368 ralem
377 4291 501 4381 simul,
522 4317 570 4368 ex
589 4300 713 4368 morte
732 4291 844 4379 civili,
864 4315 952 4366 curn
970 4289 1144 4368 habitum
1164 4290 1357 4388 religionis
1378 4292 1627 4390 assumpserit
1648 4293 1704 4368 ita
1723 4293 1827 4391 quod

238 4410 288 4485 ad
304 4409 484 4487 saeculum
500 4409 625 4486 redire
639 4435 719 4485 non
735 4411 868 4508 possit.
889 4409 993 4485 Item
1009 4409 1154 4484 cumin
1170 4409 1407 4507 possessione
1425 4409 1608 4499 extiterit,
1627 4409 1714 4486 licet
1733 4411 1825 4487 eiec-

237 4535 301 4604 tus
321 4552 400 4603 non
419 4527 550 4616 fuerit,
571 4527 602 4604 si
621 4536 753 4604 tamen
772 4526 987 4625 prohibitus
1008 4527 1128 4603 fuerit
1148 4528 1206 4603 uti
1226 4527 1306 4603 frui
1326 4527 1386 4602 vel
1407 4528 1510 4627 quod
1531 4529 1728 4606 commode
1748 4555 1827 4606 non

238 4645 360 4746 possit
372 4645 433 4722 vel
446 4646 561 4723 modo
576 4644 716 4734 debito,
731 4671 801 4744 per
814 4672 855 4722 se
869 4671 991 4742 neque
1005 4671 1077 4744 per
1092 4670 1192 4734 suos,
1208 4646 1267 4722 vel
1283 4646 1313 4722 si
1328 4646 1425 4723 alius
1440 4648 1499 4723 uti
1512 4647 1677 4724 voluerit
1693 4657 1829 4725 contra

236 4763 477 4841 voluntatem
496 4789 617 4853 suam,
637 4763 777 4840 retinet
798 4762 975 4841 dominus
994 4763 1210 4840 naturalem
1230 4764 1506 4862 possessionem
1526 4766 1678 4855 iustam,
1699 4775 1737 4843 et
1757 4767 1826 4842 im·

237 4883 395 4981 pediens
418 4883 479 4959 vel
502 4882 734 4982 perturbans
757 4908 807 4959 ex
830 4882 949 4979 longa
972 4882 1209 4980 possessione
1233 4908 1304 4981 per
1327 4883 1596 4981 impotentiam
1620 4883 1681 4960 vel
1706 4883 1826 4982 negli-

237 5083 263 5120 ¹²
275 5083 356 5158 ona,
372 5083 444 5155 CB;
462 5103 588 5163 ponere,
604 5082 673 5159 OB,
690 5083 767 5158 MA,
783 5083 860 5156 ΜΒ,
876 5083 950 5159 CM,
968 5083 1007 5143 Y.
1046 5080 1188 5156 ¹²vellet,
1206 5083 1275 5159 OB,
1292 5083 1369 5157 MA,
1387 5084 1463 5158 ΜΒ,
1481 5085 1555 5160 CM,
1575 5084 1651 5158 MG,
1670 5085 1715 5156 Y;
1733 5086 1827 5162 volet,

237 5184 306 5260 OA,
324 5185 391 5259 LA,
408 5184 480 5257 CB;
496 5183 582 5258 velit,
600 5185 667 5259 OC,
684 5184 713 5244 V
720 5205 729 5256 ;
746 5183 854 5258 nollet,
873 5184 945 5244 MC.
985 5182 1104 5260 1Ὀιιι,
1121 5183 1191 5260 OB,
1208 5184 1284 5260 MA,
1303 5185 1379 5259 ΜΒ,
1397 5185 1464 5262 CB,
1483 5188 1558 5262 CM,
1576 5188 1614 5247 Y.
1655 5184 1682 5220 ²⁴
1693 5193 1739 5260 ut,
1757 5187 1827 5265 OB,

238 5285 314 5358 MA,
337 5285 412 5347 raa.
457 5283 620 5360 stamma,
643 5285 683 5358 V,
705 5283 772 5358 oc,
796 5285 878 5357 Mo;
902 5289 1035 5362 amant,
1059 5285 1132 5346 cu.
1178 5284 1205 5320 1⁸
1217 5289 1326 5360 assas,
1349 5287 1388 5363 v,
1412 5288 1494 5361 MA;
1518 5292 1617 5365 aaa,
1642 5269 1735 5351 uss
1761 5310 1825 5352 var.

238 5383 263 5419 ²²
275 5384 341 5460 liat,
357 5383 396 5460 V,
412 5384 481 5460 OA,
497 5385 564 5459 LA,
580 5385 648 5460 OC,
665 5384 743 5459 MG,
759 5385 832 5447 Me.
