4374 6366
367 478 442 553 876
899 473 1123 535 BBACTON:
1145 472 1207 534 DE
1231 471 1423 536 LEGIBUS

367 620 571 699 mittetur⁴⁵
594 621 683 699 licet
706 621 759 699 sic
782 623 1008 723 purgaverit
1031 623 1289 700 innocentiam
1312 649 1432 701 suam.
1459 624 1562 701 Item
1586 648 1675 700 cum
1698 624 1958 722 interrogans

368 749 468 817 esset
489 751 528 818 et
549 741 761 840 utlagatus,
783 766 995 839 numquam
1016 741 1109 818 exiit
1133 769 1155 818 a
1178 742 1326 831 seisina,
1350 743 1417 819 sed
1440 767 1591 840 semper
1614 742 1692 819 fuit
1714 743 1755 818 in
1777 743 1959 819 continua

368 859 506 936 seisina
521 884 592 957 per
607 885 768 936 uxorem
782 869 821 936 et
837 859 975 936 liberos
991 870 1030 937 et
1046 860 1233 936 familiam
1250 887 1371 949 suam,
1388 861 1512 936 adhuc
1528 860 1779 938 hereditatem
1795 861 1958 937 retinere

367 1005 447 1055 non
462 979 605 1078 poterit
620 978 692 1055 nisi
707 977 883 1054 dominus
898 1002 989 1055 suus
1003 978 1179 1077 capitalis
1193 978 1264 1054 hoc
1279 979 1443 1055 voluerit
1459 988 1623 1078 propter
1636 978 1870 1077 utlagariam
1885 979 1960 1055 rite

369 1096 574 1188 factam>

467 1222 574 1297 Item
590 1221 849 1297 restituuntur
865 1219 943 1317 lapi
959 1218 1124 1296 mappae
1140 1221 1182 1297 ia
1199 1219 1469 1308 criminalibus,
1487 1221 1591 1319 quod
1608 1220 1683 1320 ipsi
1700 1221 1784 1298 aliia
1801 1245 1957 1320 reapon-

468 1340 599 1426 deoat,
613 1347 652 1414 et
665 1338 730 1416 alii
741 1339 835 1438 ipsis
847 1363 937 1416 aaa.
951 1339 978 1414 1
978 1363 1006 1414 a
1019 1337 1190 1415 civilibus
1202 1360 1293 1415 vero
1305 1338 1381 1438 ipsi
1394 1338 1488 1415 alia.

369 1462 482 1537 Iram
499 1461 758 1538 restituuntur
774 1462 850 1562 legi
868 1463 908 1538 in
925 1461 1183 1538 criminalibus
1200 1461 1367 1539 maxime
1384 1463 1488 1561 quod
1506 1462 1580 1561 ipsi
1598 1462 1681 1539 aliis
1700 1463 1958 1562 respondeant

369 1590 407 1657 et
425 1590 528 1657 stent
547 1590 652 1657 recto
670 1581 701 1657 si
719 1582 804 1679 quis
821 1606 954 1657 versus
973 1607 1036 1657 eos
1055 1580 1160 1679 loqui
1177 1580 1353 1669 voluerit,
1374 1582 1440 1657 sed
1460 1580 1524 1656 alii
1542 1581 1635 1680 ipsis
1654 1606 1733 1656 non
1752 1575 1957 1680 responde·

368 1702 477 1777 bunt.
496 1701 547 1776 In
562 1699 733 1776 civilibus
748 1725 840 1775 vero
855 1699 929 1798 ipsi
946 1699 1040 1787 aliis,
1057 1701 1124 1776 sed
1141 1699 1205 1774 alii
1220 1725 1300 1774 non
1316 1699 1421 1798 ipsis,
1438 1698 1530 1798 quia
1545 1724 1616 1798 per
1632 1699 1867 1796 utlagariam
1883 1699 1956 1776 dis·

368 1818 571 1895 solvuntur
585 1819 713 1918 quoad
728 1817 860 1918 ips0s⁴⁶
877 1816 1141 1916 obligationes,
1158 1827 1197 1894 et
1214 1817 1373 1917 perinde
1390 1818 1675 1914 extinguuntur
1690 1817 1857 1894 actiones
1875 1842 1958 1916 quae

368 1938 585 2014 resuscitari
608 1963 688 2013 non
711 1945 907 2037 poterunt.
934 1937 1185 2035 Respondere
1211 1945 1341 2012 autem
1365 1944 1548 2013 tenentur
1572 1935 1603 2012 si
1627 1936 1712 2034 quis
1736 1961 1869 2012 versus
1894 1961 1957 2012 eos

367 2056 473 2154 loqui
489 2056 665 2144 voluerit,
684 2064 722 2131 et
740 2054 792 2129 ibi
810 2053 1042 2154 respondere
1059 2062 1243 2130 tenentur
1261 2053 1448 2143 omnibuS,
1468 2055 1534 2130 sed
1552 2053 1694 2130 habent
1714 2079 1801 2130 suas
1821 2079 1956 2153 excep·

367 2173 491 2250 tiones
511 2199 644 2250 versus
666 2197 809 2261 omnes,
832 2182 1090 2272 preterquam
1111 2172 1196 2249 illos
1219 2171 1285 2271 qui
1307 2173 1380 2248 rite
1403 2181 1442 2248 et
1465 2173 1676 2249 secundum
1697 2172 1823 2270 legem
1846 2181 1958 2248 terrae

365 2318 498 2368 versus
518 2316 582 2367 eos
603 2300 746 2367 sectam
767 2290 929 2367 fecerint
950 2316 1021 2389 per
1042 2316 1157 2388 quam
1178 2289 1345 2388 utlagati
1366 2288 1567 2379 fuerunt,⁴⁷
1589 2300 1628 2367 et
1649 2291 1751 2367 unde
1772 2291 1803 2366 si
1825 2314 1955 2365 versus

368 2409 462 2486 alios
477 2434 518 2485 se
532 2409 777 2486 defenderint
792 2434 863 2508 per
877 2408 1152 2507 exceptionem.

466 2534 558 2610 Rea
571 2532 734 2612 remittit
748 2532 802 2610 eia
814 2557 924 2607 auam
938 2540 1081 2609 sectam
1095 2531 1176 2609 siae
1188 2531 1410 2631 praeiudicio
1426 2531 1600 2610 oliorum.

367 2657 464 2733 Rex
481 2656 644 2733 remittit
662 2656 715 2733 eis
734 2681 844 2732 suam
862 2663 1016 2744 sectam,
1035 2657 1138 2755 quod
1157 2655 1311 2754 quidem
1330 2656 1457 2732 facere
1476 2656 1619 2755 poterit
1639 2654 1720 2732 sine
1739 2655 1957 2755 praeiudicio

368 2775 541 2852 aliorum.
562 2775 605 2851 Si
623 2784 753 2851 autem
769 2799 857 2851 cum
873 2773 957 2873 quis
976 2774 1095 2851 fuerit
1113 2773 1340 2871 utlagatus⁴⁸
1357 2783 1397 2850 et
1415 2774 1464 2850 sit
1482 2773 1618 2872 aliquis
1636 2775 1702 2872 qui
1719 2798 1852 2850 versus
1869 2799 1958 2850 eum

366 2893 560 2992 loquatur,
576 2894 643 2992 qui
658 2903 800 2970 sectam
816 2919 926 2969 suam
940 2891 1036 2969 bene
1053 2892 1187 2969 feeerit
1203 2901 1242 2969 et
1258 2891 1489 2969 sufficienter
1502 2917 1635 2968 versus
1651 2917 1739 2968 eum
1757 2917 1827 2991 per
1844 2917 1958 2990 quem

366 3014 566 3112 utlagatus
587 3012 676 3101 fuit,
695 3021 736 3088 et
755 3021 866 3111 petat
886 3010 1068 3088 iudicium
1089 3011 1137 3087 de
1155 3010 1227 3086 hoc
1248 3011 1352 3109 quod
1372 3036 1445 3110 per
1463 3019 1607 3087 sectam
1628 3035 1738 3087 suam
1757 3009 1956 3108 utlagatus

366 3139 437 3220 est,
459 3129 680 3229 [queritur]
703 3129 734 3206 si
751 3130 889 3206 debeat
907 3155 995 3206 eum
1012 3126 1180 3205 iterum⁴⁹
1199 3128 1421 3204 convincere
1439 3152 1528 3205 cum
1546 3128 1662 3204 semel
1681 3154 1769 3205 eum
1787 3127 1956 3203 convice-

367 3251 419 3326 rit
436 3275 507 3349 per
524 3259 666 3326 sectam
683 3273 804 3325 suam.
822 3248 990 3324 Videtur
1008 3248 1112 3345 quod
1130 3247 1161 3324 si
1179 3247 1263 3346 quis
1281 3246 1481 3344 utlagatus
1500 3246 1620 3323 fuerit
1638 3272 1711 3345 per
1728 3255 1870 3322 sectam
1890 3245 1956 3320 ali-

365 3368 485 3456 cuius,
501 3393 582 3442 non
597 3375 761 3466 propter
775 3366 847 3441 hoc
864 3365 1102 3442 convincitur
1119 3367 1167 3441 de
1185 3365 1291 3441 facto
1309 3372 1348 3441 et
1366 3364 1521 3453 felonia,
1539 3364 1611 3441 nisi
1628 3373 1782 3440 tantum
1801 3365 1849 3440 de
1868 3387 1955 3438 con·

365 3495 519 3584 temptu
533 3494 572 3562 et
585 3484 853 3573 inobedientia,
868 3493 908 3560 et
921 3483 992 3559 hac
1006 3485 1165 3572 ratione,
1181 3483 1271 3582 quia
1286 3483 1430 3582 poterit
1444 3483 1528 3582 quis
1543 3483 1712 3581 utlagari
1728 3508 1799 3582 per
1813 3491 1956 3558 sectam

367 3603 526 3680 alicuius
551 3611 715 3702 propter
737 3603 875 3700 fugam
899 3611 944 3678 ut
968 3601 1195 3700 pradictum
1220 3610 1289 3690 est,
1313 3601 1402 3678 licet
1425 3600 1535 3676 nulla
1559 3599 1708 3676 subsit⁶⁰
1733 3625 1860 3687 causa,
1887 3623 1957 3675 nec

367 3721 529 3810 factum,
542 3745 613 3796 nec
627 3720 781 3797 felonia.

466 3845 514 3923 Si
535 3843 585 3921 ait
607 3845 674 3944 qai
695 3865 827 3920 versas
850 3869 938 3920 eum
961 3842 1067 3942 leqai
1089 3842 1252 3920 voluerit
1276 3867 1363 3918 eam
1386 3841 1508 3937 suerit
1529 3841 1738 3940 ialopatua,
1762 3839 1956 3939 oportebit

467 3963 572 4062 qood
586 3984 719 4039 vasta
733 3961 861 4062 ipsum
876 3961 1059 4061 loquatur
1072 3985 1144 4060 per
1158 3960 1276 4037 verbo
1290 3959 1446 4059 appelli.

367 4084 582 4162 Oroarnr⁸²
602 4084 751 4185 igitur³²
771 4086 875 4183 quod
895 4083 1096 4184 appellans
1117 4085 1148 4161 si
1168 4092 1311 4160 sectam
1330 4084 1426 4159 bene
1446 4081 1566 4159 fecit⁶⁸
1587 4083 1635 4160 de
1655 4108 1755 4158 novo
1774 4081 1956 4181 loquatur

365 4228 498 4281 versus
524 4229 622 4280 eum.
649 4204 708 4281 Et
733 4202 838 4302 quo⁸⁴
863 4201 982 4278 casu⁶⁸
1008 4202 1227 4302 appellatus
1253 4211 1418 4301 propter
1443 4211 1584 4278 sectam
1611 4201 1708 4278 bene
1735 4201 1881 4277 factam
1908 4200 1956 4275 ab

366 4321 616 4420 appellante⁸⁶
637 4321 762 4399 amisit
783 4346 871 4398 suas
892 4321 1146 4420 exceptiones,
1168 4319 1321 4396 amisit⁶⁷
1343 4321 1460 4396 etiam
1479 4319 1703 4395 electionem
1722 4317 1956 4394 defendendi

366 4466 406 4516 se
418 4465 641 4538 percorpus
655 4465 767 4516 suum
780 4439 841 4515 vel
855 4440 1024 4539 ponendi
1038 4465 1078 4516 se
1092 4465 1209 4537 super
1222 4439 1402 4537 patriam,
1416 4463 1505 4515 cum
1520 4437 1721 4536 appellans
1736 4463 1824 4514 eum
1840 4435 1955 4513 semel

364 4557 569 4634 convicerit
588 4583 660 4657 per
677 4557 876 4657 appellum
894 4566 933 4634 et
950 4584 1021 4657 per
1039 4566 1192 4634 sectam.
1212 4557 1271 4633 Et
1289 4557 1374 4633 ideo
1392 4557 1484 4655 quia
1501 4555 1720 4655 appellatus
1739 4555 1810 4630 hoc
1827 4563 1956 4631 totum

365 4674 492 4751 amisit
505 4683 669 4774 propter
681 4676 821 4773 fugam
833 4685 872 4752 et
886 4676 1130 4773 utlagariam,
1146 4684 1300 4775 oportet
1315 4675 1419 4774 quod
1434 4700 1506 4773 per
1518 4674 1687 4773 patriam
1702 4699 1742 4750 se
1758 4673 1954 4749 defendat.

366 4891 590 4967 ⁴⁸admittieur,
615 4894 684 4969 OA,
712 4894 789 4969 MG,
815 4895 890 4968 CM,
915 4893 981 4955 OC.
1031 4892 1164 4972 “ipsas
1191 4894 1231 4968 V,
1257 4895 1326 4970 OB,
1353 4893 1429 4966 MA,
1457 4893 1533 4965 ΜΒ,
1560 4892 1639 4967 MG,
1664 4891 1738 4951 CM.
1788 4887 1955 4964 ‘'fuerint,

366 4993 406 5067 V,
430 4994 506 5068 MA,
530 4994 607 5069 MG,
630 4994 696 5055 OC.
742 4992 770 5028 ⁴⁸
780 4995 948 5072 inlegatus,
973 4995 1012 5070 V,
1037 4993 1109 5067 003
1134 4995 1303 5072 utlagatus,
1328 4994 1397 5068 OA,
1422 4993 1489 5068 LA,
1514 4993 1581 5068 OE,
1607 4993 1682 5066 MA,
1708 4994 1785 5068 ΜΒ,
1810 4993 1851 5065 Y,
1877 4991 1954 5066 MG,

366 5093 441 5168 CM,
467 5095 540 5154 MC.
589 5092 708 5168 ‘'Om,
735 5095 811 5166 MA,
838 5095 919 5166 MB;
951 5095 1131 5171 (-iterum
1158 5140 1166 5156 .
1195 5142 1202 5155 .
1231 5141 1239 5156 .
1267 5095 1361 5155 semel
1388 5114 1466 5168 eum,
1494 5094 1583 5171 OB).
1634 5093 1802 5169 ⁶⁰subluit,
1830 5094 1874 5166 V;
1903 5095 1955 5167 sit,

364 5191 433 5267 OB,
451 5192 527 5267 MA,
546 5193 620 5255 ΜΒ.
660 5191 687 5228 ⁶²
698 5192 865 5273 oportebit,
882 5193 952 5270 OB,
970 5196 1046 5270 MA,
1065 5196 1141 5256 ΜΒ.
1181 5193 1208 5228 ⁸²
1219 5215 1305 5274 ergo,
1324 5197 1391 5272 OC,
1411 5196 1488 5270 MG,
1506 5196 1580 5257 ΟΜ.
1621 5193 1781 5272 ⁸⁸fecerit,
1801 5195 1868 5271 LA,
1888 5193 1954 5270 ΟΕ,

365 5292 432 5369 OC,
454 5292 532 5370 MG,
554 5295 627 5357 CM.
670 5293 809 5375 ⁸⁴'una
829 5316 934 5371 causa,
954 5296 1033 5373 MG,
1056 5297 1129 5358 ΟΜ.
1174 5295 1200 5330 ³⁶
1212 5296 1434 5376 appellatione,
1457 5296 1534 5371 MG,
1558 5298 1637 5370 CM;
1660 5296 1864 5375 appellatore,
1888 5295 1954 5357 OC.

365 5393 392 5429 ⁶⁷
405 5395 484 5468 Om,
501 5395 579 5471 MG,
595 5397 669 5471 ΟΜ,
685 5397 751 5458 ΟΟ.
1816 5423 1819 5430 ·
