4392 6352
388 546 461 614 842
919 536 1143 597 BRACTON:
1165 534 1226 596 DE
1251 535 1442 597 LEGIBUS

389 714 429 766 se
446 689 487 763 in
504 687 632 787 aliquo
649 688 842 776 conflictu,
860 695 899 763 et
917 685 1054 785 aliquis
1073 685 1121 763 sit
1139 687 1365 763 interfectus
1384 686 1485 762 inter
1503 684 1612 773 tales,
1632 682 1728 761 nec²⁸
1749 694 1937 783 appareat
1957 709 1980 759 a

390 833 466 906 quo
483 831 553 882 nec
568 832 618 882 ex
635 806 741 883 cuius
758 805 927 894 vulnere,
945 831 1076 882 omnes
1094 805 1168 882 dici
1184 813 1370 904 poterunt
1387 804 1594 892 homicidae,
1612 813 1651 881 et
1669 803 1723 879 illi
1742 803 1808 903 qui
1825 828 1979 903 percus·

389 934 523 1001 senmt
538 933 578 1001 et
595 923 687 1022 qui²⁴
702 933 913 1001 tenuerunt
929 924 1031 1001 malo
1049 923 1176 1000 animo
1194 925 1287 1000 dum
1304 947 1507 1023 percussus
1525 921 1642 998 fuit.²⁸
1662 924 1765 999 Item
1783 931 1822 998 et
1840 921 1895 998 illi
1914 922 1980 1021 qui

389 1045 589 1121 voluntate
607 1043 802 1120 occidendi
821 1053 1009 1120 venerunt
1028 1044 1116 1120 licet
1135 1068 1214 1118 non
1234 1051 1517 1142 percusserunt.
1540 1044 1643 1118 Item
1662 1051 1701 1118 et
1721 1041 1776 1116 illi
1797 1041 1862 1140 qui
1883 1039 1980 1116 nec²⁰

390 1163 610 1240 occiderunt
636 1161 732 1238 nec²¹
759 1162 1000 1238 voluntatem
1025 1161 1220 1238 occidendi
1246 1160 1474 1250 habuerunt,
1502 1161 1569 1236 sed
1595 1169 1784 1237 venerunt
1811 1169 1855 1236 ut
1884 1184 1979 1259 prae·

390 1291 538 1357 starent
560 1281 759 1357 consilium
782 1291 821 1357 et
844 1281 1030 1356 auxilium
1052 1280 1291 1367 occisoribus,
1317 1280 1489 1378 quamvis
1515 1279 1722 1377 aliquando
1745 1304 1877 1355 eorum
1902 1279 1979 1354 vio·

389 1402 509 1478 lentia
524 1400 745 1501 repellatur.
763 1401 867 1476 Item
882 1425 960 1475 non
974 1401 1098 1476 solum
1113 1406 1269 1475 tenetur
1282 1398 1346 1474 ille
1361 1398 1427 1497 qui
1442 1397 1611 1496 percutit
1625 1407 1665 1475 et
1681 1398 1830 1484 occidit,
1846 1422 1980 1473 verum

391 1519 507 1596 etiam
524 1518 587 1594 ille
604 1519 670 1617 qui
687 1519 862 1618 praecipit
879 1526 1080 1616 percutere
1099 1527 1137 1594 et
1155 1518 1337 1605 occidere,
1356 1515 1475 1616 quia²⁸
1493 1541 1580 1592 cum
1598 1541 1677 1591 non
1697 1516 1773 1593 sint
1792 1516 1980 1592 immunes

391 1663 414 1713 a
429 1637 555 1737 culpa,
571 1638 759 1714 immunes
776 1663 857 1714 esse
873 1662 951 1712 non
967 1637 1107 1713 debent
1125 1663 1148 1713 a
1164 1661 1300 1735 poena.
1320 1636 1405 1711 Nec
1421 1635 1538 1711 etiam
1555 1635 1619 1710 ille
1635 1637 1701 1734 qui
1717 1660 1805 1710 cum
1822 1633 1980 1732 posset²⁹

390 1757 580 1832 hominem
599 1782 623 1831 a
639 1765 764 1832 morte
782 1756 944 1832 liberare
962 1754 1067 1831 non⁸⁰
1087 1754 1274 1830 liberavit.
1297 1756 1401 1831 Item
1420 1755 1466 1829 fit
1486 1751 1730 1830 homicidium
1750 1754 1790 1829 in
1808 1753 1920 1841 bello,
1941 1763 1980 1828 et

389 1884 483 1952 tunc
502 1875 710 1952 videndum
729 1883 862 1951 utrum
882 1875 1025 1950 bellum
1045 1873 1094 1951 sit
1115 1874 1259 1949 iustum
1278 1873 1339 1949 vel
1360 1871 1556 1948 iniustum.
1581 1872 1623 1948 Si
1644 1880 1774 1948 autem
1795 1871 1979 1948 iniustum

389 1993 583 2069 tenebitur
596 1992 749 2068 occisor.
768 1993 810 2068 Si
827 2003 956 2070 autem
970 1993 1125 2079 iustum,
1142 1992 1239 2068 sicut
1254 2018 1326 2091 pro
1342 1991 1564 2068 defensione
1580 1991 1726 2090 patriae,
1743 2015 1821 2066 non
1836 1989 1979 2068 tenebi-

390 2119 456 2187 tur
469 2111 542 2187 nisi
557 2112 628 2186 hoc
644 2111 779 2189 fecerit
795 2119 980 2210 cormpta
995 2108 1246 2187 intentione.⁸²

488 2231 553 2307 De
570 2228 693 2326 officio
709 2238 989 2306 coronatorum.

390 2350 495 2425 CUM
513 2357 642 2424 autem
659 2347 859 2443 contingat
875 2346 1120 2424 homicidium
1137 2347 1220 2423 fieri
1238 2348 1468 2446 quandoque
1485 2347 1525 2423 in
1543 2347 1731 2436 domibus,
1749 2347 1980 2445 quandoque

389 2467 429 2541 in
446 2467 538 2542 villa
554 2466 615 2543 vel
632 2466 735 2554 vicis,
754 2467 983 2564 quandoque
1001 2467 1042 2541 in
1060 2465 1205 2565 campis
1223 2474 1337 2543 extra
1353 2465 1485 2542 villam
1503 2475 1543 2542 et
1560 2466 1601 2541 in
1620 2465 1850 2553 nemoribus,
1871 2473 1910 2540 et
1929 2465 1980 2540 ad

388 2585 418 2662 f.
435 2585 553 2678 rarb]
609 2593 852 2661 coronatores
875 2583 1067 2683 pertineat
1090 2583 1166 2660 de⁸²
1186 2583 1404 2661 huiusmodi
1426 2583 1567 2674 occisis,
1590 2609 1678 2660 cum
1702 2582 1777 2660 de⁸⁸
1800 2583 1978 2659 interieo

387 2702 500 2780 tore³⁴
513 2703 597 2802 quis
611 2703 674 2780 ille
689 2703 808 2780 fuerit
821 2703 1025 2791 nesciatur,
1041 2702 1266 2800 diligentem
1282 2703 1408 2780 facere
1423 2703 1718 2802 inquisitionem,
1734 2703 1819 2779 ideo
1835 2703 1980 2778 bonum

388 2832 446 2899 est
466 2821 594 2898 videre
615 2821 727 2920 quale
747 2821 795 2897 sit
815 2846 948 2897 eorum
968 2821 1134 2898 officium
1153 2820 1220 2897 in⁸⁸
1241 2821 1311 2898 hac
1332 2831 1455 2920 parte.
1478 2823 1556 2898 Est
1575 2819 1724 2920 igitur⁸⁶
1745 2846 1878 2897 eorum
1899 2820 1978 2896 offi-

389 2942 500 3031 cium,
522 2942 625 3040 quod
645 2966 762 3040 quam
782 2941 858 3017 cito
877 2938 1082 3016 habuerint
1101 2941 1329 3017 mandatum
1350 2967 1374 3016 a
1393 2938 1561 3016 ballivo*
1584 2939 1728 3017 domini
1750 2939 1851 3038 regis
1873 2940 1935 3015 vel
1956 2965 1979 3015 a

388 3059 519 3158 probis
536 3058 750 3135 hominibus
768 3058 905 3157 patriae
922 3058 1034 3147 illius,
1054 3059 1231 3135 accedere
1249 3059 1391 3135 debent
1410 3060 1460 3136 ad
1478 3060 1619 3135 occisos
1637 3059 1716 3136 sive
1734 3060 1784 3135 ad
1802 3059 1978 3134 vulnera·

387 3186 460 3266 tos,
478 3179 557 3253 sive
573 3177 623 3253 ad
640 3176 856 3253 submersos
872 3177 933 3254 vel
951 3176 1079 3253 subito
1094 3186 1279 3266 mortuos,
1298 3188 1336 3255 et
1356 3178 1406 3254 od
1425 3178 1626 3254 domorum
1646 3179 1852 3255 fractiones
1871 3178 1978 3254 etad

387 3298 515 3373 locum
530 3296 596 3373 ubi
614 3295 753 3373 dicitur
770 3294 939 3372 thesauri
956 3294 1074 3372 fuisse
1091 3295 1301 3372 inventum.
1320 3296 1378 3372 Et
1395 3295 1466 3372 hoc
1485 3297 1612 3373 facere
1631 3296 1772 3373 debent
1789 3296 1922 3373 statim
1938 3304 1979 3371 et

389 3417 469 3491 sine
486 3439 597 3490 mora
614 3413 753 3512 aliqua,
773 3423 812 3491 et
831 3414 871 3488 in
892 3414 1061 3491 adventu
1080 3412 1280 3512 ipsorum⁸⁸
1300 3440 1432 3491 versus
1452 3423 1584 3513 partes
1604 3415 1689 3492 illas
1708 3416 1893 3492 mandare
1914 3416 1978 3491 de·

388 3533 481 3608 bent
498 3541 665 3631 quatuor
680 3531 740 3607 vel
758 3531 927 3630 quinque
944 3531 1005 3607 vel
1023 3530 1118 3608 sex⁸⁸
1135 3531 1234 3608 villis
1252 3532 1383 3608 vicinis
1403 3535 1506 3631 quod
1524 3534 1657 3609 statim
1674 3535 1831 3611 veniant
1848 3559 1979 3610 coram

388 3649 482 3740 eis,⁴⁰
505 3660 543 3727 et
566 3675 791 3749 percorum
814 3660 1096 3727 sacramentum
1120 3651 1267 3727 faciant
1289 3651 1572 3750 inquisitionem
1596 3653 1644 3729 de
1668 3652 1820 3728 homine
1844 3653 1977 3741 occiso,

388 3796 476 3846 cum
490 3768 813 3846 acoronatoribus
828 3769 975 3844 fuerint
990 3767 1201 3866 requisiti.⁴²

350 3917 353 3924 ¹
487 3890 553 3964 De
569 3886 877 3987 inquisitionibus
893 3886 961 3963 abi
978 3887 1122 3963 occisae
1138 3886 1270 3981 faerit.

389 4008 592 4082 Imrnrmrs
611 4005 751 4082 scilicet
770 4004 835 4080 ubi
854 4013 1030 4081 mortuus
1050 4006 1193 4081 occisus
1215 4006 1346 4094 fuerit,
1367 4005 1407 4082 in
1426 4007 1540 4083 domo
1560 4008 1621 4083 vel
1641 4007 1681 4083 in
1702 4032 1850 4108 campo.
1874 4009 1978 4085 Item

389 4125 419 4200 si
443 4125 492 4200 ad
513 4123 658 4199 luctam
680 4123 741 4198 vel
765 4123 815 4198 ad
836 4123 1038 4200 tabernam
1061 4121 1148 4197 vel⁴²
1173 4123 1288 4199 aliam
1310 4125 1660 4222 congregationem,
1687 4135 1726 4203 et
1748 4125 1978 4225 ubicumque

386 4245 565 4320 inventus
586 4242 705 4319 fuerit
724 4250 912 4330 mortuus,
932 4249 1027 4316 tunc
1047 4241 1252 4339 diligenter
1273 4242 1346 4318 erit
1366 4243 1637 4341 inquirendum
1658 4245 1723 4342 qui
1745 4255 1839 4321 tunc
1861 4245 1977 4322 inter·

388 4363 561 4450 fuerunt,
577 4361 655 4437 sive
668 4360 860 4436 masculus
876 4358 954 4435 sive
968 4359 1125 4448 femina,
1140 4359 1262 4435 maior
1275 4360 1337 4436 vel
1351 4360 1487 4450 minor,
1504 4371 1543 4438 et
1559 4363 1624 4460 qui
1639 4363 1793 4439 illorum
1808 4365 1856 4440 de
1872 4365 1978 4440 facto

388 4477 577 4554 fuerunt⁴⁸
591 4476 813 4574 culpabiles,
829 4486 868 4553 et
884 4477 950 4574 qui
965 4478 1012 4553 de
1029 4477 1162 4564 forcia,
1178 4478 1334 4554 consilio
1349 4480 1410 4555 vel
1427 4488 1632 4579 praecepto,
1650 4480 1716 4557 et⁴⁴
1733 4482 1799 4580 qui
1817 4482 1978 4559 fuerunt

387 4597 428 4671 in
445 4620 561 4672 causa
579 4593 734 4693 aliqua⁴⁵
752 4595 853 4670 illius
872 4593 1007 4670 facti.⁴⁶
1025 4595 1083 4672 Et
1103 4596 1209 4672 facta
1228 4596 1470 4694 inquisitione
1491 4598 1677 4696 diligenti,
1697 4610 1887 4699 quotquot
1906 4626 1978 4700 per

387 4763 414 4798 ¹⁸
425 4783 497 4839 non,
515 4763 594 4836 MG,
611 4762 685 4824 CM.
725 4759 752 4795 ²⁴
764 4761 844 4837 Om,
862 4763 931 4836 OB,
951 4764 1027 4838 MA,
1046 4763 1120 4824 ΜΒ.
1162 4761 1188 4796 ²⁸
1201 4763 1307 4838 fuerit,
1325 4765 1364 4840 V,
1385 4766 1462 4840 MG,
1481 4767 1547 4842 ΟΕ,
1567 4768 1635 4843 ΟΒ,
1656 4769 1731 4841 MA,
1751 4770 1826 4830 MB.
1867 4767 1978 4845 ²'non,

388 4867 465 4942 MG,
480 4865 554 4940 CM,
569 4865 637 4939 OB,
653 4865 729 4938 MA,
744 4865 826 4937 MB;
843 4885 912 4938 om.,
927 4865 993 4925 ΟΕ.
1031 4862 1141 4937 ²⁷non,
1157 4866 1227 4939 OB,
1243 4867 1317 4926 MA.
1355 4863 1381 4898 ²⁸
1393 4874 1424 4927 et
1440 4871 1522 4944 quia,
1538 4869 1607 4944 OB,
1623 4870 1699 4943 MA,
1716 4871 1791 4932 MB.
1829 4869 1978 4949 ”possit

388 4968 465 5042 MG,
482 4967 548 5027 OC.
588 4963 659 5027 ⁸⁰et
675 4986 748 5042 non,
765 4966 834 5042 OB,
854 4964 930 5040 MA,
948 4966 1025 5042 ΜΒ,
1044 4967 1118 5040 ΜΟ,
1138 4966 1204 5043 ΟΕ,
1223 4967 1290 5042 OC,
1308 4969 1337 5027 Y
1361 4966 1491 5046 (†et).
1532 4967 1727 5034 ⁸¹voluntate
1746 4979 1778 5032 et
1796 4975 1978 5048 intentione,

388 5070 432 5141 V;
456 5070 625 5142 voluntate,
647 5067 716 5141 OB,
739 5067 815 5142 MA,
840 5068 914 5127 MB.
960 5066 1040 5139 ⁸²et,
1063 5069 1132 5142 OB,
1157 5068 1233 5139 MA,
1257 5069 1331 5128 MB.
1376 5066 1683 5146 ⁸⁸'⁸⁴interfectione,
1706 5073 1775 5148 OB,
1800 5074 1875 5150 MA,
1901 5076 1975 5135 MB.

387 5168 505 5243 ³⁶Om„
529 5169 606 5243 Mo,
631 5168 703 5230 cu.
750 5165 880 5244 cenam,
904 5167 974 5242 os,
998 5169 1074 5246 MA,
1100 5168 1175 5243 us,
1201 5167 1267 5229 cn.
1314 5166 1486 5247 ”ballii-u,
1511 5172 1580 5246 on,
1606 5173 1682 5249 un,
1707 5175 1784 5250 un,
1810 5175 1877 5251 cs,
1903 5177 1976 5238 cu.

387 5269 414 5304 ⁸⁸
424 5291 539 5344 eorum,
551 5271 620 5345 OA,
632 5269 698 5329 OC.
734 5267 825 5330 ”aex
837 5268 886 5344 de,
899 5269 967 5343 ΟΕ,
979 5269 1054 5329 MA.
1089 5267 1116 5303 ⁴⁰
1127 5272 1215 5347 ipsis,
1227 5269 1266 5344 V,
1279 5271 1354 5332 MB.
1390 5269 1416 5304 ⁴²
1428 5275 1577 5348 inquisiti,
1590 5274 1658 5348 OC,
1672 5275 1754 5348 MG;
1772 5275 1886 5352 (-—fu
1901 5297 1977 5354 req,

387 5370 481 5448 CM).
518 5369 605 5430 ⁴'vel
621 5368 671 5446 ad,
688 5369 764 5446 MA,
782 5369 861 5446 MG,
876 5369 951 5444 ΟΜ,
968 5370 1034 5433 OC.
1073 5367 1100 5402 ⁴⁸
1113 5369 1241 5447 fuerint,
1259 5371 1334 5448 MA,
1352 5372 1430 5449 MG,
1447 5373 1514 5449 ΟΕ,
1533 5374 1607 5452 ΟΜ,
1625 5376 1691 5452 LA,
1708 5377 1749 5451 Y,
1767 5379 1840 5441 MC.
1878 5377 1977 5455 “veh

387 5473 455 5547 OA,
468 5473 537 5545 OB,
551 5472 627 5547 MA,
641 5472 717 5546 ΜΒ,
730 5473 797 5547 LA,
812 5471 885 5532 MC.
921 5469 948 5504 ⁴³
960 5471 1032 5545 alia,
1045 5471 1115 5547 OB,
1129 5472 1204 5533 MA.
1240 5471 1358 5548 ⁴⁸0m,
1373 5475 1442 5550 OB,
1458 5477 1534 5552 MA,
1549 5478 1613 5537 ΜΒ
1634 5475 1763 5555 (-et).
