4392 6352
849 490 909 551 un
933 488 1206 553 remoturus
1752 498 1827 572 317

237 640 443 738 praedictus
462 640 667 717 vicecomes
687 650 819 717 noster
836 641 943 717 vobis
964 641 1058 718 scire
1078 640 1206 729 faciet,
1228 641 1415 717 accedatis
1437 642 1543 740 apud
1563 641 1681 718 talem
1701 642 1828 718 locum

238 759 287 834 ad
308 758 532 857 praedictam
552 758 835 856 inquisitionem
855 758 968 835 simul
988 782 1076 835 cum
1096 759 1279 858 praedicto
1300 760 1349 834 B.
1372 768 1411 836 et
1432 760 1598 859 praefato
1618 760 1828 836 vicecomiti

236 885 370 953 nostro
386 876 615 966 faciendam,
631 887 677 954 ut
693 877 931 976 diligentiam
946 886 1115 954 vestram
1131 887 1170 955 et
1188 878 1453 955 discretionem
1469 878 1606 954 merito
1623 878 1828 955 debeamus

237 997 514 1072 commendare.
542 997 594 1072 In
618 996 725 1072 cuius
751 997 805 1071 rei
830 995 1093 1074 testimonium
1119 1005 1295 1073 etcetera.
1324 999 1442 1073 Teste
1468 1005 1645 1073 etcetera.
1673 998 1732 1074 Et
1757 997 1829 1074 fiat

238 1114 343 1190 aliud
364 1113 477 1191 breve
497 1115 671 1191 consocio
693 1141 762 1191 suo
782 1115 976 1191 consimile
998 1124 1036 1191 et
1057 1116 1241 1203 clausum,
1264 1125 1303 1190 et
1325 1114 1442 1191 etiam
1463 1141 1580 1214 super
1602 1115 1736 1191 eodem
1758 1116 1828 1192 fiat

237 1230 351 1307 breve
367 1231 579 1309 vicecomiti
596 1233 769 1310 clausum
786 1234 826 1308 in
841 1234 913 1309 hac
931 1235 1069 1309 forma.

336 1353 465 1429 Breve
481 1351 691 1429 vicecomiti
707 1350 879 1427 clausam
896 1375 1014 1450 svper
1030 1352 1175 1428 eodem.

237 1471 334 1547 lux
350 1469 560 1546 vicecomiti
577 1469 752 1546 salutem.
773 1469 1024 1568 Praecipimus
1041 1471 1110 1545 tibi
1129 1471 1232 1568 quod
1251 1471 1457 1569 assumptis
1477 1480 1604 1547 tecum
1623 1471 1769 1548 dilectis
1788 1479 1828 1548 et

237 1586 413 1666 fidelibus
427 1588 569 1665 nostris
583 1590 636 1665 A.
651 1598 690 1665 et
705 1590 754 1664 B.
771 1614 866 1687 quos
882 1587 958 1665 ad²¹
973 1587 1071 1663 hoc²²
1086 1588 1308 1665 iustitiarios
1324 1597 1475 1666 nostros
1491 1589 1770 1678 constituimus,
1787 1590 1828 1665 in

237 1708 397 1806 propria
418 1732 583 1807 persona
602 1705 699 1784 tua²⁸
721 1708 877 1783 accedas
899 1707 950 1782 ad
968 1707 1087 1784 talem
1108 1706 1246 1795 locum,
1269 1716 1308 1782 et
1329 1707 1405 1782 illic
1426 1732 1555 1784 coram
1576 1717 1616 1785 te
1637 1717 1676 1784 et
1697 1733 1828 1784 coram

237 1826 411 1924 praefatis
430 1825 642 1903 iustitiariis
660 1825 801 1902 nostris
819 1826 950 1901 venire
969 1826 1088 1902 facias
1109 1825 1247 1923 viginti
1266 1835 1434 1923 quatuor
1453 1826 1501 1901 de
1521 1825 1766 1923 legalioribus
1788 1835 1828 1902 et

237 1944 520 2021 discretioribus
541 1943 727 2021 militibus
750 1944 796 2020 de
819 1945 1005 2021 comitatu
1028 1954 1108 2032 tuo,
1132 1969 1202 2043 per
1226 1969 1320 2044 quos
1345 1944 1398 2018 rei
1422 1943 1562 2020 veritas
1586 1952 1763 2033 etcetera,
1787 1953 1827 2021 et

237 2063 302 2162 qui
317 2088 387 2139 nec
402 2063 603 2162 praedictos
620 2064 666 2139 C.
682 2072 721 2140 et
736 2063 790 2138 D.
808 2061 938 2160 aliqua
953 2060 1138 2138 affinitate
1155 2062 1363 2160 attingant,
1380 2062 1441 2138 vel
1457 2060 1551 2161 qui²⁴
1567 2062 1694 2161 aliquo
1710 2064 1827 2139 modo

236 2206 315 2258 non
330 2181 406 2258 sint
419 2181 674 2268 essoniabiles‚
691 2182 740 2257 ad
755 2180 1104 2279 recognoscendum
1120 2206 1237 2279 super
1252 2188 1536 2256 sacramentum
1552 2207 1665 2257 suum
1681 2182 1711 2258 si
1730 2205 1825 2281 prae·

237 2298 266 2374 f.
283 2301 375 2392 112]
432 2299 556 2376 dictus
576 2300 621 2376 C.
640 2297 867 2398 praedictum
883 2299 938 2374 D.
957 2298 1144 2387 robbavit,
1163 2298 1224 2374 vel
1243 2298 1358 2374 aliam
1376 2298 1554 2375 iniuriam
1573 2301 1606 2375 ei
1626 2300 1719 2376 fecit
1738 2325 1825 2375 con·

236 2427 298 2494 tra
312 2443 448 2517 pacem
462 2427 646 2494 nostram.
664 2418 722 2493 Et
737 2419 792 2493 ita
808 2418 912 2517 quod
927 2418 1057 2493 omnia
1071 2418 1283 2516 procedant
1300 2418 1510 2494 secundum
1526 2418 1721 2516 querelam
1737 2443 1825 2493 con·

236 2537 441 2636 querentis.
458 2538 517 2614 Et
531 2547 625 2614 tunc
641 2536 711 2613 sic:
728 2537 786 2613 Et
803 2535 1086 2634 inquisitionem
1102 2535 1208 2612 illam
1224 2535 1285 2611 vel
1302 2536 1586 2634 inquisitionem
1603 2562 1721 2634 quam
1737 2537 1826 2613 inde

237 2655 371 2732 feceris
387 2655 516 2732 venire
531 2655 651 2732 facias
666 2679 796 2731 coram
811 2654 931 2743 nobis,
947 2654 1008 2730 vel
1023 2653 1117 2730 scire
1134 2653 1253 2730 facias
1269 2652 1378 2730 nobis
1393 2653 1462 2730 tali
1478 2654 1540 2730 die
1555 2654 1617 2730 vel
1633 2654 1713 2731 sine
1731 2654 1824 2730 dila·

235 2773 350 2850 tione.
373 2773 432 2849 Et
453 2772 548 2849 seire
570 2771 688 2849 facias
711 2772 893 2872 praedicto
917 2771 977 2849 C.²
1000 2773 1051 2848 ad
1072 2798 1186 2870 quem
1208 2771 1309 2848 diem
1332 2773 1459 2848 facere
1481 2773 1646 2848 volueris
1670 2773 1824 2871 inquisi-

235 2893 380 2969 tionem
395 2893 513 2981 illam,
531 2901 576 2968 ut
592 2891 682 2968 inde
698 2891 925 2989 tempestive
942 2890 1231 2989 praemuniatur,
1250 2899 1289 2966 et
1308 2899 1353 2967 ut
1370 2891 1554 2989 praedicta
1573 2890 1767 2988 inquisitio
1784 2890 1826 2966 in

236 3010 439 3109 prasentia
455 3010 655 3108 utriusque
672 3009 794 3108 partis
811 3010 996 3108 procedat
1012 3009 1045 3084 si
1060 3008 1252 3085 voluerint
1268 3009 1461 3084 interesse.
1481 3009 1539 3086 Et
1557 3009 1669 3086 itate
1685 3009 1824 3086 habeas

235 3129 276 3204 in
290 3129 360 3204 hoc
376 3128 531 3226 negotio
546 3137 723 3205 etcetera.
741 3129 859 3218 Teste
875 3136 1051 3204 etcetera.
1068 3127 1128 3203 Et
1142 3127 1282 3203 infiniti
1299 3136 1389 3203 sunt
1406 3152 1514 3203 casus
1531 3135 1570 3203 et
1588 3127 1723 3202 formae
1739 3128 1823 3203 infi-

235 3249 324 3324 nitae
339 3248 476 3347 quibus
491 3247 780 3323 constituuntur
795 3245 1000 3333 iustitiarii‚
1018 3246 1227 3321 secundum
1244 3245 1348 3343 quod
1364 3245 1526 3321 inferius
1543 3245 1663 3321 videri
1680 3245 1824 3344 poterit

235 3365 276 3441 in
289 3365 420 3443 multis
435 3365 538 3441 locis.
558 3365 637 3441 Sed
652 3366 730 3441 haec
745 3364 795 3440 ad
811 3389 978 3463 praesens
994 3361 1198 3440 sufficiant²
1213 3363 1380 3462 exempli
1396 3387 1523 3440 causa.

334 3603 389 3677 lo
413 3602 583 3678 adventu
607 3587 900 3677 iustitiariorvm
926 3600 974 3677 de
1001 3600 1135 3677 ordine
1160 3599 1406 3699 proponendi
1430 3600 1599 3677 actiones
1625 3610 1664 3677 et
1691 3624 1823 3677 eorum

335 3718 470 3816 officio.

235 3838 291 3913 ΙΝ
314 3838 484 3914 adventu
505 3837 797 3914 iustitiariorum
819 3838 868 3913 ad
890 3836 1019 3912 omnia
1042 3836 1185 3935 placita
1206 3861 1256 3912 ex
1278 3837 1517 3912 iuridictione
1541 3836 1610 3913 sibi
1634 3837 1822 3935 delegata,

234 3956 403 4054 pertinet
420 3957 470 4032 ad
489 3982 552 4033 eos
572 3957 704 4032 audire
722 3955 895 4054 querelas
914 3955 1154 4052 singulorum
1173 3965 1212 4030 et
1231 3955 1446 4053 petitiones,
1466 3964 1511 4031 ut
1529 3955 1733 4052 unicuique
1752 3956 1823 4031 fiat

233 4075 380 4153 iustitia
401 4085 440 4152 et
461 4076 565 4175 quod
586 4100 699 4152 suum
721 4074 841 4151 fuerit
860 4074 1067 4148 tribuatur.
1090 4073 1149 4149 Et
1171 4073 1202 4148 si
1224 4073 1275 4149 sit
1297 4072 1363 4170 qui
1386 4070 1512 4171 putet³
1536 4099 1575 4149 se
1598 4073 1824 4171 petitionem

233 4194 384 4282 habere,
401 4193 612 4270 actionibus
628 4193 741 4268 debet
758 4191 936 4291 experiri,
955 4191 1046 4289 quia
1061 4217 1173 4266 nemo
1190 4190 1270 4267 sine
1287 4190 1435 4267 actione
1453 4191 1663 4290 experitur,
1682 4199 1721 4267 et
1738 4190 1824 4267 hoc⁴

233 4312 325 4389 non⁵
342 4314 421 4389 sine
437 4312 543 4387 brevi
560 4309 612 4387 et⁸
628 4310 756 4387 libello
771 4309 1062 4398 conventionali‚
1080 4308 1171 4407 quia
1186 4333 1299 4385 nemo
1316 4309 1363 4384 de
1380 4308 1499 4384 libero
1516 4319 1735 4386 tenemento
1753 4334 1822 4386 suo

234 4431 314 4508 sine
332 4431 437 4506 brevi
455 4430 516 4506 vel
533 4430 613 4506 eius
631 4428 872 4528 pertinentiis
891 4427 964 4504 nisi
982 4426 1104 4525 gratis
1123 4427 1288 4503 voluerit
1306 4427 1563 4527 respondebit.
1584 4427 1702 4516 Quod
1721 4428 1753 4504 si
1773 4428 1823 4504 ad

233 4548 304 4625 hoc
324 4549 463 4625 iniuste
485 4556 634 4625 artatus
655 4547 786 4634 fuerit,
808 4545 1033 4623 subvenitur
1054 4547 1088 4622 ei
1109 4571 1181 4644 per
1200 4545 1279 4623 tale
1301 4545 1415 4622 breve
1436 4545 1580 4622 domini
1601 4546 1703 4644 regis
1725 4546 1822 4622 vice·

233 4666 362 4743 comiti
376 4667 563 4743 directum
579 4667 619 4741 in
633 4665 704 4740 hac
718 4666 857 4741 forma.

332 4787 459 4862 Breve
477 4808 524 4860 ce
541 4783 626 4883 qvia
642 4781 903 4882 implacitetvr
919 4782 1001 4859 cirre
1019 4779 1124 4859 brevi
1140 4788 1181 4859 et
1197 4791 1393 4882 precepto
1411 4781 1556 4859 mnam
1572 4781 1685 4880 repis.

232 4906 329 4982 Rrx
345 4902 556 4980 vicecomiti
574 4901 748 4978 salutem.
768 4899 1019 4999 Praecipimus
1035 4900 1106 4976 tibi
1124 4902 1227 5000 quod
1245 4926 1323 4976 non
1341 4901 1554 5000 implacites
1573 4901 1633 4977 vel
1650 4899 1821 5000 implaci-

232 5023 308 5098 tari
323 5022 525 5120 permittas
540 5022 660 5097 talem
674 5019 722 5095 de
737 5019 857 5095 libero
873 5027 1092 5094 tenemento
1109 5044 1178 5095 suo
1193 5019 1235 5095 in
1250 5018 1319 5095 tali
1336 5019 1438 5108 villa,
1455 5019 1535 5095 sine
1553 5019 1707 5118 speciali
1725 5044 1820 5119 prae·

232 5205 299 5241 22222
310 5205 443 5281 cm.‚v.
480 5203 773 5281 ²²om.,0a‚ur,
790 5201 958 5283 unca.
985 5200 1189 5276 28οιιι.,οΒ,
1206 5201 1281 5276 MA,
1298 5202 1372 5262 Ma.
1410 5201 1529 5279 ²⁴Om.,
1546 5203 1705 5277 ocus.

312 5305 392 5382 ²D.,
409 5304 504 5367 MSS.
522 5324 587 5366 ver.
627 5302 814 5378 'sufficiunt
831 5302 898 5378 LA,
916 5303 993 5376 MA,
1010 5302 1084 5364 Me.
1124 5299 1250 5380 ‘putet
1268 5303 1313 5376 V;
1332 5308 1428 5380 petet,
1449 5305 1525 5380 MA,
1543 5304 1620 5379 ΜΒ,
1638 5305 1711 5379 cE;
1730 5310 1822 5383 petit,

232 5408 300 5484 OB,
317 5408 356 5469 Y.
395 5406 500 5482 ⁴0m.,
518 5408 587 5482 OB,
605 5406 680 5468 ΜΒ.
719 5403 849 5478 ⁴¹⁸Om„
868 5404 942 5465 MA.
982 5401 1082 5478 ‘siva
1099 5404 1140 5480 V,
1157 5403 1225 5478 OA,
1244 5404 1316 5478 003
1335 5406 1385 5466 vel
1402 5409 1480 5480 sine,
1499 5407 1581 5479 Μῦς
1601 5415 1633 5468 et
1650 5411 1727 5481 sine,
1746 5408 1819 5469 CM.
