4394 6342
384 510 432 579 14
912 498 1134 560 BRACTON:
1157 499 1217 559 DE
1242 499 1433 561 LEGIBUS

548 651 590 727 Si
618 651 885 728 malefactores
916 649 1073 747 fugiant
1102 650 1152 725 ad
1181 649 1388 736 ecclesiam,
1419 649 1584 748 qualiter
1614 649 1778 725 debeant
1808 674 1973 746 regnum

646 770 822 846 abiurare
839 770 870 845 si
886 778 1120 866 cognoscant
1135 769 1379 846 latrocinium
1395 779 1434 846 et
1451 767 1646 844 feloniam.

384 891 432 966 F.
449 897 521 966 186
546 889 611 965 De
626 897 865 965 sacramento
880 888 1045 986 qualiter
1060 888 1199 964 debent
1216 913 1380 985 regnum
1397 887 1583 963 abiurare.

547 1008 665 1096 Quod
683 1033 762 1082 non
778 1006 891 1083 debet
907 1007 1049 1082 morari
1066 1008 1108 1083 in
1124 1006 1281 1083 ecclesia
1297 1032 1368 1105 per
1386 1005 1646 1104 quadraginta
1663 1005 1755 1093 dies,
1775 1013 1814 1081 et
1833 1005 1864 1080 si
1881 1003 1974 1080 velit

648 1125 739 1224 quid
755 1134 849 1202 tunc
865 1126 1059 1222 agendum
1075 1124 1134 1200 sit.

547 1246 611 1322 De
630 1245 812 1321 divisione
829 1244 1041 1321 exiliorum.

547 1365 612 1440 De
625 1363 827 1440 homicidio
841 1390 913 1462 per
927 1363 1184 1439 infortunium
1200 1373 1239 1439 et
1254 1361 1407 1438 casuali.

548 1483 613 1560 De
638 1483 711 1558 illis
736 1483 802 1581 qui
827 1483 932 1580 capti
957 1490 1059 1569 sunt,
1085 1482 1188 1580 quod
1214 1507 1293 1557 non
1319 1482 1459 1558 debent
1485 1479 1642 1580 spoliari
1668 1479 1776 1556 bonis
1803 1481 1881 1557 suis
1909 1480 1974 1556 sed

648 1600 789 1677 debent
805 1601 895 1676 inde
912 1600 1130 1677 sustentari.

549 1721 667 1808 Quod
682 1719 850 1796 debonis
865 1719 942 1796 suis
956 1727 1232 1796 sustententur.

385 1841 434 1917 F.
451 1847 523 1922 187
550 1839 729 1928 Qualiter
743 1848 881 1938 captus
895 1839 1057 1937 produci
1072 1839 1208 1915 debeat
1223 1863 1353 1914 coram
1366 1837 1590 1913 iustitiariis.

552 1959 594 2035 si
611 1959 660 2035 sit
677 1957 813 2056 aliquis
829 1984 917 2033 eum
935 1957 1117 2055 appellet.

550 2077 687 2154 Habet
711 2085 944 2176 potestatem
970 2075 1135 2173 eligendi
1160 2074 1264 2173 quod
1289 2085 1411 2173 ponat
1438 2100 1476 2150 se
1503 2101 1619 2173 super
1643 2073 1823 2173 patriam,
1850 2074 1910 2149 vel
1937 2099 1977 2150 se

650 2195 836 2271 defendat
852 2221 922 2293 per
937 2218 1077 2292 corpus
1095 2220 1218 2270 suum.

550 2315 668 2405 Quod
684 2315 724 2389 in
741 2313 868 2390 duello
884 2311 1079 2410 iungendo
1094 2311 1320 2389 iustitiarius
1337 2312 1450 2388 debet
1468 2313 1597 2388 omnia
1613 2312 1817 2410 diligenter
1834 2311 1976 2388 exami-

650 2459 754 2509 nare.

550 2551 733 2628 Vadiatio
749 2551 878 2638 duelli,
894 2559 933 2626 et
949 2550 980 2626 si
996 2550 1214 2648 appellatus
1230 2549 1354 2626 victus
1369 2550 1489 2627 fuerit
1505 2550 1566 2625 vel
1583 2550 1794 2649 appellans.

551 2673 603 2748 In
618 2696 709 2747 casu
725 2680 877 2747 nonest
893 2694 1043 2746 necesse
1058 2667 1224 2768 probare
1241 2695 1312 2767 per
1328 2694 1468 2767 corpus
1486 2695 1609 2768 neque
1626 2695 1696 2768 per
1713 2669 1893 2767 patriam,
1911 2669 1977 2744 ubi

650 2788 901 2887 praesumptio
916 2787 1084 2864 violenta
1100 2787 1195 2864 facit
1210 2797 1347 2863 contra
1361 2788 1613 2887 appellatum.

551 2909 615 2985 Ne
629 2909 713 3007 quis
728 2918 955 2984 extraneum
968 2905 1186 3004 hospitetur
1199 2908 1271 2983 nisi
1287 2908 1334 2983 de
1349 2906 1454 2982 clara
1469 2908 1541 2983 die.

389 3029 437 3104 F.
453 3036 525 3104 188
551 3028 617 3104 De
632 3026 770 3126 quibus
785 3026 890 3124 loqui
907 3026 1043 3102 debeat
1060 3024 1262 3123 appellans
1276 3025 1318 3100 in
1332 3025 1489 3124 appello
1506 3051 1586 3103 suo.

551 3147 604 3222 A.
623 3144 798 3244 appellat
814 3145 863 3220 B.
882 3170 953 3242 per
968 3143 1063 3219 talia
1080 3145 1197 3220 verba
1215 3145 1262 3220 de
1279 3153 1404 3221 morte
1422 3145 1555 3221 fratris
1575 3145 1645 3233 sui,
1664 3155 1704 3222 et
1723 3146 1753 3222 si
1772 3146 1854 3245 ipse
1873 3147 1977 3222 defe-

651 3264 757 3351 cerit,
775 3271 869 3338 tunc
887 3289 958 3361 per
975 3261 1104 3350 talem,
1124 3272 1162 3339 et
1182 3263 1236 3338 ita
1255 3264 1358 3360 quod
1377 3262 1453 3340 sint
1472 3263 1603 3362 plures
1623 3265 1671 3339 de
1690 3290 1768 3340 uno
1787 3275 1826 3342 et
1845 3266 1978 3341 eodem

652 3382 769 3459 facto.

554 3502 658 3578 Item
673 3510 836 3599 possunt
851 3500 982 3598 plures
999 3500 1188 3598 appellari
1206 3500 1302 3576 sicut
1318 3525 1418 3576 unus
1435 3501 1482 3577 de
1497 3510 1621 3577 morte
1639 3501 1807 3578 alterius.

553 3620 684 3695 Verba
702 3619 845 3718 appelli
863 3618 911 3694 de
927 3627 1051 3695 morte
1069 3618 1204 3695 fratris
1221 3619 1282 3694 vel
1300 3619 1468 3695 alterius
1489 3620 1592 3695 Item
1610 3630 1649 3696 et
1668 3621 1715 3696 de
1734 3621 1866 3697 forcia.

553 3737 770 3836 Appellum
787 3738 834 3813 de
850 3737 983 3812 forcia.

554 3857 734 3947 Qualiter
752 3855 892 3932 debent
911 3855 1098 3954 appellati
1118 3854 1336 3931 defendere.

556 3976 599 4052 si
615 3973 788 4052 duellum
805 3973 994 4050 declinare
1011 3973 1175 4050 voluerit
1191 4000 1261 4073 per
1278 3973 1348 4049 hoc
1366 3977 1468 4073 quod
1486 3976 1640 4052 transiit
1657 3985 1819 4052 atatem.

557 4094 599 4171 Si
636 4093 764 4169 omnia
801 4100 1032 4168 concurrant
1069 4118 1153 4192 quae
1191 4094 1359 4190 iungunt
1398 4094 1596 4193 appellum
1635 4095 1765 4171 statim
1803 4097 1981 4174 vadietur

654 4212 835 4288 duellum.

556 4333 598 4408 Si
611 4331 742 4430 plures
756 4330 1038 4429 appellaverint
1051 4356 1184 4417 unum,
1200 4332 1266 4407 sed
1281 4331 1329 4406 de
1344 4331 1501 4406 diversis
1517 4332 1629 4407 factis
1646 4331 1742 4408 sicut
1759 4333 1805 4408 de
1821 4333 1978 4410 diversis

654 4450 792 4547 plagis.

391 4571 440 4646 F.
456 4577 528 4646 189
557 4569 599 4645 si
615 4577 704 4645 ante
720 4568 891 4643 duellum
905 4591 1129 4665 percussum
1144 4592 1275 4642 omnes
1291 4566 1531 4665 appellantes
1547 4568 1644 4644 mori
1660 4570 1871 4667 contingat.

557 4687 599 4764 Si
615 4685 835 4785 appellatus
849 4685 972 4761 victus
988 4684 1108 4760 fuerit
1123 4685 1171 4760 de
1187 4686 1304 4772 facto,
1320 4695 1414 4762 tunc
1430 4687 1584 4762 demum
1600 4688 1833 4785 procedatur
1848 4715 1980 4765 versus

656 4804 815 4881 aliosde
833 4803 954 4880 forcia
970 4813 1010 4880 et
1027 4812 1232 4902 praecepto.

557 4925 598 5001 Si
616 4925 747 5024 plures
764 4947 886 5000 unum
903 4922 1184 5021 appellaverint
1201 4922 1248 4998 de
1265 4931 1389 4998 morte
1406 4923 1565 4999 alicuius
1583 4925 1631 5001 de
1649 4926 1824 5024 pluribus
1842 4927 1980 5025 plagis.

558 5045 600 5121 Si
617 5068 717 5119 unus
734 5043 864 5141 plures
883 5042 1136 5140 appellaverit
1155 5042 1202 5116 de
1220 5041 1378 5118 diversis
1396 5042 1522 5141 plagis
1540 5044 1777 5121 mortalibus.

554 5163 792 5263 Appellatus
812 5163 878 5238 det
896 5162 1051 5237 vadium
1071 5160 1303 5236 defendendi
1322 5171 1361 5237 et
1380 5161 1581 5260 appellans
1602 5164 1667 5240 det
1686 5164 1842 5241 vadium
1862 5165 1981 5241 disra-

655 5282 840 5359 tionandi.

557 5402 659 5479 Sunt
676 5402 851 5500 quaedam
868 5397 1111 5497 exceptiones
1129 5424 1214 5497 qua
1230 5399 1427 5497 generales
1446 5409 1537 5476 sunt
1554 5401 1604 5476 ad
1623 5401 1752 5476 omnia
1769 5401 1925 5499 appella
1943 5411 1982 5477 et
