4432 6340
371 523 446 592 254
904 512 1127 575 BRACTON:
1149 511 1210 574 DE
1234 511 1427 574 LEGIBUS

372 667 420 742 de
436 692 482 743 eo
497 663 736 754 hereditarie,
753 690 863 764 pure,
879 674 918 741 et
935 661 1016 740 sine
1032 663 1161 762 aliqua
1177 660 1437 749 condicione‚²⁸
1455 670 1495 740 et
1512 661 1562 738 ad
1578 687 1694 760 quam
1711 662 1963 739 warantizan·

371 785 463 862 dam
479 782 706 883 obligaverit
725 808 764 860 se
781 790 820 859 et
837 783 993 860 heredes
1012 807 1111 858 suos.
1133 781 1175 858 Si
1194 788 1325 858 autem
1341 781 1509 858 tenuerit
1528 781 1613 879 quis
1632 781 1680 857 de
1698 779 1853 858 domino
1872 806 1963 880 rege

372 903 593 981 seriantiam
613 927 808 1000 magnam,
830 901 990 1000 perinde
1010 898 1164 976 habebit
1184 925 1255 975 rex
1276 898 1489 976 custodiam
1512 923 1556 974 ac
1578 899 1609 976 si
1630 899 1680 975 de
1700 924 1745 975 eo
1765 908 1965 976 teneretur

371 1047 443 1121 per
464 1019 661 1098 servitium
682 1021 858 1097 militare.
883 1020 1036 1118 Magna
1058 1027 1188 1095 autem
1211 1017 1284 1095 dici
1307 1017 1452 1118 poterit
1474 1017 1684 1094 secundum
1708 1018 1895 1116 quosdam
1917 1028 1963 1095 ut

371 1141 403 1216 si
425 1138 552 1216 valeat
573 1148 729 1216 centum
751 1137 972 1226 solidorum,
994 1146 1034 1215 et
1056 1135 1087 1214 si
1110 1145 1265 1214 tantum
1286 1135 1440 1213 habebit
1462 1161 1532 1212 rex
1555 1135 1768 1212 custodiam
1791 1136 1963 1213 omnium

372 1259 535 1335 aliorum
558 1257 674 1336 etiam
698 1257 729 1333 si
752 1258 899 1333 valeret
921 1254 1025 1333 mille
1048 1281 1208 1332 marcas.
1234 1256 1293 1331 Et
1316 1279 1405 1331 cum
1428 1254 1498 1331 tali
1522 1255 1672 1331 ratione
1698 1255 1774 1331 sint
1800 1255 1963 1332 aliorum

371 1379 488 1455 feoda
499 1378 541 1453 in
552 1402 671 1453 manu
684 1375 827 1452 domini
838 1375 952 1473 regis,
966 1374 1151 1474 predicta
1163 1373 1311 1452 ratione
1326 1373 1389 1450 alii
1402 1373 1587 1472 capitales
1601 1373 1746 1451 domini
1760 1374 1963 1451 feodorum

371 1496 525 1572 illorum
544 1495 638 1572 nihil
657 1494 811 1592 exigere
830 1502 1015 1593 poterunt
1036 1494 1084 1571 de
1103 1492 1216 1569 terris
1234 1503 1274 1570 et
1294 1492 1522 1570 tenementis
1542 1492 1628 1581 illis,
1648 1517 1719 1568 nec
1739 1493 1779 1568 in
1801 1492 1963 1569 servitiis

370 1613 589 1703 nominatis,
610 1636 681 1689 nec
702 1613 742 1688 in
765 1612 915 1689 auxiliis
939 1611 989 1688 ad
1011 1611 1130 1689 filiam
1152 1611 1411 1688 maritandam
1432 1611 1494 1688 vel
1516 1611 1639 1688 filium
1662 1611 1963 1711 primogenitum

371 1732 533 1810 militem
559 1733 791 1820 iaciendum,
817 1731 879 1807 vel
904 1731 1021 1808 etiam
1048 1730 1170 1819 sectis,
1198 1729 1382 1829 quamdiu
1407 1739 1520 1807 terre
1547 1730 1694 1806 fuerint
1721 1729 1762 1806 in
1790 1731 1963 1806 custodia

370 1851 515 1927 domini
537 1851 652 1949 regis,
676 1851 744 1927 sed
766 1849 1011 1949 praecipietur
1033 1847 1243 1925 vicecomiti
1268 1849 1371 1946 quod
1395 1873 1468 1948 pro
1491 1848 1708 1925 huiusmodi
1733 1847 1962 1946 distringere

371 1994 451 2045 non
472 1969 685 2068 permittat.
710 1969 848 2044 Parvae
870 1976 1001 2044 autem
1023 1966 1212 2043 seriantiae
1235 1966 1308 2044 dici
1332 1976 1518 2066 poterunt
1540 1991 1625 2066 quae
1648 1976 1739 2044 sunt
1762 1966 1963 2044 dimidium

370 2112 508 2164 marcae
524 2086 585 2163 vel
601 2087 769 2186 quinque
786 2086 937 2175 solidos,
954 2095 1000 2162 ut
1017 2086 1047 2163 si
1065 2085 1150 2183 quis
1165 2095 1344 2163 teneatur
1361 2087 1531 2162 invenire
1547 2085 1703 2163 domino
1721 2086 1803 2184 regi
1820 2111 1963 2184 equum

370 2215 410 2282 et
424 2230 576 2282 saccum
590 2230 679 2282 cum
692 2204 846 2281 brochis
859 2203 994 2282 eunti'⁶
1008 2205 1049 2280 in
1063 2204 1250 2281 Walliam
1266 2230 1355 2281 cum
1370 2204 1540 2280 exercitu
1556 2214 1595 2281 et
1609 2204 1838 2293 huiusmodi,
1855 2213 1900 2280 ut
1915 2205 1964 2279 de

371 2325 536 2400 termino
565 2323 699 2400 Sancti
727 2322 889 2399 HiHarii
916 2348 1018 2398 anno
1045 2321 1175 2421 regis²'
1203 2322 1367 2400 Henrici
1396 2323 1561 2422 septimo
1590 2322 1747 2411 decimo,
1777 2323 1962 2399 comitatu

371 2441 533 2530 Centies,
555 2444 603 2519 de
622 2441 789 2517 Warino
809 2442 857 2518 de
877 2442 1017 2519 Monte
1038 2441 1202 2518 Kanisio
1222 2453 1261 2520 et
1282 2442 1456 2519 Roberto
1477 2443 1525 2518 de
1547 2441 1743 2518 anham.
1767 2443 1872 2518 Item
1892 2467 1963 2541 per

372 2561 570 2637 servitium
592 2560 790 2659 equitandi
813 2585 900 2637 cum
924 2559 1086 2637 dominis
1110 2560 1171 2636 vel
1195 2559 1433 2650 dominabus,
1457 2561 1518 2636 vel
1540 2561 1697 2638 tenendi
1720 2561 1878 2649 curiam,
1902 2560 1963 2635 vel

371 2680 554 2778 portandi
570 2679 701 2755 brevia
715 2677 803 2755 vel²⁸
818 2676 1123 2769 huiusmodi.²⁹>

471 2800 537 2875 De
553 2797 690 2876 herede
707 2797 943 2886 colemanni,
960 2796 1031 2874 tub
1049 2797 1156 2874 caina
1173 2797 1348 2875 citatodia
1364 2821 1445 2875 ease
1462 2796 1610 2875 debeat.

373 2917 514 2993 Hunos
539 2943 630 2993 vero
656 2916 878 2994 sokemanni
902 2915 1065 2993 mortuis
1091 2915 1391 2993 antecessoribus
1418 2915 1495 2992 suis
1521 2916 1593 2992 sub
1619 2915 1793 2993 custodia
1818 2917 1963 3015 capita·

372 3033 495 3110 lium⁸⁰
520 3035 762 3112 dominorum
786 3060 864 3111 non
888 3033 1000 3122 erit,⁸²
1026 3034 1092 3110 sed
1117 3034 1189 3111 sub
1212 3034 1387 3110 custodia
1409 3035 1781 3132 consanguineorum
1808 3059 1964 3110 suorum

373 3154 705 3254 propinquiorum,
721 3154 792 3229 hoc
807 3161 865 3229 est
880 3178 1012 3230 eorum
1028 3154 1093 3252 qui
1108 3154 1300 3230 coniuncti
1316 3163 1406 3230 sunt
1421 3153 1503 3229 iure
1520 3154 1716 3251 sanguinis
1733 3160 1772 3230 et
1787 3179 1867 3229 non
1883 3153 1964 3228 iure

374 3272 631 3360 successionis,
657 3272 728 3347 hoc
755 3281 813 3348 est
839 3272 1159 3371 propinquiorum
1186 3271 1369 3348 heredum
1398 3272 1535 3370 quibus
1564 3281 1694 3371 posset
1722 3272 1877 3370 aliquod
1905 3272 1963 3348 ius

374 3391 612 3479 descendere,
629 3390 707 3467 sive
722 3390 1016 3490 propinquiores
1033 3388 1109 3466 sint
1126 3389 1202 3467 sive
1219 3390 1426 3489 propinqui
1442 3388 1531 3466 vel⁸²
1547 3391 1700 3467 remoti:
1718 3399 1757 3467 et
1772 3391 1846 3467 illis
1864 3415 1963 3466 com·

373 3508 472 3606 petit
488 3508 662 3585 custodia
679 3534 727 3584 ex
743 3519 857 3607 parte
873 3534 1037 3606 quorum
1053 3534 1132 3584 non
1148 3509 1343 3586 descendit
1359 3508 1562 3598 hereditas,
1580 3519 1625 3586 ut
1643 3509 1674 3585 si
1692 3509 1898 3586 descendat
1916 3534 1963 3584 ex

374 3637 486 3728 parte
500 3629 622 3727 patris
635 3627 805 3726 pertinet
818 3629 867 3704 ad
881 3636 1044 3702 matrem
1058 3627 1242 3716 custodia,
1257 3652 1345 3704 cum
1359 3627 1408 3705 sit
1422 3652 1563 3726 parens
1578 3627 1832 3727 propinquior
1846 3652 1963 3726 prop·

372 3758 433 3823 ter
445 3745 775 3846 propinquitatem
787 3746 996 3843 sanguinis
1011 3771 1087 3844 qua
1099 3745 1298 3823 deficiente
1309 3755 1470 3822 vocatur
1483 3754 1595 3845 peter
1607 3747 1742 3822 matris
1755 3748 1815 3823 vel
1828 3756 1963 3835 mater,

374 3875 413 3942 et
426 3865 500 3941 illis
515 3864 777 3940 deficientibus
794 3864 918 3940 frater
932 3863 993 3939 vel
1008 3889 1127 3951 soror,
1137 3871 1176 3939 et
1186 3863 1448 3940 deficientibus
1458 3863 1531 3940 illis
1542 3865 1754 3940 avunculus
1763 3863 1824 3940 vel
1834 3863 1962 3940 amita.

375 3982 418 4059 Si
431 3992 560 4059 autem
572 3982 763 4059 hereditas
776 3982 982 4058 descendat
994 4008 1042 4059 ex
1055 3990 1168 4081 parte
1180 3982 1326 4071 matris,
1338 3993 1433 4060 tunc
1445 3985 1515 4060 fiat
1527 4011 1548 4060 e
1561 3984 1765 4060 contrario.
1780 3983 1838 4060 Et
1851 4010 1964 4081 regu·

372 4102 506 4179 lariter
522 4127 657 4179 verum
674 4110 732 4178 est
751 4102 854 4200 quod
872 4125 1082 4198 numquam
1100 4101 1311 4178 remanebit
1331 4102 1466 4199 aliquis
1486 4102 1526 4177 in
1545 4103 1718 4179 custodia
1738 4103 1895 4180 alicuius
1916 4104 1963 4179 de

374 4246 450 4318 quo
468 4220 599 4296 haberi
618 4217 767 4318 possit⁸⁸
787 4218 951 4317 suspicio
971 4220 1075 4317 quod
1094 4219 1186 4297 velit
1205 4218 1263 4296 ius
1283 4220 1449 4296 clamare
1469 4221 1509 4297 in
1529 4219 1641 4319 ipsa³‘
1660 4220 1883 4297 hereditate.
1906 4221 1963 4296 Et

374 4340 403 4415 f.
419 4340 487 4432 88]
543 4338 646 4414 unde
669 4337 701 4413 si
724 4339 854 4437 plures
878 4338 955 4414 sint
977 4337 1065 4413 filiae
1087 4347 1126 4414 et
1148 4337 1306 4416 heredes
1329 4350 1367 4417 et
1390 4347 1521 4415 tenere
1546 4339 1710 4416 debeant
1734 4339 1775 4416 in
1799 4340 1962 4438 socagio,

373 4457 480 4532 nulla
498 4457 611 4533 debet
628 4481 709 4532 esse
727 4457 767 4531 in
783 4455 941 4532 alterius
958 4456 1143 4545 custodia,
1163 4458 1230 4533 sed
1248 4456 1324 4535 sint
1343 4457 1382 4533 in
1400 4458 1574 4535 custodia
1592 4459 1963 4556 consanguineorum

372 4575 488 4650 modo
506 4600 582 4673 quo
601 4573 827 4673 praedictum
846 4583 914 4650 est.
936 4575 978 4650 Si
998 4584 1127 4651 autem
1147 4583 1277 4652 tenere
1297 4576 1460 4654 debeant
1480 4603 1550 4675 per
1570 4576 1768 4654 servitium
1786 4577 1962 4665 militare,

373 4716 505 4769 omnes
530 4700 644 4768 erunt
668 4693 739 4768 sub
762 4693 936 4769 custodia
959 4693 1102 4770 domini
1128 4694 1315 4792 capitalis,
1341 4703 1381 4771 et
1403 4695 1513 4771 nulla
1536 4720 1670 4771 earum
1695 4696 1765 4772 sub
1790 4695 1963 4772 custodia

373 4810 531 4886 alterius
551 4819 713 4909 propter
731 4811 954 4909 praedictam
975 4811 1240 4910 suspicionem,
1262 4821 1300 4888 et
1321 4815 1440 4890 donec
1462 4814 1618 4913 plenam
1635 4813 1853 4891 habuerint¹
1873 4824 1962 4891 aeta-

374 4939 464 5006 tem.
493 4931 552 5006 Et
580 4955 667 5006 cum
696 4928 872 5028 quaelibet
899 4929 1054 5007 illarum
1082 4933 1132 5008 ad
1160 4940 1313 5008 aetatem
1342 4933 1572 5031 pervenerit,
1602 4942 1759 5009 tenetur
1786 4932 1962 5010 dominus

372 5133 399 5167 ²⁶
410 5132 663 5207 contradictione,
683 5133 750 5208 LA,
770 5133 843 5193 MC.
885 5131 912 5166 ²⁶
923 5132 1026 5208 eundi,
1046 5135 1115 5211 OA,
1136 5135 1201 5201 OC.
1243 5131 1370 5213 ²'regni
1390 5139 1485 5214 regis,
1505 5136 1570 5198 OC.
1615 5133 1641 5170 ²⁸
1652 5143 1693 5212 et,
1714 5135 1781 5212 OC,
1802 5136 1869 5213 LA,
1889 5137 1963 5198 MC.

374 5232 401 5268 ⁸⁰
412 5234 492 5309 Om,
506 5235 576 5309 OB,
591 5234 667 5310 MA,
681 5234 756 5295 ΜΒ.
792 5232 819 5266 ⁸¹
831 5241 932 5310 erunt,
948 5235 987 5311 V,
1002 5235 1071 5310 OA,
1086 5236 1152 5297 OC.
1190 5233 1216 5268 ⁸²
1229 5238 1305 5312 sive,
1319 5235 1358 5310 V,
1375 5237 1451 5297 MA.
1488 5234 1514 5270 ⁸⁸
1526 5243 1642 5314 posset,
1658 5238 1697 5312 V,
1712 5237 1769 5298 OB
1778 5260 1786 5311 ;
1802 5258 1872 5312 om,
1888 5238 1962 5299 MA

373 5332 401 5368 ⁸⁴
412 5333 477 5408 illa,
491 5334 559 5410 OB,
573 5335 649 5409 MA,
662 5335 738 5409 ΜΒ,
753 5333 820 5408 CE,
834 5334 908 5410 CM,
921 5336 960 5396 Y.

457 5433 468 5468 ²
481 5432 634 5507 habuerit,
647 5433 686 5509 V,
700 5433 777 5496 MG.
