4392 6352
674 498 734 558 DE
758 497 1061 570 ADQUIRENDO
1084 499 1241 559 RERUM
1265 499 1468 560 DOMINIO
1794 507 1867 576 269

278 646 572 724 constitutionis.
596 647 727 725 Item²²
748 649 797 724 ab
817 649 926 726 initio
947 649 1156 725 constitui¹⁸
1178 648 1322 748 poterit
1344 650 1412 726 dos
1435 649 1475 726 in
1498 675 1538 726 re
1559 658 1665 726 certa
1686 661 1725 728 et
1747 651 1867 727 nomi·

279 774 383 854 nata,
403 764 469 842 et¹⁰
488 792 530 842 re
549 767 722 843 incerta²⁰
742 777 781 844 et
799 792 878 843 non
898 767 1106 844 nominata.
1129 769 1179 843 In
1199 794 1240 844 re
1260 776 1366 845 certa
1385 778 1423 844 et
1443 767 1679 856 nominata,²²
1701 768 1801 845 sicut
1821 770 1868 845 de

278 884 406 982 aliquo
425 885 596 961 manerio
615 895 720 961 certo
741 887 789 962 de
808 886 1080 984 cuiuscumque
1100 887 1215 962 feodo
1236 887 1419 974 extiterit,
1441 911 1530 963 cum
1549 887 1608 962 vir
1628 887 1743 986 plura
1762 896 1867 963 tene·

278 1013 409 1080 menta
423 1014 554 1081 teneat
567 1005 615 1079 de
630 1003 788 1081 diversis
803 1004 926 1081 feodis
941 1003 1007 1081 et²²
1022 1005 1179 1082 diversis
1195 1004 1357 1080 dominis
1374 1004 1614 1102 capitalibus,
1631 1005 1721 1103 quia
1737 1030 1867 1082 secun-

278 1121 372 1198 dum
388 1123 491 1219 quod
506 1122 734 1220 praedictum
749 1131 817 1210 est,
834 1123 874 1198 in
890 1122 1072 1199 electione
1088 1123 1159 1198 viri
1177 1122 1262 1199 est²⁸
1280 1125 1327 1199 dc
1343 1123 1450 1199 cuius
1468 1124 1582 1199 feodo
1599 1123 1693 1200 velit
1708 1149 1869 1200 uxorem

279 1266 389 1316 suam
408 1241 635 1317 nominatim
657 1242 803 1329 dotare,
826 1243 918 1317 dum
939 1250 1071 1318 tamen
1092 1242 1306 1318 manerium
1328 1241 1424 1318 illud
1446 1267 1524 1317 non
1546 1242 1595 1319 sit
1618 1252 1736 1342 caput
1758 1243 1868 1318 baro·

278 1360 362 1448 niae,
387 1359 417 1436 si
440 1358 557 1458 plura
578 1358 655 1435 alia
675 1360 846 1435 maneria
869 1359 1045 1437 habuerit
1069 1385 1153 1458 quae
1176 1385 1255 1435 non
1280 1358 1399 1436 sunt²⁴
1423 1362 1551 1459 capita
1575 1360 1753 1449 baroniae,
1779 1360 1868 1459 quia

278 1477 492 1553 manerium
509 1478 613 1576 quod
631 1486 689 1553 est
706 1488 825 1576 caput
843 1477 1008 1553 baroniae
1025 1479 1175 1577 integre
1193 1478 1406 1554 remanebit
1423 1479 1552 1555 heredi
1570 1489 1611 1555 et
1628 1488 1802 1555 waranto
1821 1481 1869 1556 dc

280 1594 369 1672 dote
393 1621 474 1684 sua,
496 1621 584 1671 cum
607 1597 696 1672 inde
720 1597 845 1673 dotari
869 1622 948 1673 non
972 1596 1120 1685 debeat,
1146 1597 1177 1672 si
1201 1597 1249 1673 de
1272 1596 1355 1672 aliis
1378 1599 1491 1673 terris
1515 1599 1695 1696 consequi
1719 1597 1868 1696 possit²⁸

279 1714 409 1789 dotem
426 1739 546 1789 suam.
566 1714 624 1790 Et
642 1715 778 1791 dehac
795 1715 957 1791 materia
975 1715 1137 1791 inveniri
1155 1715 1299 1814 poterit
1318 1716 1366 1791 de
1384 1716 1548 1791 termino
1569 1716 1721 1793 saneto
1740 1717 1868 1793 Trini-

278 1832 370 1909 tatis
386 1858 487 1909 anno
503 1832 631 1931 regis²⁸
647 1832 812 1908 Henrici
828 1841 977 1931 quarto,
994 1833 1179 1910 comitatu
1196 1833 1498 1923 Norbamtoniae,
1516 1835 1563 1911 de
1579 1833 1804 1911 Tbeobaldo
1820 1836 1868 1911 de

279 1951 483 2028 Lascelles.
504 1953 611 2029 Etsi
631 1951 747 2051 plura
764 1951 935 2029 maneria
955 1953 1031 2028 sint
1052 1951 1091 2028 in
1110 1952 1322 2028 hereditate
1342 1978 1425 2050 quaa
1445 1951 1522 2029 sint
1542 1951 1671 2051 capita
1690 1953 1867 2040 baroniae,

279 2069 308 2145 f.
323 2069 418 2162 98b]
473 2078 567 2145 tunc
587 2071 691 2168 quod
711 2070 759 2147 de
779 2095 858 2146 uno
877 2070 1048 2146 manerio
1068 2071 1137 2146 tali
1158 2071 1303 2146 dictum
1325 2080 1382 2147 est
1404 2071 1474 2146 fiat
1495 2072 1543 2147 de
1565 2071 1752 2170 pluribus,
1774 2072 1867 2147 dum

278 2196 408 2263 tamen
431 2213 531 2263 uxor
554 2188 643 2264 alibi
667 2190 797 2265 dotem
821 2189 999 2286 consequi
1023 2189 1156 2288 possit.
1182 2189 1299 2278 Quod
1324 2188 1355 2264 si
1379 2214 1457 2264 non
1481 2190 1614 2288 possit,
1640 2198 1795 2288 oportet
1820 2191 1868 2266 de

277 2307 501 2384 necessitate
521 2308 624 2405 quod
644 2307 756 2384 aliter
775 2308 856 2395 fiat,
877 2332 965 2383 cum
984 2307 1187 2384 necessitas
1209 2307 1384 2404 sublege
1404 2333 1482 2383 non
1502 2308 1755 2396 contineatur,
1778 2309 1868 2407 quia

279 2426 382 2523 quod
406 2425 500 2502 alias
525 2451 604 2502 non
628 2433 687 2502 est
710 2425 858 2502 licitum
882 2427 1085 2503 necessitas
1111 2426 1258 2522 licitum
1285 2427 1390 2503 facit.
1420 2426 1498 2502 Sed
1524 2428 1628 2524 quod
1654 2427 1794 2503 dicitur
1819 2427 1867 2502 de

277 2541 437 2619 baronia
451 2553 603 2621 nonest
618 2544 900 2620 observandum
914 2545 955 2620 in
971 2544 1189 2620 vavassoria
1205 2543 1266 2620 vel
1284 2545 1365 2620 aliis
1382 2545 1592 2622 minoribus
1610 2545 1732 2622 feodis
1750 2570 1867 2644 quam

277 2659 447 2750 baronia,
461 2661 552 2759 quia
564 2672 683 2760 caput
696 2687 774 2737 non
788 2661 958 2738 habent²'
972 2661 1100 2739 sicut²⁸
1113 2662 1282 2738 baronia.
1299 2662 1357 2738 Et
1373 2664 1476 2760 quod
1491 2663 1631 2739 dicitur
1646 2664 1693 2740 de
1709 2663 1868 2739 baronia

278 2790 316 2856 et
335 2781 479 2857 barone
498 2781 641 2857 servari
662 2780 775 2857 debet
794 2781 833 2855 in
852 2782 1038 2856 comitatu
1056 2789 1097 2857 et
1116 2781 1265 2869 comite,
1287 2781 1365 2856 sive
1385 2791 1554 2857 castrum
1576 2781 1627 2856 ibi
1648 2782 1767 2858 fuerit
1789 2782 1867 2859 sive

277 2925 366 2977 non.
393 2901 495 2978 Cum
519 2908 648 2976 autem
673 2900 795 2998 possit
818 2924 918 2974 uxor
942 2900 1072 2975 dotem
1096 2900 1333 2975 nominatam
1358 2899 1448 2975 alibi
1472 2901 1652 2998 consequi
1677 2901 1866 2998 quamde

276 3021 447 3096 manerio
469 3020 572 3118 quod
595 3028 652 3096 est
673 3028 792 3117 caput
814 3018 990 3108 baroniae,
1013 3028 1053 3094 et
1074 3019 1109 3094 ei
1130 3020 1278 3118 petenti
1300 3019 1431 3096 dotem
1453 3020 1501 3096 de
1522 3021 1592 3096 tali
1613 3021 1785 3096 manerio
1808 3047 1865 3096 re·

277 3142 515 3239 spondeatur
535 3141 638 3238 quod
658 3141 787 3216 dotem
807 3141 896 3216 inde
916 3140 1055 3217 babere
1074 3165 1155 3216 non
1174 3139 1312 3216 debeat
1333 3140 1518 3239 praedicta
1538 3141 1698 3229 ratione,
1721 3149 1761 3217 et
1781 3142 1867 3240 ipsa

277 3286 297 3335 e
313 3261 576 3350 contradicat,
593 3262 697 3359 quod
713 3260 850 3359 aliquis
867 3270 1083 3338 antecessor
1098 3261 1246 3337 heredis
1264 3260 1414 3338 dotavit
1428 3286 1589 3338 uxorem
1606 3287 1715 3338 suam
1733 3264 1780 3340 de
1796 3263 1866 3339 tali

275 3381 458 3469 manerio,
472 3381 659 3480 triplicari
673 3381 817 3480 poterit
830 3408 878 3458 ex
892 3390 1005 3480 parte
1017 3381 1177 3470 heredis,
1193 3382 1296 3480 quod
1309 3382 1380 3457 boc
1394 3407 1473 3457 non
1487 3383 1564 3459 fuit
1579 3384 1626 3459 de
1640 3383 1734 3471 iure,
1749 3383 1866 3460 immo

277 3503 324 3579 de
345 3503 565 3600 ignorantia
585 3502 733 3579 heredis
754 3503 816 3579 vel
836 3503 1010 3600 gratuita
1031 3503 1290 3602 permissione,
1312 3504 1417 3601 quod
1438 3504 1593 3601 quidem
1615 3505 1866 3603 imposterum

275 3621 377 3697 trahi
395 3647 474 3698 non
491 3623 604 3699 debet
622 3622 689 3698 in²⁹
708 3623 939 3721 exemplum.
963 3623 1005 3699 si
1024 3633 1155 3700 autem
1173 3623 1302 3700 omnia
1321 3624 1491 3700 maneria
1510 3625 1587 3701 sint
1606 3625 1735 3724 capita
1755 3626 1865 3701 baro-

277 3740 348 3816 niae
362 3751 402 3818 et
415 3751 622 3818 teneantur
636 3743 677 3817 in
691 3744 818 3841 capite
833 3745 880 3819 de
896 3769 998 3841 rege,
1015 3769 1085 3819 nec
1101 3743 1150 3820 sit
1165 3744 1241 3820 alia
1255 3754 1361 3821 terra
1377 3770 1460 3842 quae
1477 3744 1638 3822 sufficiat
1657 3747 1706 3822 ad
1723 3747 1864 3834 dotem,

275 3861 430 3938 dotari⁸⁰
448 3861 592 3962 poterit
609 3888 658 3937 ex
675 3863 745 3963 tali
761 3862 944 3952 maneria,
965 3863 1070 3940 salvo
1088 3873 1220 3940 tamen
1237 3863 1366 3939 heredi
1385 3873 1511 3940 castro
1531 3865 1562 3941 si
1581 3865 1633 3940 ibi
1653 3866 1783 3954 fuerit,
1803 3865 1865 3941 vel

275 3983 431 4082 capitali
450 3982 648 4081 mesuagio
668 3984 796 4059 sinon
815 3993 995 4059 castrum.
1019 3983 1124 4059 Sed⁸²
1146 3983 1327 4081 quoniam
1347 3985 1604 4082 quandoque⁸²
1625 4011 1786 4061 onerosa
1806 3995 1865 4063 est

275 4104 449 4180 custodia
465 4104 581 4180 castri
597 4105 658 4181 vel
675 4104 850 4203 capitalis
869 4105 1054 4202 mesuagii
1073 4104 1154 4180 sine
1172 4114 1327 4181 tenente
1344 4105 1485 4193 heredi,
1505 4130 1593 4182 cum
1611 4132 1710 4182 uxor
1730 4107 1866 4183 dotata

276 4226 325 4302 sit
346 4226 484 4302 detali
505 4224 675 4302 manerio
696 4224 776 4301 sine
797 4224 1032 4323 exceptione,
1056 4225 1318 4302 dissimulatur
1341 4227 1569 4323 quandoque
1591 4227 1704 4302 uxori
1727 4227 1864 4303 seisina

275 4347 390 4422 castri
408 4354 570 4444 propter
589 4370 697 4433 onus,
717 4345 810 4420 dum
827 4355 958 4421 tamen
979 4345 1206 4421 restituatur
1226 4345 1308 4444 regi
1327 4355 1502 4444 tempore
1520 4371 1669 4444 guerrae
1688 4347 1750 4423 vel
1771 4345 1863 4424 alte·

274 4465 354 4542 rius
375 4465 621 4553 necessitatis
645 4465 674 4542 si
696 4465 861 4541 voluerit
883 4475 1030 4541 etcum
1051 4465 1233 4542 voluerit:
1256 4467 1465 4543 secundum
1488 4468 1592 4564 quod
1614 4468 1763 4543 factum
1787 4468 1864 4544 fuit

274 4585 322 4662 de
340 4585 532 4662 comitissa
550 4585 762 4660 Lincolniae
781 4610 864 4684 quae
885 4586 961 4662 fuit
982 4611 1082 4662 uxor
1100 4586 1269 4663 Walteri
1288 4587 1436 4664 comitis
1456 4587 1680 4676 marescalli,
1701 4590 1750 4665 de
1770 4614 1862 4686 quo·

274 4798 340 4835 ²²²²²
351 4805 425 4862 item
444 4806 601 4877 constitui,
621 4802 691 4878 OA,
712 4803 778 4878 LA,
799 4802 866 4864 OC.
908 4801 1066 4880 ²⁹·²¹Om.,
1087 4805 1157 4880 OB,
1178 4805 1255 4878 MA,
1277 4807 1351 4866 ΜΒ.
1394 4803 1495 4866 10ιιοιι
1515 4812 1611 4879 certa,
1634 4805 1701 4879 CE,
1722 4805 1763 4880 Y,
1785 4805 1862 4867 MG.

274 4899 344 4962 ²²et
364 4901 413 4976 de,
433 4903 500 4979 LA,
521 4903 599 4978 MG,
620 4905 694 4964 MC.
737 4901 845 4980 ”erit
866 4905 905 4980 V,
926 4905 995 4980 OA,
1017 4905 1083 4980 LA,
1104 4905 1172 4979 00,
1194 4906 1267 4967 MC.
1311 4904 1422 4980 '‘sint,
1443 4906 1513 4982 OA,
1534 4906 1580 4978 V;
1602 4925 1672 4982 om.,
1694 4906 1764 4982 OB,
1787 4906 1861 4967 ΜΒ.

273 5001 299 5035 ²⁵
311 5012 427 5082 posset,
443 5003 512 5078 OB,
531 5004 607 5080 MA,
624 5005 700 5066 ΜΒ.
739 5002 867 5084 ¹‘regni
884 5011 979 5086 regis,
996 5006 1063 5082 OC,
1081 5005 1158 5068 MG.
1197 5004 1338 5082 ²⁷babet,
1356 5008 1425 5083 OB,
1443 5007 1520 5081 MA,
1538 5007 1615 5083 MB,
1634 5007 1711 5083 MG,
1730 5006 1769 5083 Y,
1788 5007 1861 5068 CM.

273 5102 300 5139 ²⁸
312 5105 392 5180 Om.,
412 5105 481 5180 OB,
501 5105 577 5180 MA,
597 5106 674 5182 MB,
694 5106 772 5182 MG,
792 5107 831 5168 Y.
873 5106 900 5141 ²⁰
912 5107 963 5182 cd,
982 5106 1052 5182 OA,
1072 5108 1139 5183 LA,
1159 5108 1226 5181 00,
1247 5109 1327 5181 Μο;
1347 5115 1392 5183 ut,
1414 5107 1491 5168 MG.
1532 5105 1559 5141 ⁸⁰
1571 5107 1683 5184 dotari,
1704 5107 1773 5183 OA,
1795 5108 1863 5182 LA,

274 5206 349 5283 MC,
371 5207 446 5282 CM,
468 5207 524 5270 00
551 5206 598 5285 (d.
621 5207 652 5268 <L
675 5214 778 5269 autem
799 5209 869 5287 p.);
892 5209 971 5284 dari,
993 5209 1063 5284 OB,
1085 5210 1163 5283 MA,
1185 5210 1262 5283 MB,
1286 5208 1364 5283 MG,
1388 5210 1456 5283 CB,
1478 5209 1517 5269 Y.
1563 5207 1628 5243 ⁸⁸⁸⁸⁸
1640 5210 1695 5272 aed
1718 5213 1862 5287 quoniam

273 5307 466 5386 quandoque,
483 5308 523 5385 V,
542 5308 612 5386 OA,
629 5309 697 5384 LA,
715 5309 783 5386 00,
802 5309 882 5385 Μο;
901 5309 957 5372 aad
975 5309 1167 5390 quandoque,
1187 5311 1256 5384 OB,
1275 5310 1343 5386 CB,
1363 5310 1441 5388 MG,
1461 5311 1501 5385 Y,
1521 5311 1601 5384 CM;
1622 5311 1676 5372 sed
1696 5309 1759 5385 ubi,
1780 5311 1861 5383 MA;

272 5408 466 5489 quandoque,
479 5410 555 5472 MG.
