4432 6336
388 455 460 522 156
918 447 1141 509 BRACTON:
1164 448 1224 509 DE
1248 449 1440 512 LEGIBUS

385 597 558 698 gentiam
571 599 652 674 veri
666 598 810 674 domini
825 599 958 698 incipit
973 599 1113 676 habere
1129 600 1411 698 quodammodo
1426 611 1630 699 utramque
1646 600 1794 678 civilem
1809 611 1849 678 et
1864 611 1977 678 natu·

385 718 518 807 ralem,
535 719 602 795 sed
619 719 837 796 naturalem
853 719 1045 796 iniustam.
1065 720 1123 796 Et
1142 720 1275 798 eodem
1293 723 1407 797 modo
1426 721 1471 798 fit
1490 720 1720 820 ubicumque
1738 747 1799 798 res
1818 722 1977 799 alicuius

387 839 465 917 sive
488 841 528 915 in
550 841 787 940 possessione
810 841 930 918 fuerit
953 841 1031 918 sive
1054 850 1165 918 extra
1188 851 1324 918 contra
1346 841 1586 919 voluntatem
1610 867 1720 919 suam
1745 844 1864 920 fuerit
1888 869 1977 919 con·

387 959 596 1048 tractata,²⁸
624 962 860 1050 aedificmdo,
889 963 1047 1051 arando,
1077 962 1312 1051 seminando,
1338 989 1485 1061 aquam
1514 963 1751 1053 divertendo,
1782 964 1975 1056 falsando,

387 1083 582 1172 fodiendo,
602 1082 664 1160 vel
684 1082 856 1182 aliquid²⁹
876 1082 982 1159 aliud
1001 1084 1079 1160 tale
1101 1084 1289 1160 faciendo.
1313 1084 1356 1160 Si
1377 1092 1507 1161 autem
1528 1084 1707 1162 voluntas
1728 1084 1849 1184 ipsius
1869 1086 1976 1164 cuius

386 1230 446 1282 res
462 1205 582 1283 fuerit
597 1205 857 1294 intervenerit,
874 1205 979 1281 aliud
995 1205 1079 1294 erit,
1096 1228 1184 1281 cum
1200 1205 1332 1282 scienti
1349 1213 1388 1282 et
1403 1204 1548 1282 volenti
1565 1232 1643 1282 non
1659 1207 1729 1282 liat
1747 1206 1896 1283 iniuria.
1916 1207 1977 1284 Ut

387 1329 418 1404 si
433 1326 568 1426 aliquis
583 1337 727 1403 terram
741 1327 1060 1416 memoraverit,
1076 1327 1330 1416 seminaverit,
1347 1336 1386 1404 et
1401 1328 1680 1416 stercoraverit,
1695 1327 1757 1404 vel
1773 1329 1847 1405 alio
1862 1329 1977 1405 modo

385 1447 653 1536 melioraverit,
671 1456 710 1523 et
727 1473 800 1545 ego
817 1447 1104 1524 dissimulavero
1123 1448 1173 1522 ad
1189 1456 1344 1546 tempus
1361 1457 1406 1524 ut
1425 1448 1577 1525 fructus
1595 1448 1774 1547 consequi
1793 1448 1977 1548 possim,²⁰

386 1568 417 1643 si
438 1567 571 1644 statim
590 1567 744 1667 ipsum²¹
767 1593 888 1657 arare,
909 1569 1107 1658 seminare,
1128 1567 1217 1644 vel²²
1239 1567 1359 1646 alias²⁸
1381 1569 1581 1646 meliorare
1602 1594 1681 1646 non
1701 1568 1977 1668 impedivero,²⁴

385 1716 465 1768 non
476 1689 635 1768 tamen¹⁸
649 1700 812 1791 propter
824 1689 895 1766 hoc
908 1690 1038 1767 desino
1053 1690 1259 1791 possidere,
1274 1716 1361 1767 cum
1376 1691 1447 1766 hoc
1462 1692 1582 1768 faciat
1597 1692 1645 1768 de
1659 1717 1745 1768 mea
1758 1691 1976 1769 voluntate:

386 1813 535 1912 quodsi
550 1819 684 1888 contra
699 1809 872 1888 faceret²⁶
887 1811 1019 1888 statim
1033 1821 1132 1889 esset
1146 1811 1197 1887 ibi
1212 1811 1420 1900 disseisina‚
1435 1821 1474 1889 et
1489 1813 1591 1889 unde
1607 1837 1686 1887 non
1701 1813 1774 1889 erit
1788 1812 1840 1887 ibi
1856 1811 1976 1910 negli-

384 1935 528 2034 gentia,
543 1933 659 2009 immo
674 1934 825 2010 cautela
837 1942 883 2009 ut
898 1933 1049 2010 fructus
1065 1932 1161 2008 lucri
1177 1932 1308 2022 faciat,
1324 1933 1385 2009 vel
1400 1933 1475 2009 alio
1489 1934 1605 2010 modo
1620 1933 1880 2010 condicionem
1895 1934 1976 2010 veri

385 2055 529 2134 domini
548 2057 754 2132 meliorem.
776 2055 854 2130 Sed
874 2077 961 2130 oum
980 2054 1090 2130 malae
1108 2052 1199 2129 fidei
1220 2077 1414 2152 possessor
1434 2054 1586 2130 fructus
1607 2063 1646 2131 et
1666 2054 1781 2130 blada
1803 2063 1976 2153 asporta·

385 2175 494 2265 verit,
508 2201 596 2252 cum
607 2175 678 2251 hoc
692 2175 741 2252 sit
753 2183 890 2251 eontra
901 2173 1142 2251 voluntatem
1155 2174 1311 2264 domini,
1326 2175 1399 2251 erit
1414 2175 1611 2254 disseisina
1624 2176 1842 2253 manifesta.
1861 2175 1977 2253 Infra

386 2295 474 2397 plus
491 2297 539 2374 de
554 2297 625 2372 hac
640 2295 802 2373 materia
817 2296 919 2372 inter
935 2294 1071 2372 assisas
1086 2320 1195 2371 novae
1212 2295 1425 2373 disseisinae.

487 2570 667 2665 Qualiter
686 2571 914 2670 adquiratur
933 2569 1122 2670 poreeeaio
1141 2595 1214 2670 per
1233 2571 1519 2670 usucapionem.

385 2694 567 2770 D1crun1
581 2701 639 2770 est
652 2693 692 2769 in
705 2691 1007 2792 praecedentibus
1021 2692 1187 2791 qualiter
1200 2717 1329 2768 rerum
1343 2692 1602 2792 corporalium
1616 2692 1784 2769 dominia
1798 2719 1847 2770 ex
1861 2692 1976 2772 titulo

383 2822 424 2891 et
454 2814 555 2891 iusta
583 2838 699 2890 causa
729 2813 956 2912 adquirendi
985 2814 1276 2890 transferantur
1306 2839 1377 2913 per
1406 2813 1664 2890 traditionem.
1698 2815 1817 2890 Nune
1847 2822 1978 2891 autem

386 2935 590 3012 dicendum
614 2937 780 3035 qualiter
803 2935 1097 3012 transferuntur
1122 2935 1203 3012 sine
1227 2934 1343 3012 titulo
1369 2944 1408 3012 et
1433 2935 1653 3023 traditione,
1680 2961 1751 3034 per
1775 2936 1977 3035 usucapio·

385 3058 513 3147 nem,²'
531 3059 672 3136 seilicet
688 3083 760 3156 per
775 3053 973 3154 longam,²⁸
991 3054 1225 3145 continuam,
1243 3065 1283 3133 et
1300 3056 1501 3155 pacificam
1519 3056 1795 3156 possessionem
1814 3083 1862 3134 ex
1881 3066 1976 3134 tem-

386 3206 480 3280 pore
501 3189 540 3257 et
559 3179 640 3256 sine
659 3177 877 3254 traditione.
901 3178 980 3254 Sed
1000 3202 1116 3274 quam
1135 3179 1254 3275 longa
1274 3201 1355 3254 esse
1374 3177 1513 3254 debeat
1534 3203 1612 3254 non
1633 3178 1817 3254 definitur
1838 3204 1862 3253 a
1881 3179 1976 3266 iure,

386 3302 453 3379 sed
467 3327 515 3378 ex
530 3301 631 3377 iusta
645 3299 882 3376 discretione.
900 3299 1135 3376 Continuam
1151 3299 1236 3375 dico
1251 3299 1306 3375 ita
1321 3300 1426 3397 quod
1441 3323 1519 3375 non
1534 3299 1583 3375 sit
1598 3298 1829 3398 interrupta.
1849 3301 1976 3376 Inter·

386 3422 516 3522 rumpi
537 3422 640 3498 enim
661 3421 805 3520 poterit
826 3419 958 3496 multis
980 3419 1103 3497 modis
1126 3420 1206 3496 sine
1228 3419 1409 3496 violentia
1431 3420 1603 3496 adhibita
1624 3446 1696 3520 per
1720 3421 1977 3498 denuntiatio·

386 3568 487 3632 nem,
509 3568 580 3642 per
602 3541 912 3640 impetrationem
935 3540 1170 3639 diligentem,
1194 3547 1233 3616 et
1255 3541 1479 3639 diligentem
1503 3541 1820 3640 prosecutionem,
1844 3551 1883 3618 et
1906 3567 1978 3642 per

388 3664 418 3741 f.
433 3665 502 3757 52]
557 3662 675 3740 talem
703 3661 1025 3761 interruptionem
1052 3686 1264 3761 numquam
1292 3661 1470 3760 adquiret
1498 3661 1697 3762 possidens
1725 3689 1775 3739 ex
1802 3671 1977 3762 tempore

386 3789 549 3866 liberum
569 3793 843 3864 tenementum.
866 3783 1075 3860 Pacificam
1097 3784 1193 3871 dico,
1215 3783 1305 3881 quia
1327 3783 1358 3859 si
1380 3783 1618 3860 contentiosa
1640 3784 1759 3860 fuerit
1781 3784 1883 3861 idem
1904 3785 1977 3862 erit

386 3908 445 3985 ut¹
461 3907 581 4008 prius,
597 3907 628 3984 si
644 3906 838 3983 contentio
854 3904 973 3980 fuerit
988 3904 1107 3980 iusta:
1124 3911 1169 3979 ut
1185 3903 1216 3982 si
1232 3930 1345 3980 verus
1362 3904 1538 3981 dominus
1557 3905 1688 3980 statim
1705 3929 1792 3982 cum
1808 3905 1978 3981 intrusor

387 4030 448 4107 vel
464 4027 672 4106 disseisitor
690 4028 883 4125 ingressus
901 4024 1020 4102 fuerit
1037 4023 1213 4101 seisinam
1232 4034 1415 4114 recenter,
1433 4034 1472 4102 et
1490 4025 1742 4102 incontinenti
1761 4026 1792 4102 si
1810 4050 1977 4125 praesens

388 4150 507 4228 fuerit
519 4149 580 4226 vel
593 4150 624 4226 si
637 4148 772 4225 absens
785 4171 873 4224 oum
885 4145 1052 4235 redierit,
1066 4146 1215 4221 nitatur
1227 4144 1324 4222 tales
1337 4145 1480 4222 viribus
1495 4145 1693 4244 repellere²
1707 4145 1759 4224 et⁸
1773 4147 1977 4246 expellere,

388 4273 476 4351 licet
502 4274 541 4350 id
567 4272 671 4371 quod
696 4268 896 4369 inceperit⁴
923 4270 1132 4368 perducere
1157 4294 1236 4343 non
1263 4268 1397 4368 possit·
1425 4268 1476 4344 ad
1503 4270 1698 4358 effectum,
1726 4270 1820 4346 dum
1846 4279 1978 4347 tamen

387 4418 476 4469 cum
502 4392 685 4470 defecerit
712 4391 874 4488 diligens
901 4389 950 4466 sit
977 4390 1026 4466 ad
1053 4390 1340 4488 Mpetrandum
1367 4398 1406 4466 et
1432 4392 1754 4490 prosequendum.
1784 4391 1979 4468 Iniuriosa

388 4524 518 4592 autem
533 4538 613 4590 esse
630 4512 774 4610 poterit
789 4512 984 4587 contentio
999 4511 1061 4587 vel
1076 4511 1229 4599 iniusta,
1247 4510 1293 4587 si⁸
1310 4511 1395 4609 quis
1412 4512 1462 4588 ad
1478 4537 1592 4609 quem
1610 4537 1688 4587 non
1706 4513 1875 4610 peninet
1891 4513 1977 4590 tali·

388 4746 416 4782 ²⁸
427 4754 627 4823 contrectata,
652 4745 746 4807 MSS.
770 4765 836 4806 var.
881 4743 1004 4823 ¹⁹quid,
1028 4745 1067 4821 V,
1090 4745 1158 4820 OC,
1183 4747 1266 4818 MG;
1292 4765 1361 4820 om,
1386 4746 1461 4806 MA.
1507 4744 1534 4778 ²⁰
1545 4766 1680 4824 possum,
1706 4749 1782 4822 MA,
1807 4749 1885 4824 MG,
1911 4749 1977 4810 OC.

388 4849 455 4885 ¹¹⁴⁴
466 4853 567 4927 ipsum
593 4849 643 4910 vel
671 4848 748 4909 alios
775 4852 882 4909 statim
907 4867 997 4908 arare
1025 4853 1176 4910 seminare
1203 4868 1265 4909 non
1293 4848 1483 4927 impedivero
1511 4854 1576 4911 aive
1602 4851 1775 4926 meliorare,
1803 4852 1848 4924 V;
1877 4857 1979 4931 ipsum

387 4953 438 5014 vel
458 4953 536 5016 alias
559 4953 721 5014 meliorare
743 4972 806 5012 non
827 4951 1026 5030 impedirem,
1048 4953 1118 5026 OB,
1141 4953 1217 5026 ΜΒ,
1241 4953 1307 5014 MA
1334 4953 1465 5032 (alioa);
1488 4974 1579 5016 arare
1601 4956 1652 5017 vel
1675 4955 1737 5016 alio
1760 4956 1850 5018 modo
1873 4957 1978 5017 melio·

388 5075 458 5115 rare
473 5076 535 5115 non
551 5053 749 5134 impedivero,
766 5055 839 5115 CM.
878 5053 944 5088 ²²²²²
955 5053 1035 5128 Om,
1053 5056 1120 5130 OC,
1138 5055 1214 5116 MG.
1255 5054 1373 5132 ²⁸0m,
1390 5059 1459 5133 OA,
1477 5060 1543 5120 LA.
1582 5057 1700 5134 ‘'Om,
1719 5062 1788 5137 OB,
1806 5062 1881 5136 MA,
1901 5064 1977 5135 ΜΒ,

388 5157 454 5218 ΟΕ.
491 5155 517 5190 ²⁶
529 5157 650 5232 fecerit,
665 5156 733 5233 OC,
748 5157 824 5219 MG.
863 5155 929 5190 ¹²⁴⁸
939 5161 1157 5235 mucapionem
1174 5179 1268 5236 super
1283 5159 1418 5239 longam,
1434 5162 1504 5236 OB,
1520 5163 1596 5237 MA,
1614 5165 1689 5225 ΜΒ.

471 5257 587 5338 ²quod,
603 5261 642 5335 V,
659 5261 725 5335 LA,
742 5260 809 5333 OC,
826 5261 895 5336 OA,
912 5260 988 5322 MG.
1028 5259 1244 5338 ²⁴0m.,0A,
1263 5263 1508 5340 1A,00,MG.
1548 5265 1699 5347 ⁴incepit,
1718 5271 1787 5345 OB,
1805 5272 1881 5344 MA,
1901 5273 1977 5349 ΜΒ,

389 5363 462 5424 ΟΜ.
504 5361 641 5442 “potuit
662 5363 745 5436 MG;
767 5367 894 5442 poterit,
915 5363 984 5440 OB,
1006 5366 1082 5439 MA,
1104 5365 1180 5439 ΜΒ,
1201 5367 1276 5441 ΟΜ,
1296 5367 1365 5444 CE,
1384 5371 1424 5430 Y.
1466 5367 1527 5431 ⁶ut
1547 5375 1584 5448 si,
1605 5372 1644 5446 V,
1667 5374 1750 5448 MG;
1772 5377 1822 5437 vel
1843 5380 1881 5450 ai,
1903 5377 1976 5438 CM.
