4392 6352
846 505 907 566 nn
930 505 1204 570 sorronrnus
1751 516 1822 583 291

237 654 379 732 etiam⁸¹
397 656 429 732 si
444 663 609 753 utraque
625 654 745 755 pars⁸²
762 655 877 732 vellet
893 656 1140 733 criminaliter
1158 683 1273 755 agere
1290 658 1331 733 in
1347 657 1458 734 civili.
1478 658 1539 735 Ut
1557 659 1588 735 si
1607 659 1690 758 quis
1710 660 1825 737 actio·

236 803 324 854 nem
338 777 556 854 institueret
569 786 705 854 contra
719 778 836 854 alium
851 778 1099 854 criminaliter
1113 805 1200 855 cum
1215 780 1263 856 sit
1277 779 1408 868 civilis,
1425 790 1464 856 et
1479 780 1621 856 diceret
1636 782 1740 879 quod
1756 806 1828 879 per

237 899 421 975 feloniam
442 899 668 976 excussisset
689 897 887 998 pulverem
909 900 957 975 de
978 925 1077 999 capa
1098 926 1178 988 sua,
1201 899 1262 976 vel
1285 900 1377 998 quid
1399 900 1488 988 tale,
1511 908 1551 977 et
1572 900 1643 976 hoc
1664 910 1826 1000 paratus

237 1019 266 1095 f.
283 1021 375 1112 102]
431 1029 530 1097 esset
549 1019 819 1096 disrationare:
840 1021 956 1096 iudex
976 1021 1125 1096 factum
1144 1020 1400 1097 examinando
1421 1031 1460 1097 et
1480 1047 1636 1098 causam
1655 1047 1826 1121 pronun·

235 1140 334 1217 tiare
359 1138 514 1217 deberet
541 1141 738 1240 appellum
765 1167 845 1217 csse
870 1140 1032 1230 nullum,
1060 1151 1098 1218 et
1126 1167 1282 1218 causam
1305 1142 1454 1218 civilem
1481 1153 1519 1219 et
1546 1168 1624 1219 non
1652 1141 1827 1219 crimina·

237 1261 323 1337 lem.
350 1261 409 1338 Et
432 1261 503 1337 hoc
527 1260 643 1338 etiam
669 1262 700 1338 si
725 1262 945 1361 appellatus
970 1270 1131 1362 paratus
1157 1273 1255 1339 esset
1282 1289 1352 1362 per
1378 1288 1517 1360 corpus
1544 1288 1656 1338 suum
1682 1263 1735 1340 se²
1762 1262 1826 1339 de·

238 1382 408 1459 sendere.
435 1383 494 1458 Et
520 1383 636 1459 etiam
661 1383 692 1460 si
718 1408 790 1482 per
816 1383 1049 1482 imperitiam
1075 1393 1173 1460 esset
1198 1383 1300 1458 inter
1327 1409 1390 1459 eos
1417 1384 1588 1476 duellum
1615 1383 1826 1472 radiatum,

90 1602 93 1608 Ι
237 1503 392 1580 deberet
407 1504 603 1580 devadiari
618 1529 689 1603 per
703 1503 896 1581 iudicium.
916 1504 994 1580 Sed
1011 1514 1132 1580 restat
1148 1505 1396 1603 quarendum
1411 1514 1544 1581 utrum
1561 1504 1649 1581 talis
1665 1503 1827 1582 ulterius

237 1625 287 1701 sd
299 1625 448 1702 civilem
461 1626 649 1702 actionem
660 1625 799 1702 habere
812 1627 934 1725 possit
947 1651 1165 1724 regressum
1177 1627 1237 1702 vel
1251 1651 1340 1702 non.
1356 1627 1458 1710 Cum
1472 1625 1615 1702 autem²
1629 1625 1729 1702 actio
1743 1627 1826 1702 fue·

237 1747 289 1824 rit
307 1774 411 1824 mere
429 1747 646 1836 criminalis,
665 1748 814 1824 institui
833 1748 978 1846 poterit
996 1749 1045 1824 ab
1064 1749 1173 1824 initio
1192 1748 1440 1825 criminaliter
1459 1749 1520 1825 vel
1539 1747 1710 1825 civiliter.
1736 1746 1827 1824 Scd⁸

236 1894 325 1945 cum
336 1869 556 1946 criminalis⁴
569 1871 684 1947 semel
697 1871 817 1947 fuerit
828 1871 1007 1947 instituta
1019 1869 1205 1959 civiliter,⁶
1220 1869 1404 1969 quaeritur
1419 1894 1469 1946 an
1482 1895 1663 1947 accusans
1676 1877 1827 1946 mutare

237 1992 360 2091 possit
374 2002 413 2068 et
427 2018 542 2090 agere
557 1992 815 2082 criminaliter,
832 2003 870 2070 et
887 2021 907 2068 e
924 1992 1126 2069 contrario.
1143 1993 1293 2070 Dicunt
1309 1992 1466 2092 quidam
1482 1993 1586 2091 quod
1602 2019 1624 2068 a
1641 1991 1828 2068 criminali

239 2116 466 2192 descendere
490 2140 568 2191 non
592 2117 737 2214 poterit
761 2117 811 2192 ad
835 2116 982 2192 civilem
1006 2115 1226 2204 minuendo,
1252 2116 1318 2191 sed
1345 2142 1368 2190 a
1393 2115 1492 2191 civili
1518 2117 1568 2191 ad
1593 2113 1827 2191 criminalem

239 2239 428 2335 augendo.
453 2237 605 2326 Quibus
628 2247 759 2314 tamen
780 2264 852 2336 ego
875 2263 954 2313 non
977 2238 1154 2327 assentio,
1178 2263 1265 2314 cum
1288 2238 1329 2314 in
1351 2237 1422 2313 hoc
1445 2235 1550 2313 casu'
1574 2237 1727 2313 admitti
1749 2262 1828 2312 non

237 2360 394 2437 deberet
409 2359 598 2437 variatio!
615 2361 844 2438 Personales
860 2387 951 2437 vero
969 2361 1136 2438 actiones
1155 2369 1245 2438 sunt
1263 2386 1347 2460 quae
1364 2370 1589 2460 competrmt
1608 2369 1742 2436 contra
1761 2358 1828 2434 ali·

239 2509 353 2582 quem
371 2509 419 2560 ex
437 2491 638 2560 contractu
657 2484 717 2559 vel
737 2483 857 2582 quasi,
877 2510 925 2559 ex
944 2484 1131 2560 maleficio
1150 2484 1210 2560 vel
1230 2483 1350 2582 quasi,
1369 2509 1457 2559 cum
1476 2483 1560 2582 quis
1579 2492 1759 2560 teneatur
1778 2484 1829 2559 ad

239 2606 384 2705 aliquid
408 2607 580 2682 dandum
603 2606 665 2682 vel
690 2606 922 2695 faciendum,
947 2616 986 2683 et
1010 2607 1136 2682 locum
1161 2605 1303 2683 habent
1329 2606 1510 2683 adversus
1535 2633 1624 2682 eum
1649 2606 1715 2705 qui
1740 2631 1828 2681 con·

238 2729 360 2806 traxit
377 2737 416 2804 et
431 2728 610 2806 heredem
627 2754 752 2818 suum,
770 2729 842 2804 nisi
860 2729 937 2805 sint
954 2729 1135 2828 poenales.
1155 2729 1213 2805 Et
1230 2729 1412 2805 dicuntur
1430 2729 1597 2806 actiones
1615 2729 1765 2817 nativae,
1784 2754 1829 2804 eo

239 2853 343 2950 quod
358 2861 569 2928 nascuntur
583 2877 631 2928 ex
646 2851 916 2928 contractibus.
933 2852 991 2929 Et
1007 2877 1138 2929 omnes
1155 2852 1237 2928 fere
1253 2852 1473 2952 personales
1489 2851 1656 2928 actiones
1674 2859 1764 2928 sunt
1780 2875 1829 2927 ex

239 2983 452 3063 contractu,
476 2975 574 3051 sicut
596 2973 733 3064 mutui,
756 2975 998 3062 commodati,
1023 2975 1199 3073 depositi,
1222 2962 1407 3062 mandati,
1432 2982 1636 3073 exempto
1660 2973 1828 3062 vendito,

239 3098 364 3174 locato
386 3105 425 3173 et
445 3098 645 3174 conducto.
667 3097 896 3174 Personales
917 3123 1009 3173 vero
1030 3096 1197 3174 actiones
1219 3123 1303 3196 quae
1324 3105 1536 3173 nascuntur
1557 3121 1607 3171 ex
1629 3094 1828 3183 maleficio,

240 3220 322 3295 aliae
340 3219 640 3319 persequuntur⁸
658 3244 814 3319 poenam
832 3231 987 3298 tantum
1004 3231 1049 3298 ut
1069 3220 1168 3296 actio
1188 3221 1297 3309 furti,
1318 3219 1401 3295 aliae
1419 3245 1511 3295 vero
1530 3215 1829 3317 persequuntur'

239 3344 365 3443 ipsam
381 3369 463 3420 rem
478 3353 518 3421 et
534 3367 690 3442 poenam
707 3343 805 3419 sicut
822 3343 921 3420 actio
938 3345 976 3419 vi
993 3342 1183 3419 bonorum
1199 3353 1414 3443 raptorum,
1433 3351 1472 3418 et
1490 3343 1545 3419 ita
1563 3343 1640 3419 sint
1658 3342 1829 3442 duplices

241 3491 285 3540 eo
306 3466 409 3564 quod
430 3475 521 3543 sunt
540 3464 623 3541 rei²⁰
643 3467 910 3565 persecutoria
929 3475 969 3542 et
989 3489 1123 3564 poenae,
1145 3466 1258 3541 etita
1278 3475 1360 3542 tam
1380 3466 1422 3540 in
1442 3491 1523 3541 rem
1544 3491 1661 3564 quam
1681 3466 1722 3540 in
1742 3491 1829 3564 per-

241 3613 385 3664 sonam.
406 3589 571 3663 Etcum
592 3588 668 3664 sint
688 3615 767 3664 uno
786 3588 901 3666 modo
922 3589 977 3665 rei
996 3588 1275 3688 persecutoria,
1296 3597 1522 3687 competunt
1543 3595 1677 3664 contra
1699 3613 1829 3665 omnes

241 3711 307 3810 qui
322 3721 485 3811 possunt
498 3712 711 3800 restituere,
727 3712 805 3788 sive
820 3711 883 3788 ille
899 3713 1094 3811 possideat
1109 3712 1174 3811 qui
1191 3712 1370 3811 spoliavit
1387 3712 1464 3788 sive
1481 3711 1588 3787 alius.
1610 3711 1831 3787 Secundum

240 3858 331 3909 vero
346 3834 449 3932 quod
464 3834 610 3910 fuerint
624 3833 807 3932 penates,
821 3859 899 3909 non
914 3834 1226 3932 persequunturu
1242 3834 1314 3909 nisi
1329 3844 1483 3911 tantum
1500 3843 1673 3910 auctores
1690 3833 1829 3909 delicti.

241 3956 300 4032 Et
318 3957 548 4055 quandoque
566 3965 792 4056 competunt
810 3982 942 4032 versus
962 3982 1083 4032 unum
1102 3958 1167 4055 qui
1187 3956 1348 4055 deliquit
1367 3981 1455 4032 cum
1475 3958 1597 4056 possit
1616 3958 1830 4047 restituere,

240 4103 328 4154 cum
347 4079 424 4155 sint
441 4078 652 4155 coniunctae
671 4079 711 4164 in
729 4104 809 4155 una
827 4104 1009 4178 persona:
1029 4086 1068 4155 et
1089 4079 1317 4177 quandoque
1337 4104 1469 4155 versus
1489 4081 1585 4156 duos
1605 4080 1666 4155 vel
1687 4080 1829 4179 plures,

241 4226 329 4277 cum
352 4203 429 4278 sint
452 4201 650 4278 disiunctae
672 4211 712 4278 et
734 4201 946 4310 bifurcata,
969 4227 1057 4279 cum
1080 4202 1144 4278 ille
1168 4203 1232 4300 qui
1256 4201 1416 4301 deliquit
1440 4227 1519 4277 non
1543 4203 1737 4301 possideat
1761 4227 1831 4277 nec

241 4325 443 4401 restituere
466 4325 598 4423 possit,
622 4335 662 4402 et
683 4325 747 4401 ille
770 4325 835 4422 qui
859 4323 1029 4424 possidet
1051 4349 1132 4400 non
1153 4325 1356 4424 deliquerit
1380 4326 1447 4402 sed
1471 4325 1672 4400 restituere
1696 4325 1829 4423 possit.

243 4448 347 4524 Item
365 4447 519 4524 illarum
539 4472 624 4547 quae
645 4456 735 4524 sunt
755 4447 797 4522 in
816 4472 1021 4546 personam
1042 4473 1090 4524 ex
1111 4447 1298 4523 maleficio
1318 4447 1379 4523 vel
1400 4447 1520 4546 quasi,
1544 4448 1718 4546 quaedam
1740 4456 1832 4525 sunt

240 4570 454 4646 criminales
487 4577 526 4645 et
559 4570 734 4667 quaedam
766 4569 903 4645 civiles.
938 4569 1206 4646 Criminalium
1240 4570 1414 4669 quaedam
1448 4571 1622 4658 maiores,
1657 4572 1832 4670 quedam

241 4691 418 4769 minores.
451 4692 509 4768 Et
539 4692 706 4769 civilium
737 4692 871 4768 eodem
901 4693 1027 4781 modo,
1060 4693 1270 4770 secundum
1301 4692 1405 4791 quod
1436 4692 1612 4790 superius
1645 4693 1685 4769 in
1718 4701 1831 4792 parte

240 4815 428 4912 tangitur.

242 5031 267 5066 ⁸¹
280 5041 321 5108 et,
337 5033 375 5108 V,
391 5033 467 5107 MA,
481 5034 553 5104 OC;
568 5040 633 5107 aut,
647 5034 721 5094 ΟΜ.
757 5032 784 5067 ³²
796 5034 876 5108 0m.,
890 5034 960 5107 OB,
976 5034 1052 5109 MA,
1068 5035 1143 5094 ΜΒ.

324 5131 429 5207 ιΟιιι,
442 5132 482 5208 V,
497 5133 573 5195 MG.
609 5131 714 5209 ²Om.,
728 5133 797 5209 OB,
813 5133 889 5208 MA,
905 5134 980 5194 ΜΒ.
1017 5131 1054 5167 Μ
1066 5133 1147 5210 Om,
1162 5133 1231 5208 OB,
1247 5133 1323 5209 MA,
1338 5135 1413 5195 ΜΒ.
1449 5133 1685 5210 ⁴criminaliter‚
1701 5135 1740 5210 V,
1757 5134 1829 5207 LA;

239 5235 401 5310 criminsl,
419 5233 487 5309 OA,
505 5233 573 5309 ΟΟ,
591 5234 657 5310 ΟΕ,
675 5236 750 5310 ΟΜ,
767 5235 846 5311 MG,
864 5235 937 5297 ΜΟ.
977 5232 1014 5267 ⁸¹²
1026 5256 1100 5297 casu
1117 5236 1254 5296 adminui
1272 5255 1334 5296 non
1352 5233 1479 5296 deberet
1497 5239 1647 5311 narratio,
1665 5237 1734 5312 OB,
1754 5237 1831 5312 ΜΒ,

241 5335 308 5398 MA
327 5335 465 5414 (debet).
504 5333 542 5370 ⁸¹⁹
553 5343 793 5415 prosequuntur,
810 5342 1044 5414 prosequentur,
1061 5344 1296 5415 persequentur,
1314 5336 1407 5398 MSS.
1425 5358 1490 5398 var.
1530 5335 1556 5372 ²⁰
1568 5337 1649 5410 Om,
1667 5338 1735 5413 OB,
1754 5339 1830 5414 MA,

241 5437 316 5497 ΜΒ.
354 5437 380 5470 ¹¹
392 5445 626 5516 persequentur,
643 5443 881 5516 prosequuntur,
897 5438 991 5500 MSS.
1007 5458 1073 5499 var.
