4392 6352
394 497 470 567 810
927 490 1150 553 BRACTON:
1173 490 1234 551 DE
1258 490 1451 552 LEGIBUS

496 639 623 718 Breve
640 640 690 717 de
706 641 839 717 eodem
856 639 1033 718 omnibvs
1049 639 1263 718 ivetitioriie
1280 639 1394 717 amul
1411 649 1562 739 patene.

396 759 493 835 Rrx
510 759 562 833 A.
582 759 631 833 B.
652 759 697 835 C.
717 757 891 835 salutem.
913 758 1051 836 Sciatis
1071 758 1174 858 quod
1193 759 1459 836 constituimus
1478 784 1547 836 vos
1566 759 1789 836 iustitiarios
1809 769 1986 848 etcetera,

396 885 441 952 ut
455 900 585 973 supra.
602 876 661 951 Et
674 877 759 953 ideo
773 876 880 954 vobis
895 878 1135 966 mandamus,
1151 887 1333 976 rogantes
1349 878 1452 976 quod
1467 877 1538 955 tali
1553 876 1615 954 die
1630 877 1864 956 conveniatis
1881 879 1986 978 apud

395 996 514 1072 talem
533 997 660 1073 locum
681 997 824 1074 facturi
845 997 934 1072 inde
955 997 1059 1095 quod
1079 997 1130 1073 ad
1151 995 1336 1075 iustitiam
1357 997 1538 1096 pertinet,
1559 1004 1599 1072 et
1620 997 1661 1071 in
1681 997 1758 1073 fide
1780 1022 1857 1096 qua
1877 996 1986 1074 nobis

396 1114 578 1191 tenemini
605 1114 655 1189 ad
682 1114 839 1212 negotia
865 1123 998 1191 nostra
1024 1114 1165 1191 ibidem
1192 1114 1432 1214 expedienda
1459 1114 1516 1190 ita
1541 1114 1707 1191 fideliter
1734 1123 1912 1202 etcetera,
1941 1123 1987 1192 ut

396 1259 526 1332 supra.
548 1232 823 1310 Mandavimus
844 1233 947 1310 enim
966 1232 1175 1309 vicecomiti
1196 1242 1329 1311 nostro
1349 1232 1419 1309 tali
1441 1233 1544 1332 quod
1566 1234 1616 1309 ad
1638 1233 1864 1333 pradictum
1886 1233 1986 1310 diem

395 1361 435 1428 et
455 1351 582 1428 locum
603 1351 722 1428 faciat
742 1376 871 1427 coram
892 1351 999 1429 vobis
1021 1351 1334 1428 summonitiones
1357 1351 1451 1440 fieri,
1474 1359 1514 1429 et
1536 1352 1836 1428 attacbiamenta
1856 1351 1986 1428 venire

395 1496 483 1548 cum
500 1470 677 1548 brevibus
695 1471 900 1547 assisarum
915 1469 1187 1570 praedictarum
1204 1479 1243 1546 et
1260 1468 1491 1568 placitorum
1507 1469 1790 1568 praedictorum.
1810 1471 1862 1546 In
1879 1470 1985 1546 cuim

395 1591 450 1667 rei
462 1589 725 1667 testimonium
737 1589 925 1666 mittimus
939 1588 1045 1664 vobis
1058 1589 1126 1664 has
1139 1589 1288 1665 litteras
1302 1596 1454 1666 nostras
1469 1597 1658 1687 patentes.
1675 1589 1793 1666 Teste
1808 1597 1984 1666 etoetera.

395 1708 542 1784 Postea
560 1708 658 1784 fiant
678 1707 808 1784 brevia
828 1707 1037 1784 vicecomiti
1057 1706 1188 1782 clausa
1207 1707 1311 1805 quod
1331 1707 1462 1784 venire
1484 1706 1603 1784 faciat
1623 1731 1753 1782 coram
1774 1707 1986 1784 iustitiariis

395 1829 524 1904 omnia
542 1827 696 1928 placita,
715 1836 755 1904 et
773 1827 821 1902 de
838 1825 1008 1924 generali
1028 1825 1322 1902 summonitione
1341 1825 1517 1902 omnibus
1537 1826 1715 1902 facienda
1733 1835 1815 1902 tam
1834 1825 1984 1902 maiori·

394 1946 466 2022 bus
483 1971 599 2044 quam
616 1945 838 2022 minoribus.

494 2065 622 2141 Breve
641 2063 813 2141 clavevm
832 2063 1043 2141 vicecomiti
1063 2063 1167 2161 qvod
1186 2062 1315 2139 venire
1334 2060 1455 2156 faciat
1476 2085 1604 2140 coram
1625 2061 1839 2140 ivetitioriie
1858 2063 1987 2140 omnio

495 2181 650 2279 placito.

395 2301 492 2376 Rnx
511 2299 722 2376 vicecomiti
740 2299 801 2374 vel
820 2298 1102 2376 vicecomitibus
1122 2299 1263 2376 talibus
1284 2299 1459 2376 salutem.
1482 2297 1732 2398 Praecipimus
1754 2298 1860 2376 vobis
1882 2299 1986 2398 quod

396 2418 446 2493 ad
462 2426 586 2494 certos
605 2417 684 2494 dies
701 2427 739 2495 et
756 2417 841 2493 loca
856 2441 940 2517 quae
956 2415 1062 2494 vobis
1081 2417 1175 2494 scire
1193 2417 1364 2495 facient¹¹
1384 2417 1512 2493 dilecti
1530 2427 1569 2494 et
1586 2417 1718 2494 fideles
1735 2417 1858 2494 nostri
1875 2417 1984 2506 tales,

394 2538 456 2614 vel
474 2536 586 2614 aliter
604 2537 700 2614 tales
719 2545 759 2614 et
777 2536 867 2613 socii
886 2535 956 2625 sui,
976 2561 1071 2634 quos
1092 2536 1314 2613 iustitiarios
1333 2544 1485 2612 nostros
1506 2537 1783 2636 assignavimus
1805 2537 1856 2612 ad
1876 2535 1985 2613 itine-

393 2655 560 2732 randum
579 2680 651 2755 per
669 2655 873 2732 comitatus
893 2663 1040 2731 vestros
1061 2655 1112 2730 ad
1132 2654 1261 2731 omnia
1281 2654 1436 2753 placita,
1458 2654 1589 2731 venire
1610 2653 1761 2732 faciatis
1782 2680 1911 2731 coram
1932 2654 1985 2730 eis

394 2773 424 2848 f.
441 2771 558 2866 109b]
614 2773 744 2849 omnia
766 2773 909 2872 placita
932 2797 1080 2848 coronae
1103 2772 1270 2849 nostrae¹²
1293 2797 1378 2873 quae
1401 2772 1588 2872 placitato
1610 2798 1689 2850 non
1712 2782 1814 2862 sunt,
1839 2782 1878 2851 et
1902 2798 1986 2872 quae

392 2901 631 2970 emerserunt
644 2902 851 2992 postquam
865 2893 1059 2969 iustitiarii
1072 2893 1195 2969 nostri
1208 2892 1346 2970 ultimo
1359 2893 1638 2970 itineraverunt
1652 2895 1692 2969 in
1707 2893 1883 2992 partibus
1898 2893 1983 2982 illis,

393 3012 444 3086 ad
461 3011 590 3088 omnia
607 3011 751 3109 placite
767 3021 806 3088 et
823 3010 996 3088 similiter
1013 3011 1142 3086 omnia
1160 3010 1459 3088 attacbiamenta
1476 3011 1527 3086 ad
1544 3011 1688 3110 placita
1704 3011 1771 3087 illa
1790 3011 1983 3112 pertinen·

393 3130 461 3217 tia,
480 3137 520 3206 et
537 3154 669 3205 omnes
689 3129 825 3206 assisas
843 3138 882 3206 et
901 3129 1029 3205 omnia
1048 3129 1193 3228 placita
1211 3154 1295 3227 quae
1314 3129 1441 3228 posita
1460 3139 1551 3206 sunt
1572 3129 1623 3206 ad
1641 3130 1808 3228 primam
1828 3129 1985 3207 assisam

392 3275 523 3327 coram
538 3248 762 3337 iustitiariis,
777 3272 866 3324 cum
880 3247 1058 3325 brevibus
1075 3247 1281 3324 assisarum
1296 3257 1336 3324 et
1352 3247 1594 3346 placitorum,
1613 3247 1710 3325 sicut
1727 3248 1879 3347 plenius
1895 3273 1983 3324 oon·

393 3366 540 3443 tinetur
560 3367 601 3442 in
620 3366 758 3444 litteris
780 3366 921 3442 nostris
943 3364 1081 3442 clausis
1104 3364 1227 3463 quas¹⁸
1250 3364 1410 3464 singulis
1432 3375 1604 3443 vestrum
1627 3365 1720 3443 alias
1743 3365 1860 3442 inde¹‘
1882 3365 1984 3443 misi·

393 3510 490 3561 mus.
512 3485 630 3561 Teste
651 3493 828 3562 etoetera.
852 3482 1032 3561 Scilicet²⁶
1053 3484 1101 3560 de
1121 3483 1292 3582 generali
1314 3484 1607 3561 summonitione
1629 3509 1713 3585 quae
1733 3485 1830 3562 tales
1853 3483 1984 3562 sunt.²⁸

494 3604 622 3680 Breve
638 3603 687 3680 de
701 3601 874 3702 peveroli
888 3601 1183 3680 commoratione
1199 3601 1383 3679 olonnam.

393 3725 491 3801 Rrx
502 3722 712 3798 vicecomiti
726 3720 900 3798 salutem.
918 3721 1127 3798 Summone
1142 3719 1345 3819 perbonos
1360 3722 1653 3798 summonitores
1668 3721 1826 3798 omnes²²
1844 3722 1984 3798 archie-

394 3841 583 3940 piscopos,
611 3840 821 3940 episcopos,
849 3839 1018 3927 abbates,
1047 3839 1205 3938 priores,
1234 3840 1402 3928 comites,
1431 3839 1603 3928 barones,
1633 3841 1772 3917 milites
1801 3850 1840 3917 et
1866 3839 1983 3916 libere

392 3968 567 4036 tenentes
584 3960 631 4035 de
646 3967 732 4036 tota
746 3958 887 4034 balliva
901 3967 982 4046 tua,
1001 3966 1039 4032 et
1056 3959 1103 4034 de
1119 3957 1289 4055 qualibet
1305 3957 1397 4034 villa
1413 3967 1582 4056 quatuor
1597 3959 1740 4056 legales
1757 3959 1927 4036 homines
1944 3969 1983 4036 et

392 4077 654 4178 praepositum,
678 4086 716 4153 et
739 4077 786 4152 de
808 4075 977 4174 quolibet
1000 4075 1125 4174 burgo
1147 4075 1347 4152 duodecim
1368 4075 1511 4173 legales
1535 4076 1744 4176 burgenses
1767 4103 1837 4176 per
1858 4087 1984 4155 totam

391 4195 573 4272 ballivam
597 4206 717 4283 tuam,
742 4205 782 4272 et
807 4220 937 4270 omnes
964 4194 1048 4270 illos
1074 4194 1139 4293 qui
1164 4218 1294 4269 coram
1320 4193 1533 4271 iustitiariis
1559 4196 1827 4272 itinerantibus
1854 4197 1982 4272 venire

393 4314 516 4390 solent
530 4323 569 4390 et
583 4314 735 4401 debent,
750 4312 854 4410 quod
867 4311 944 4388 sint
958 4311 1064 4410 apud
1077 4311 1195 4388 talem
1209 4311 1336 4388 locum
1350 4312 1420 4389 tali
1434 4305 1507 4400 die,
1523 4337 1624 4389 anno
1639 4315 1749 4412 regni
1764 4315 1886 4390 nostri
1901 4315 1982 4403 tali,

391 4457 521 4506 coram
535 4431 682 4506 dilectis
698 4440 737 4507 et
752 4429 928 4506 fidelibus
944 4429 1084 4506 nostris
1100 4430 1153 4505 A.
1170 4431 1219 4505 B.
1239 4430 1284 4506 C.
1301 4431 1355 4506 D.
1373 4455 1468 4528 quos
1485 4430 1708 4509 iustitiarios
1725 4442 1876 4509 nostros
1894 4459 1981 4508 con·

392 4547 598 4635 stituimus,
623 4548 793 4623 audituri
818 4547 884 4623 et¹⁸
910 4545 1081 4623 facturi²⁹
1105 4556 1344 4646 praeceptum
1368 4559 1554 4625 nostrum.
1583 4549 1721 4626 Facias
1746 4551 1863 4628 etiam
1888 4560 1982 4627 tunc

391 4665 521 4741 venire
534 4690 662 4741 coram
675 4665 817 4741 eisdem
831 4663 1042 4742 iustitiariis
1056 4667 1195 4742 nostris
1210 4665 1339 4742 omnia
1352 4666 1495 4765 placita
1509 4667 1683 4743 coronae²⁰
1700 4693 1784 4767 quae
1796 4669 1984 4769 placitata

392 4809 470 4860 non
495 4792 598 4873 sunt,
624 4793 663 4860 et
690 4809 773 4882 quae
798 4793 1035 4860 emerserunt
1062 4793 1268 4882 postquam
1295 4783 1488 4861 iustitiarii
1515 4787 1637 4862 nostri
1663 4786 1800 4864 ultimo
1827 4789 1981 4865 itinera-

391 4912 531 4979 verunt
546 4903 586 4977 in
602 4902 777 5000 partibus
794 4901 868 4978 illis
885 4902 1079 4978 adomnia
1094 4902 1240 5001 placita
1255 4911 1294 4979 et
1311 4903 1439 4979 omnia
1456 4905 1755 4982 attachiamenta
1773 4908 1822 4983 ad
1839 4907 1983 5005 placita

392 5106 418 5142 ¹²
432 5105 560 5180 faciant,
577 5107 616 5181 V,
633 5107 702 5180 ΟΛ,
718 5107 786 5168 OB.
825 5105 852 5139 ¹²
864 5106 943 5180 Orn,
961 5107 1030 5181 OB,
1049 5107 1124 5182 MA,
1144 5107 1266 5179 MB,Y
1288 5104 1375 5182 (†).
1416 5105 1442 5140 ²³
1454 5128 1555 5185 quam,
1573 5109 1641 5183 OC,
1660 5110 1736 5171 MG.
1777 5109 1803 5144 ¹⁴
1815 5111 1895 5187 Om,
1914 5112 1983 5188 OB,

392 5207 469 5282 MA,
486 5208 562 5283 ΜΒ,
578 5207 645 5282 CE,
661 5206 736 5280 CM,
752 5207 790 5268 Y.
828 5205 986 5280 1ΜὈιιι,
1004 5207 1078 5266 MA.
1116 5205 1143 5240 ¹⁸
1156 5206 1236 5280 Om,
1253 5208 1322 5282 OB,
1340 5209 1417 5284 ΜΒ,
1434 5208 1473 5268 Υ.
1512 5207 1538 5242 ²⁷
1550 5209 1631 5283 Om,
1650 5212 1727 5286 ΜΘ,
1746 5212 1785 5272 Υ.
1824 5211 1982 5288 ²⁹¹⁹Om,

392 5308 468 5380 MA,
485 5309 566 5379 MB;
588 5307 661 5384 (om.
679 5311 891 5368 constituimus
909 5307 1044 5368 auditavi
1067 5351 1074 5366 .
1097 5351 1105 5367 .
1129 5352 1136 5367 .
1159 5311 1333 5370 iustitiariis
1352 5312 1478 5385 nostris,
1497 5309 1585 5387 OB).
1627 5310 1783 5373 ²⁰coronoe
1802 5321 1923 5390 nostrae,
1942 5316 1982 5392 V,

392 5407 468 5484 MA,
485 5408 558 5468 CM.
