4392 6352
376 432 450 502 322
908 427 1131 490 BRACTON:
1154 427 1215 488 DE
1239 427 1431 489 LEGIBUS

377 575 439 652 vel
461 576 592 674 plures
613 575 662 653 de
684 576 860 674 pluribus
882 577 995 653 rebus
1018 587 1056 654 et
1080 577 1249 666 diversis,
1272 576 1416 676 poterit
1440 579 1504 676 qui
1528 575 1620 654 eas⁸⁸
1643 577 1827 676 proponit
1851 603 1968 676 quam

377 693 541 771 voluerit
564 694 797 792 praemittere
817 703 857 770 et
878 721 1009 773 omnes
1032 695 1144 772 simul
1166 704 1344 773 tractare.
1369 697 1433 772 De
1455 696 1526 772 hoc
1548 706 1677 773 autem
1701 697 1805 794 quod
1828 697 1969 772 dieitur

378 813 481 910 quod
496 813 526 889 si
542 811 673 911 plures
689 813 800 890 alicui
816 813 1066 912 competant⁸⁹
1083 813 1262 903 actiones,
1278 841 1356 891 una
1372 815 1485 892 debet
1502 815 1679 913 experiri,
1697 825 1736 892 et
1753 841 1831 891 una
1847 815 1968 891 electa

378 934 428 1008 ad
449 932 541 1010 alias
562 957 640 1009 non
660 933 803 1031 poterit
825 957 1019 1010 recurrere
1040 935 1232 1032 pendente
1253 935 1390 1032 prima,
1413 933 1609 1011 sciendum
1630 933 1716 1010 est⁴⁰
1738 935 1842 1032 quod
1864 934 1968 1010 istud

378 1051 481 1128 fallit
503 1051 543 1127 in
565 1061 732 1150 quatuor
753 1050 913 1128 casibus.
937 1053 1093 1130 Primus
1116 1077 1225 1129 casus
1249 1060 1306 1129 est
1329 1054 1432 1151 quod
1456 1077 1545 1129 cum
1566 1053 1651 1151 quis
1674 1052 1806 1152 plures
1828 1052 1968 1129 habeat

378 1169 545 1246 actiones
566 1169 627 1246 vel
649 1171 744 1246 duas
766 1171 813 1247 de
834 1197 912 1247 una
933 1197 975 1247 re
995 1196 1079 1270 qua
1101 1171 1205 1247 sint⁴²
1227 1171 1439 1259 contrariae,
1463 1172 1493 1247 si
1515 1181 1699 1270 utrasque
1722 1172 1967 1270 proposuerit

377 1289 503 1366 audiri
523 1315 602 1366 non
623 1289 736 1367 debet
758 1289 863 1366 non⁴²
883 1289 1007 1386 magis
1029 1290 1198 1388 quamsi
1220 1291 1412 1367 contraria
1434 1290 1632 1388 allegaret.
1657 1291 1826 1389 Oportet
1848 1290 1968 1388 igitur

378 1411 481 1507 quod
500 1433 619 1485 unam
639 1410 800 1485 istarum
820 1418 1015 1507 proponat
1035 1435 1151 1508 quam
1172 1408 1347 1497 voluerit,
1368 1409 1458 1508 quia
1479 1435 1560 1485 sese
1580 1435 1658 1485 non
1679 1409 1968 1507 compatiuntur

377 1552 447 1603 nee
466 1527 579 1604 simul
597 1537 699 1604 stare
717 1538 892 1626 possunt,
911 1528 1001 1626 quia
1019 1553 1098 1604 una
1116 1527 1285 1604 excludit
1304 1527 1430 1604 aliam.
1451 1527 1512 1604 Ut
1531 1528 1562 1604 si
1581 1528 1666 1626 quis
1686 1536 1836 1626 peteret
1856 1527 1968 1604 simul

378 1658 520 1726 sortem
534 1657 572 1724 et
585 1673 733 1736 usuras,
748 1657 787 1724 et
799 1655 944 1723 terram
957 1646 998 1722 in
1011 1646 1200 1723 dominico
1215 1654 1254 1723 et
1269 1647 1319 1722 ad
1333 1647 1551 1723 terminum.
1570 1647 1769 1723 Secundus
1784 1671 1895 1722 casus
1910 1654 1968 1721 est

378 1776 422 1843 ut
438 1767 468 1842 si
484 1765 550 1841 illa
565 1789 649 1864 quae
664 1764 818 1865 primo⁴⁸
835 1765 1069 1864 proponitur
1083 1765 1251 1863 pendeat
1267 1791 1316 1842 ex
1333 1764 1419 1853 alia,
1436 1775 1475 1842 et
1492 1790 1576 1863 quae
1594 1765 1784 1863 posterius
1802 1764 1967 1863 proponi

377 1883 561 1961 deberet⁴⁴
576 1909 647 1983 per
664 1884 848 1960 ordinem.
866 1883 927 1961 Ut
944 1885 975 1960 si
992 1883 1076 1982 quis
1093 1894 1292 1981 tamquam
1309 1884 1417 1960 heres
1435 1882 1572 1982 petat⁴⁸
1590 1883 1762 1959 debitum
1779 1883 1967 1958 heredita·

377 2003 478 2079 rium
493 2013 701 2101 antequam
716 2030 755 2079 se
770 2003 990 2101 probaverit
1005 2003 1194 2091 heredem,
1210 2013 1249 2079 et
1264 2011 1399 2101 postea
1415 2003 1499 2078 vult
1515 2002 1655 2100 inquiri
1671 2002 1702 2078 si
1719 2002 1768 2078 sit
1782 2002 1891 2078 heres
1907 2001 1968 2077 vel

378 2148 467 2200 non.
484 2125 729 2221 Praepostera
743 2132 802 2198 est
815 2121 917 2199 enim
932 2121 1020 2198 talis
1035 2120 1182 2219 petiti0.
1201 2122 1303 2198 Item
1319 2121 1350 2197 si
1366 2121 1450 2220 quis
1466 2130 1575 2219 petat
1592 2121 1760 2197 fundum
1775 2121 1829 2196 rei
1846 2121 1967 2196 vindi·

378 2241 539 2330 catione,
563 2251 601 2318 et
625 2241 756 2317 statim
778 2241 863 2317 vult
886 2241 1083 2338 percipere
1108 2240 1259 2317 fructus
1282 2239 1343 2315 vel
1366 2238 1545 2337 colligere
1569 2249 1777 2338 antequam
1801 2238 1968 2314 fundum

378 2358 638 2457 adquisiverit,
660 2358 721 2435 vel
744 2359 791 2435 de
814 2358 1005 2435 fructibus
1028 2383 1143 2455 agere
1165 2368 1372 2456 antequam
1396 2358 1522 2456 prima
1545 2358 1644 2434 actio
1668 2358 1898 2434 terminetur
1921 2359 1969 2433 de

379 2477 594 2576 principali,
614 2477 747 2575 repelli
766 2476 879 2554 debet
897 2503 922 2553 a
939 2478 1105 2554 secunda
1123 2477 1272 2553 actione
1291 2478 1339 2552 de
1358 2476 1559 2553 fructibus.
1581 2477 1715 2552 Primo
1735 2476 1837 2552 enim
1856 2475 1968 2552 debet

377 2608 553 2675 constare
569 2598 616 2674 de
632 2623 674 2673 re
690 2597 894 2695 principali
911 2621 982 2695 per
998 2597 1186 2672 actionem
1203 2595 1368 2694 primam
1386 2595 1492 2671 cuius
1511 2621 1591 2672 esse
1609 2595 1757 2682 debeat,
1776 2604 1814 2672 et
1833 2605 1968 2693 postea

378 2714 454 2793 de⁴⁶
475 2715 555 2792 eius
577 2714 830 2814 pertinentiis.
853 2715 911 2790 Et
931 2712 1061 2790 unde⁴²
1083 2713 1236 2790 videtur
1257 2712 1469 2789 rationibus
1491 2713 1683 2811 praedictis
1705 2714 1808 2812 quod
1831 2712 1968 2810 siquis

377 2843 489 2934 petat
502 2833 716 2912 manerium
729 2859 816 2910 cum
830 2832 1084 2931 pertinentiis,
1100 2833 1150 2908 ad
1164 2832 1267 2930 quod
1281 2832 1474 2931 pertineat
1489 2831 1689 2908 advocatio
1704 2832 1801 2908 sicut
1818 2832 1865 2908 de
1882 2857 1967 2930 per·

376 2953 560 3041 tinentiis,
579 2961 617 3028 et
634 2953 827 3051 pendente
844 2951 987 3050 placito
1005 2953 1052 3027 de
1069 2949 1251 3038 manerio,
1270 2960 1477 3048 antequam
1495 2951 1744 3026 convincatur
1762 2950 1869 3026 cuius
1888 2975 1969 3026 esse

378 3073 408 3148 f.
424 3074 517 3165 114]
573 3071 721 3158 debeat,
750 3071 951 3167 contingat
978 3069 1173 3146 ecclesiam
1200 3094 1347 3156 vacare,
1376 3076 1415 3146 et
1443 3069 1506 3146 ille
1534 3069 1599 3168 qui
1628 3069 1727 3168 petit
1755 3070 1968 3145 manerium

377 3190 681 3290 praesentaverit1
705 3197 912 3287 antequam
934 3188 1146 3288 principale
1168 3188 1408 3277 terminetur,
1431 3189 1463 3265 si
1485 3188 1670 3287 placitare
1692 3189 1868 3277 voluerit,
1892 3213 1969 3264 non

379 3309 558 3386 audietur
577 3333 648 3406 per
667 3309 781 3385 breve
801 3333 919 3407 quare
938 3307 1100 3405 impedit
1119 3330 1189 3383 nec
1208 3306 1256 3382 de
1275 3307 1411 3383 ultima
1432 3307 1737 3406 praesentatione.
1760 3308 1817 3384 Et
1838 3305 1968 3405 plures

380 3436 471 3506 sunt
497 3427 714 3504 huiusmodi
741 3426 908 3502 actiones
936 3435 975 3502 et
1002 3424 1171 3501 infinitae.
1201 3425 1357 3502 Tertius
1385 3451 1495 3502 casus
1523 3434 1582 3502 est
1609 3451 1697 3502 cum
1725 3426 1892 3502 secunda
1919 3425 1969 3502 sit

379 3546 645 3647 praeiudicialis
661 3545 806 3644 prima,
822 3545 925 3643 quod
940 3569 1019 3620 non
1034 3553 1093 3622 est
1107 3544 1148 3618 in
1162 3543 1288 3642 primo
1302 3569 1405 3633 casu,
1422 3543 1502 3621 sed¹
1518 3571 1539 3620 e
1556 3569 1749 3621 converso
1766 3544 1828 3621 Ut
1844 3545 1876 3620 si
1892 3569 1915 3619 a
1930 3554 1970 3621 te

379 3676 511 3765 petam
529 3665 697 3741 fundum
714 3665 915 3741 Titianum
932 3688 1047 3762 quem
1063 3661 1122 3740 tu³
1140 3662 1311 3761 possides
1329 3672 1368 3739 et
1385 3689 1504 3762 negas
1522 3688 1651 3739 meum
1669 3689 1760 3751 esse,
1779 3672 1819 3740 et
1838 3673 1970 3762 petam

379 3785 481 3861 viam
495 3785 545 3860 ad
559 3785 687 3882 ipsum
701 3784 869 3859 fundum
883 3782 1085 3858 Titianum
1099 3807 1171 3880 per
1183 3782 1351 3859 fundum
1368 3782 1693 3880 Sempronianum
1707 3783 1773 3880 qui
1788 3782 1884 3860 Titii
1900 3791 1969 3870 est,

379 3929 563 3982 nonaum
582 3904 795 3981 audiendus
815 3903 855 3980 in
872 3904 943 3979 hac
962 3903 1131 3980 secunda
1150 3903 1298 3980 actione
1319 3904 1366 3978 de
1386 3903 1449 3979 via
1469 3902 1560 4000 quia
1580 3903 1803 4001 praeiudicat
1825 3903 1969 4002 primae,

380 4025 432 4102 et⁴
459 4025 550 4125 quia
574 4026 699 4125 primo
724 4033 880 4124 oportet
904 4023 1095 4101 discutere
1120 4023 1227 4100 cuius
1254 4049 1335 4102 esse
1361 4023 1498 4101 debeat
1526 4024 1672 4100 fundus
1700 4024 1891 4112 Titianus,
1920 4024 1970 4099 ad

380 4173 494 4246 quem
512 4147 575 4223 via
592 4145 785 4245 pertinere
803 4145 952 4222 debeat.
973 4147 1076 4222 Item
1096 4146 1127 4221 si
1146 4145 1297 4221 vindico
1316 4170 1339 4220 a
1358 4155 1399 4222 te
1417 4145 1583 4243 aliquem
1603 4145 1782 4234 fundum,
1802 4153 1842 4221 et
1863 4155 1970 4221 ante·

380 4293 496 4366 quam
509 4268 758 4343 convincatur
770 4267 884 4342 velim
897 4265 1064 4342 interim⁶
1078 4291 1192 4362 agere
1205 4276 1332 4343 tecum
1345 4263 1406 4342 de‘
1419 4264 1625 4341 communi'
1641 4265 1863 4354 dividundo,
1878 4264 1970 4341 non⁸

380 4413 466 4464 sum
487 4386 699 4463 audiendus
720 4412 792 4485 pro
813 4413 869 4474 eo,
891 4385 994 4485 quia⁹
1015 4386 1113 4485 per¹⁰
1134 4386 1232 4463 hanc
1252 4386 1441 4463 actionem
1462 4387 1511 4463 de
1531 4385 1769 4462 dividund0¹²
1792 4386 1969 4485 praeiudi-

381 4515 492 4583 catur
517 4507 651 4605 primae
676 4507 725 4582 de
750 4506 954 4605 principali
981 4508 1255 4606 recuperando.
1284 4507 1460 4596 Quartus
1487 4532 1597 4583 casus
1626 4515 1684 4583 est
1710 4507 1741 4583 si
1768 4507 1865 4583 tales
1893 4508 1970 4584 sint

381 4626 548 4704 actiones
575 4627 793 4726 propositoe,
822 4628 924 4725 quod
951 4651 1031 4703 una
1056 4627 1206 4704 tollitur
1232 4628 1415 4704 electione
1441 4628 1610 4705 alterius.
1639 4627 1700 4704 Ut
1728 4627 1759 4703 si
1787 4652 1902 4726 agam
1930 4628 1971 4702 in

380 4845 407 4879 ⁸⁸
418 4845 500 4921 illas,
514 4847 580 4919 LA,
594 4845 667 4906 MC.
704 4843 730 4879 ⁸⁰
741 4853 930 4923 competunt,
945 4847 1022 4921 MG,
1036 4848 1109 4908 CM.
1145 4845 1171 4879 ⁴⁰
1183 4847 1263 4920 Om,
1278 4847 1344 4922 CE,
1359 4848 1437 4922 MG,
1453 4848 1527 4908 CM.
1563 4846 1589 4879 ⁴¹
1602 4845 1888 4920 fuerint,V;aunt,
1903 4845 1971 4920 OC,

380 4945 445 5006 CE.
480 4944 507 4978 ‘²
520 4945 599 5022 Om,
614 4946 653 5019 V,
667 4946 733 5008 OC.
770 4945 980 5019 ⁴⁸Om.,MG,
996 4947 1069 5007 CM.
1105 4944 1132 4980 ⁴⁴
1143 4946 1245 5022 debet,
1261 4947 1340 5022 MG,
1354 4949 1427 5008 CM.
1465 4945 1635 5025 ⁴‘peteret
1650 4949 1719 5022 ΟΒ,
1735 4949 1817 5020 MB;
1833 4950 1970 5026 petierit,

380 5046 455 5107 MA.
492 5045 519 5080 ⁴⁸
531 5045 610 5124 Om,
625 5048 694 5123 OA,
709 5048 778 5123 ΟΒ,
792 5049 860 5123 OC,
874 5049 951 5123 MA,
965 5048 1043 5122 ΜΒ,
1057 5049 1131 5124 MC,
1145 5049 1223 5125 MG,
1238 5048 1312 5122 CM,
1328 5049 1395 5122 LA,
1409 5051 1448 5110 Y.
1485 5047 1511 5082 ⁴⁷
1523 5049 1604 5124 Om.‚
1619 5050 1689 5123 OB,
1704 5049 1780 5122 MA,
1796 5050 1871 5110 ΜΒ.

463 5147 883 5226 ²praeaentavit,MG,CM.
924 5147 989 5224 ²et,
1006 5149 1075 5223 ΟΒ,
1094 5149 1169 5222 MA,
1188 5151 1263 5224 ΜΒ,
1282 5137 1350 5224 c'E,
1367 5151 1406 5211 Y.
1446 5148 1647 5225 ⁸0m.,MG,
1667 5151 1739 5211 CM.
1780 5148 1885 5225 ⁴Om.,
1904 5150 1970 5222 LA,

380 5250 420 5324 Y,
441 5250 513 5311 Mc.
555 5249 701 5326 ‘iterum
721 5250 790 5325 OA,
810 5251 877 5326 OC,
898 5251 973 5327 MA,
995 5251 1072 5327 MG,
1094 5250 1160 5327 CE,
1182 5251 1261 5324 CM;
1282 5255 1394 5327 iter-lm,
1415 5251 1483 5312 ΟΒ.
1526 5249 1773 5325 ⁸''contrarium
1795 5251 1873 5326 MG,
1896 5251 1969 5312 CM.

380 5350 432 5385 ⁸¹¹¹
445 5350 525 5427 0m.,
539 5352 617 5427 MG,
631 5351 704 5412 CM.
740 5350 792 5384 ⁹⁴⁰
804 5352 886 5429 quod
899 5371 967 5430 per,
980 5353 1009 5412 V
1017 5374 1026 5424 ;
1041 5357 1112 5430 quia
1127 5371 1231 5430 super,
1245 5351 1313 5414 OA
