4432 6336
390 471 463 540 108
895 433 896 436 ‘
921 464 1144 526 anacrou:
1167 464 1228 526 na
1251 465 1443 529 rnorsus

389 615 492 690 data.
515 615 574 690 Et
594 614 695 690 fiunt
716 613 923 714 aliquando
944 615 1169 693 donationes
1191 616 1232 693 in
1252 617 1416 717 scriptis,
1438 617 1536 695 sicut
1559 617 1748 708 incertis,
1771 620 1821 696 ad
1843 644 1979 718 perpe·

388 741 498 809 tuam
519 733 743 811 memoriam
765 741 927 833 propter
949 735 1104 810 brevem
1126 734 1323 813 hominum
1346 736 1478 826 vitam,
1502 735 1555 812 et·
1578 745 1624 813 ut
1648 737 1799 816 facilius
1824 739 1980 837 probari

389 852 511 951 possit
526 851 694 929 donatio.
708 852 767 930 Et
780 859 911 930 tamen
925 853 1170 931 nihilominus
1185 854 1300 944 valet,
1314 855 1403 932 licet
1417 854 1611 955 scriptura
1626 881 1703 933 non
1719 857 1979 947 intervenerit,

389 971 483 1047 dum
498 981 629 1048 tamen
645 971 738 1047 alias
753 971 893 1050 habeat
909 973 1166 1072 probationes.

489 1094 554 1170 De
574 1093 817 1172 diadoctioae
836 1101 1043 1172 amarant.

388 1213 454 1289 Er
470 1214 666 1290 sciendum
682 1216 786 1314 quod
802 1226 997 1293 cartamm
1015 1216 1089 1292 alia
1107 1217 1225 1316 regia,
1244 1217 1319 1294 alia
1335 1217 1500 1317 privata
1518 1218 1577 1295 Et
1594 1218 1790 1317 regianum
1807 1219 1883 1295 alia
1902 1220 1979 1319 pri·

387 1340 491 1421 vata,
508 1333 583 1408 alia
598 1334 821 1424 communis,
838 1336 916 1411 alia
930 1335 1202 1413 universitatis.
1222 1338 1326 1413 Item
1342 1336 1584 1436 privatarum
1601 1336 1677 1413 alio
1694 1339 1742 1414 de
1760 1363 1860 1437 puro
1877 1338 1978 1414 feci-

389 1453 563 1530 famento
587 1463 626 1530 et
650 1454 824 1552 simplici,
848 1455 923 1530 alia
947 1455 995 1530 de
1019 1455 1273 1532 feoffamento
1297 1456 1559 1545 condicionali,
1584 1457 1662 1533 sive
1686 1457 1978 1535 conventionali.

389 1573 447 1650 Et
475 1574 685 1650 secundum
712 1573 840 1649 omnia
866 1598 1010 1672 genera
1038 1574 1380 1652 feoffamentorum
1408 1575 1491 1652 fieri
1520 1575 1690 1674 poteria·
1720 1578 1824 1653 Item
1852 1577 1979 1676 priva·

388 1699 518 1768 tarum
538 1690 614 1767 alia
633 1692 681 1767 de
700 1692 960 1791 recognitione
979 1719 1080 1792 pura
1099 1693 1160 1770 vel
1179 1693 1441 1770 condicionali.
1464 1695 1567 1771 Item
1589 1694 1664 1771 alia
1685 1696 1733 1772 de
1754 1697 1885 1794 quieta
1903 1695 1978 1772 cla-

388 1813 546 1889 mantia
575 1813 678 1889 Item
703 1811 778 1889 alia
804 1813 851 1889 de
876 1813 1177 1889 confirmatione.
1204 1814 1263 1890 Et
1290 1813 1338 1890 de
1361 1814 1433 1890 hac
1458 1814 1621 1891 materia
1646 1814 1808 1892 inveniri
1834 1815 1979 1913 poterit

388 1932 494 2008 infra
512 1933 559 2009 de
576 1932 684 2008 finali
701 1931 913 2009 eoncordia.
935 1933 1057 2009 Carta
1075 1957 1166 2008 vero
1185 1933 1232 2008 de
1251 1957 1351 2031 puro
1370 1932 1625 2010 feoffamento
1644 1933 1730 2010 est²⁰
1750 1935 1798 2010 de
1818 1934 1978 2033 simplici

388 2049 670 2126 feoffamento¹²
690 2049 771 2128 sine
791 2050 919 2149 aliqua
939 2049 1189 2128 adiectione.¹²
1211 2050 1534 2140 Condicionalis,²⁸
1553 2061 1598 2129 ut
1618 2051 1650 2129 si
1669 2053 1840 2131 condicio
1861 2052 1979 2130 dona·

387 2171 484 2249 tioni
499 2170 576 2250 sit¹⁴
591 2171 751 2260 adiecta,
765 2182 811 2249 ut
825 2195 945 2270 supra
958 2170 1079 2247 videri
1094 2170 1251 2270 poterit.
1268 2172 1371 2248 Item
1386 2170 1434 2248 de
1448 2171 1720 2269 recognitione,
1736 2181 1781 2248 ut
1797 2172 1829 2249 si
1844 2181 1979 2249 tenens

388 2316 606 2389 remquam
626 2290 772 2367 detinet
792 2298 831 2366 et
851 2290 900 2365 ab
920 2315 965 2366 eo
985 2288 1173 2389 petitur,¹⁸
1194 2290 1458 2388 recognoverit
1478 2316 1560 2367 esse
1579 2289 1639 2366 ius
1661 2290 1839 2389 petentis.
1862 2291 1938 2368 Vel
1957 2317 1979 2368 e

387 2435 583 2498 converso,
604 2411 635 2487 si
655 2418 791 2509 petens
812 2435 892 2486 rem
913 2434 1030 2508 quam
1049 2417 1184 2486 tenens
1205 2417 1312 2487 tenet
1333 2409 1598 2508 recognoverit
1618 2435 1700 2488 esse
1721 2410 1779 2488 ius
1801 2411 1978 2498 tenentis,

387 2532 594 2608 tenendam
615 2533 663 2608 de
683 2555 723 2608 se
742 2531 803 2608 vel
823 2533 871 2608 de
892 2531 977 2619 alio,
999 2529 1087 2607 vel¹⁶
1108 2532 1139 2607 si
1160 2531 1266 2607 illam
1286 2530 1473 2608 remiserit
1495 2540 1534 2608 et
1555 2531 1724 2630 quietam
1744 2531 1977 2608 clamaverit.

389 2651 493 2728 Item
513 2651 560 2727 de
580 2649 707 2750 pura¹²
730 2650 860 2750 quieta
878 2649 1097 2739 clamantia,
1117 2647 1190 2726 ut¹⁸
1211 2651 1243 2726 si
1263 2657 1400 2750 petens
1420 2676 1519 2750 pure
1539 2650 1728 2728 remiserit
1748 2659 1788 2727 et
1809 2651 1979 2749 quietam

387 2772 610 2849 clamaverit
632 2771 780 2848 tenenti
802 2779 959 2858 terram,
983 2794 1100 2868 quam
1123 2769 1236 2868 petiit
1259 2779 1304 2847 ut
1328 2769 1387 2845 ius
1410 2795 1534 2848 suum.
1560 2770 1664 2846 Item
1686 2778 1795 2847 cama
1818 2770 1866 2848 de
1890 2795 1978 2845 con·

388 2889 617 2978 firmatione,
642 2915 726 2988 quae
749 2887 906 2965 alterius
931 2888 1081 2964 factum
1104 2887 1316 2965 consolidat
1340 2898 1379 2965 et
1403 2889 1607 2965 confirmat
1630 2896 1797 2977 tantum,
1822 2897 1861 2965 et
1885 2887 1979 2964 nihil

389 3009 478 3085 novi
504 3008 692 3097 attribuit,
719 3008 786 3085 sed
812 3005 1019 3106 aliquando
1044 3006 1249 3082 confirmat
1273 3015 1313 3083 et
1339 3007 1458 3083 addit.
1487 3007 1590 3083 Item
1616 3032 1750 3083 earum
1777 3030 1862 3106 quoe
1888 3015 1979 3083 sunt

388 3126 576 3228 privatae¹⁰
610 3135 649 3202 et
682 3125 871 3225 simplices
904 3127 952 3202 de
984 3149 1084 3223 pura
1116 3123 1324 3200 donatione
1356 3134 1556 3201 remanent
1590 3123 1792 3202 donatario
1826 3132 1865 3202 et
1899 3125 1979 3201 eius

387 3247 600 3323 heredibus.
634 3245 676 3320 Si
708 3253 838 3321 autem
867 3241 1115 3320 communes²⁰
1146 3242 1223 3320 sint
1253 3242 1469 3341 duplicari²²
1501 3242 1653 3332 debent,
1686 3243 1790 3342 quod
1821 3241 1979 3343 quilibet

389 3366 529 3441 habeat
556 3372 708 3462 partem
736 3387 857 3450 suam,
885 3361 947 3438 vel
975 3360 1116 3460 deponi
1145 3361 1186 3437 in
1213 3385 1321 3460 aequa
1348 3386 1468 3438 manu
1495 3361 1650 3438 cuilibet
1679 3362 1862 3460 partium,
1891 3386 1979 3437 eum

389 3483 598 3559 necessarie
625 3480 745 3558 fuerit
772 3479 996 3558 exhibenda.
1025 3480 1084 3556 Et
1113 3480 1144 3556 si
1174 3504 1290 3579 penes
1319 3480 1564 3557 donatarium
1593 3480 1830 3569 remanserit,
1860 3481 1978 3556 dona·

387 3609 451 3676 tor
467 3627 513 3677 eo
529 3600 633 3698 quod
649 3625 719 3676 sua
735 3599 893 3675 interest
910 3597 1048 3697 petat²²
1066 3596 1348 3686 exhibitionem,
1364 3622 1454 3674 cum
1470 3597 1694 3675 donatarius
1713 3599 1816 3675 forte
1835 3599 1979 3696 aliquid

388 3730 499 3822 petat
514 3747 537 3797 a
551 3721 749 3807 donatore,
764 3718 867 3817 quod
884 3718 1048 3795 donator
1063 3716 1263 3815 negaverit
1277 3717 1338 3793 vel
1353 3717 1401 3795 de
1417 3742 1495 3816 quo
1509 3717 1719 3806 dubitetur,
1735 3717 1796 3793 vel
1812 3718 1844 3794 si
1860 3719 1978 3794 dona-

387 3850 451 3918 tor
469 3849 579 3939 petat
595 3846 634 3916 et
651 3835 876 3915 donatarius
893 3844 1020 3934 neget,
1038 3845 1132 3912 tunc
1150 3835 1374 3914 donatarius
1393 3836 1454 3913 vel
1472 3835 1649 3913 exhibeat
1667 3837 1978 3924 instrumentum,

388 3960 450 4036 vel
467 3943 504 4035 ei
518 3959 731 4056 denegetur
748 3955 847 4033 actio
865 3956 897 4033 si
914 3963 1050 4055 petens
1070 3954 1201 4044 fuerit,
1219 3955 1281 4031 vel
1300 3956 1331 4032 si
1350 3954 1399 4031 ab
1417 3979 1462 4032 eo
1480 3964 1640 4055 petatur
1657 3965 1855 4034 remaneat
1873 3956 1978 4032 inde-

389 4082 533 4158 fensus.
555 4078 779 4157 Communis
798 4078 899 4155 enim
917 4102 998 4154 esse
1017 4077 1172 4176 poterit,
1191 4086 1237 4154 ut
1256 4077 1287 4152 si
1305 4085 1411 4153 terra
1430 4076 1545 4154 detur
1563 4076 1613 4153 ad
1632 4077 1841 4154 terminum
1860 4101 1978 4153 anno·

388 4227 476 4279 rum
489 4200 578 4278 vel¹⁸
593 4201 644 4278 ad
658 4201 821 4276 firmam.
839 4200 942 4276 Item
955 4198 1167 4274 communis
1183 4223 1264 4275 esse
1279 4196 1423 4296 poterit
1439 4196 1541 4273 alia²‘
1556 4197 1705 4275 ratione
1720 4205 1762 4274 et
1777 4207 1978 4298 perpetua,

388 4333 434 4400 ut
454 4323 588 4423 siquis
608 4322 855 4399 donationem
875 4319 1010 4398 fecerit
1030 4318 1142 4395 alicui
1162 4320 1210 4395 de
1230 4318 1359 4417 aliqua
1378 4344 1432 4407 re,
1453 4328 1605 4396 retenta
1626 4319 1696 4396 sibi
1717 4319 1846 4418 aliqua
1867 4327 1980 4418 parte

389 4443 419 4518 f.
434 4445 504 4537 34]
559 4441 660 4519 illius
678 4442 744 4531 rei,
761 4452 806 4520 ut
824 4442 855 4518 si
873 4441 957 4540 quis
974 4439 1189 4516 manerium
1205 4439 1354 4516 dederit
1372 4449 1523 4517 retenta
1541 4440 1611 4518 sibi
1629 4450 1770 4540 quarta
1788 4450 1900 4541 parte
1918 4441 1980 4517 vel

389 4565 437 4641 de
457 4563 536 4640 eius
557 4561 809 4662 pertinentiis.
830 4562 892 4639 Ut
911 4561 943 4638 si
963 4561 1047 4660 quis
1066 4562 1280 4638 manerium
1300 4560 1448 4638 dederit
1469 4570 1621 4638 retenta
1640 4561 1710 4638 sibi
1731 4562 1980 4640 advocatione

390 4778 494 4856 ⁸Om,
516 4779 583 4854 OC,
604 4778 678 4853 CM,
699 4779 736 4855 P,
756 4780 796 4853 Y,
817 4778 891 4852 HA,
913 4778 988 4853 ΗΒ,
1008 4779 1074 4838 MA
1097 4778 1230 4857 (-ut).
1274 4775 1412 4856 'potest
1433 4777 1500 4854 OC,
1522 4779 1600 4854 MG,
1623 4778 1698 4854 CM,
1719 4778 1786 4853 LA,
1809 4778 1883 4853 MC,
1906 4779 1979 4854 HA,

390 4881 463 4942 ΗΒ.
504 4878 569 4914 ²²²²²
582 4880 662 4956 Om„
683 4880 761 4955 MG,
781 4881 855 4954 CM,
875 4881 947 4941 HA.
990 4877 1239 4941 ²²‘¹⁸adiectione
1258 4877 1473 4956 condicionall,
1494 4879 1588 4942 MSS.
1609 4901 1674 4940 var.
1717 4879 1743 4915 ²⁴
1755 4899 1817 4941 non
1837 4885 1888 4955 sit,
1910 4880 1980 4956 OB,

288 5003 294 5032 .
390 4981 467 5056 Mn,
491 4981 566 5056 ou,
590 4981 628 5056 r,
651 4981 726 5042 un.
772 4979 947 5060 apaan,
971 4981 1010 5057 v,
1034 4979 1101 5057 oo,
1126 4982 1165 5042 r.
1212 4979 1296 5057 ¹⁶ut,
1320 4980 1388 5056 oo,
1412 4982 1487 5056 cru,
1512 4982 1548 5043 r.
1594 4979 1713 5060 “pura
1737 4989 1780 5058 a,
1804 4984 1880 5057 cu,
1905 4983 1978 5043 Hs.

389 5079 470 5155 ¹⁸et,
489 5081 558 5157 ΟΛ,
578 5080 647 5157 OB,
668 5083 745 5155 MA,
765 5083 805 5144 Y.
847 5080 874 5116 ¹⁰
885 5085 1088 5160 privatorum,
1109 5082 1178 5156 OA,
1199 5083 1274 5157 ΗΒ,
1294 5084 1351 5144 OC
1376 5083 1471 5160 (corr.
1493 5085 1655 5164 parum);
1677 5087 1880 5164 privatarum,
1902 5085 1979 5159 MG,

390 5180 463 5241 HA
509 5179 649 5245 ²⁰⁴¹sint
672 5201 845 5244 communes
869 5191 924 5244 aut
945 5182 1110 5261 duplicari,
1134 5183 1202 5258 OC,
1226 5184 1304 5259 MG,
1328 5185 1403 5261 HA,
1427 5185 1500 5246 ΗΒ.
1547 5184 1574 5219 ²²
1585 5194 1674 5265 petat
1697 5207 1716 5247 a
1741 5184 1915 5263 domtano,
1940 5185 1980 5262 V,

389 5280 465 5441 ghi,
486 5282 523 5357 P,
543 5283 573 5342 Y
598 5281 634 5360 (a
654 5282 831 5363 donatore).
877 5283 956 5358 ⁸⁸et,
978 5284 1046 5358 OA,
1069 5285 1145 5360 MA,
1167 5286 1244 5362 ΜΒ,
1266 5286 1340 5361 MC,
1361 5288 1429 5362 LA,
1451 5288 1488 5364 P,
1510 5288 1583 5350 OD.
1627 5286 1780 5367 '‘aliqua,
1803 5289 1880 5364 MA,
1903 5289 1979 5365 ΜΒ,
