4392 6352
638 501 699 560 DE
723 499 1026 573 ADQUIRBNDO
1048 503 1206 563 RERUM
1229 502 1432 565 DOMINIO
1758 511 1833 588 267

243 649 403 737 ratione,
420 652 487 727 sed
503 677 582 727 non
597 651 628 728 si
643 661 797 730 tantum
815 653 885 732 fiat
901 653 1094 752 separatio
1110 653 1197 730 tori.
1216 654 1320 731 Item
1336 654 1444 730 heres
1462 655 1691 754 quandoque
1709 657 1832 733 lucre·

242 775 309 843 tur
329 767 459 844 dotem
477 778 567 868 post
586 778 751 846 mortem
770 771 854 860 viri,
874 797 962 848 cum
983 772 1102 849 fuerit
1123 773 1319 869 assignata
1339 798 1387 848 ex
1408 774 1682 851 consuetudine
1703 775 1853 859 civita.

243 893 328 960 tum
349 893 388 961 et
409 887 646 976 comitatum,
668 887 766 964 sicut
787 889 827 963 in
850 889 991 966 Centia
1013 899 1052 966 et
1074 891 1280 966 Londonie
1302 899 1341 967 et
1363 891 1568 968 Lincolnia
1589 901 1628 969 et
1650 893 1750 969 alibi.
1775 894 1834 970 Et

243 1003 441 1081 sciendum
464 1006 567 1103 quod
590 1006 840 1105 maritagium
864 1008 913 1083 ob
937 1033 1092 1085 causam
1116 1009 1350 1085 matrimonii
1377 1035 1528 1108 semper
1552 1021 1725 1088 remanet
1750 1038 1833 1088 mu·

242 1122 326 1198 lieri
346 1131 385 1199 et
403 1123 605 1200 heredibus
627 1123 716 1213 suis,
738 1125 769 1201 si
789 1125 945 1203 heredes
965 1126 1153 1205 habuerit.
1178 1128 1220 1202 Si
1242 1136 1372 1203 autem
1392 1153 1483 1217 non,
1504 1128 1738 1206 revertitur²⁰
1760 1156 1833 1230 pro

242 1239 439 1316 defectum
460 1241 654 1318 heredum.
677 1243 735 1320 Et
756 1244 889 1320 eodem
911 1245 1025 1321 modo
1047 1247 1116 1321 dos
1139 1246 1433 1344 parapherneiis
1455 1246 1657 1324 heredibus
1679 1249 1832 1347 quibus·

242 1363 465 1456 eumque>

342 1479 409 1556 De
423 1504 502 1579 qua
515 1504 567 1558 re.

242 1595 310 1671 Dn
328 1623 406 1695 qua
423 1599 486 1674 re?
506 1599 564 1676 Et
583 1600 778 1677 sciendum
797 1601 900 1699 quod
920 1603 951 1677 si
971 1602 1029 1678 vir
1049 1611 1172 1678 terras
1192 1602 1368 1681 habuerit
1388 1613 1426 1681 et
1445 1613 1677 1694 tenemento,
1698 1607 1833 1683 dotare

242 1715 386 1812 poterit
399 1742 560 1793 uxorem
574 1743 694 1806 suam,
709 1720 802 1796 dum
815 1728 946 1796 tamen
960 1721 1118 1797 modum
1132 1747 1211 1796 non
1223 1723 1396 1811 excedat,
1412 1724 1459 1799 de
1474 1748 1712 1822 quacumque
1727 1733 1833 1801 terra

241 1834 407 1911 voluerit
436 1844 475 1912 et
505 1836 553 1913 de
581 1837 852 1936 cuiuscumque
883 1839 998 1915 feodo
1029 1839 1212 1928 extiterit,
1243 1840 1416 1938 quemvis
1447 1840 1544 1940 per²¹
1575 1843 1646 1918 hoc
1677 1843 1833 1919 auferat

243 1951 398 2030 domino
415 1954 572 2053 capitali
588 1956 802 2033 custodiam
820 1957 923 2033 feodi
942 1957 1011 2046 sui,
1031 1983 1118 2034 cum
1136 1984 1236 2034 uxor
1253 1960 1383 2035 dotem
1401 1960 1627 2037 obtinuerit:
1648 1962 1834 2038 damnum

242 2071 396 2168 quidem
408 2072 442 2148 ei
454 2072 550 2150 facit
562 2075 629 2150 sed
641 2074 787 2150 nullam
799 2075 989 2165 iniurium,
1002 2101 1090 2152 cum
1104 2077 1135 2152 si
1149 2077 1362 2153 custodiam
1375 2103 1454 2154 non
1466 2079 1654 2168 habuerit,
1670 2080 1832 2157 sufficiat

242 2188 277 2265 ei
298 2189 492 2267 relevium.
516 2191 575 2268 Et
596 2191 644 2267 de
664 2192 735 2267 hac
755 2194 919 2268 materie
939 2194 1100 2270 inveniri
1123 2196 1267 2293 poterit
1290 2196 1338 2271 de
1360 2196 1525 2273 termino
1549 2197 1707 2274 Paschae
1729 2224 1832 2275 anno

241 2306 343 2405 regis
368 2307 532 2384 Henrici
557 2309 793 2400 duodecimo,
816 2312 1001 2388 comitatu
1027 2313 1249 2402 Lincolniae,
1275 2314 1322 2390 de
1349 2314 1498 2390 Idonea
1522 2341 1606 2413 quae
1631 2316 1708 2393 fuit
1733 2342 1832 2392 uxor

242 2427 419 2504 Nicholei
439 2427 631 2504 Burdet.²²
652 2429 757 2505 Item
777 2430 825 2506 de
844 2430 956 2507 terris
976 2440 1015 2507 et
1035 2431 1262 2508 tenementis
1283 2432 1450 2531 propriis
1472 2459 1557 2531 quae
1576 2432 1771 2510 tenuerit²⁸
1793 2435 1832 2510 in

242 2544 358 2620 feodo
377 2545 447 2622 sibi
466 2555 506 2622 et
524 2546 726 2625 heredibus
747 2548 836 2637 suis,
856 2560 896 2626 et
915 2548 1023 2624 non²⁴
1043 2550 1094 2626 ad
1113 2550 1322 2626 terminum
1341 2551 1428 2626 vitae
1449 2553 1509 2627 vel
1531 2577 1732 2641 annorum,
1754 2553 1833 2628 sive

241 2663 309 2739 illa
330 2666 498 2743 tenuerit
521 2666 581 2742 vir
603 2692 652 2742 ex
677 2691 793 2743 causa
816 2668 1059 2744 successionis
1083 2669 1145 2745 vel
1168 2669 1380 2767 perquisiti,
1406 2669 1467 2745 vel
1493 2671 1567 2746 alio
1593 2696 1832 2770 quocumque

240 2785 373 2861 modo:
396 2794 436 2862 et
457 2785 561 2862 unde
582 2785 614 2860 si
638 2785 824 2862 feoffatus
848 2785 967 2862 fuerit
990 2811 1087 2885 pure
1108 2786 1176 2862 et²⁶
1200 2787 1280 2863 sine
1303 2786 1433 2885 aliqua
1453 2787 1674 2864 condicione
1698 2790 1768 2865 sibi
1792 2799 1832 2866 et

241 2901 443 2979 heredibus
471 2902 588 2991 suis,²⁶
615 2903 728 2981 certis
756 2903 822 2980 et²⁷
851 2904 1070 3003 expressis²⁸
1096 2904 1158 2981 vel
1185 2904 1501 2994 indeterminatis,
1532 2907 1704 3004 quamvis
1733 2908 1831 2984 tales

240 3021 397 3098 heredes
412 3047 492 3098 non
507 3022 694 3111 habuerit,
713 3023 790 3100 sive
807 3022 1011 3100 bastardus
1028 3023 1148 3100 fuerit
1165 3024 1243 3100 sive
1259 3023 1467 3121 legitimus,
1484 3025 1545 3100 vel
1563 3025 1593 3100 si
1611 3025 1707 3102 tales
1724 3025 1830 3101 here-

241 3141 307 3218 des
322 3141 498 3218 habuerit
513 3151 553 3218 et
567 3142 790 3230 defecerim,
804 3142 860 3218 ita
876 3142 979 3239 quod
994 3140 1127 3218 terre²⁰
1142 3143 1283 3218 reverti
1298 3142 1436 3218 debeat
1452 3143 1502 3218 ad
1517 3142 1745 3220 donatorem
1761 3169 1832 3242 per

240 3259 500 3336 condicionem
521 3259 679 3336 tacitam
701 3259 761 3335 vel
783 3285 1016 3359 expressam,
1039 3285 1138 3335 uxor
1159 3261 1290 3358 dotem
1312 3260 1516 3337 obtinebit:
1538 3261 1630 3360 quia
1651 3287 1751 3360 pura
1773 3270 1831 3338 est

242 3378 398 3454 donatio
418 3378 466 3453 ab
485 3378 605 3467 initio,
626 3386 664 3455 et
684 3404 824 3477 puram
845 3378 1153 3467 feoffamentum,
1174 3378 1347 3476 quemvis
1367 3404 1439 3478 per
1457 3380 1718 3456 condicionem
1738 3381 1831 3456 taci-

241 3506 323 3573 tam
338 3496 399 3572 vel
416 3522 637 3596 expressam
653 3497 893 3573 dissolutum.
913 3496 956 3572 Si
972 3506 1103 3573 autem
1119 3497 1174 3572 ita
1192 3497 1298 3574 facta
1316 3506 1414 3574 esset
1431 3499 1600 3587 donatio,
1617 3508 1662 3575 ut
1681 3499 1712 3575 si
1730 3499 1831 3574 dica·

241 3623 318 3703 tur,
333 3615 401 3692 Do
418 3615 487 3693 tibi
503 3614 684 3691 tautum⁸⁰
701 3613 853 3702 terroe,⁸¹
870 3614 978 3690 nulla
994 3616 1100 3691 faeta
1116 3614 1308 3692 mentione
1326 3616 1374 3692 de
1390 3614 1603 3705 heredibus,
1621 3616 1696 3692 ista
1713 3617 1830 3692 done·

241 3733 297 3809 tio
314 3759 353 3809 se
369 3759 449 3810 non
465 3733 639 3810 extendit
656 3734 707 3809 ad
723 3734 880 3810 heredes
898 3734 970 3810 nisi
987 3742 1142 3810 tantum
1160 3734 1211 3810 ad
1228 3734 1348 3810 vitem
1366 3734 1569 3822 donatarii,
1587 3744 1626 3811 et
1644 3734 1734 3833 quia
1753 3760 1832 3811 non

242 3852 282 3927 in
301 3852 416 3929 feodo
433 3853 506 3929 nisi
525 3853 576 3929 ad
592 3852 724 3940 vitam,
744 3852 829 3928 ideo
846 3860 970 3928 cessat
989 3852 1089 3929 dotis
1109 3851 1256 3950 petitio
1280 3851 1323 3928 Si
1343 3861 1474 3928 autem
1493 3853 1633 3928 adiciat
1653 3852 1693 3928 in
1713 3854 1831 3929 done·

240 3967 345 4046 tione
365 3969 461 4059 ita‚⁸²
479 3968 574 4046 Do⁸⁸
595 3969 721 4048 tibist
741 3969 943 4047 heredibus
962 3969 1040 4046 tots
1057 3970 1090 4047 e·
1109 3969 1266 4047 heredes
1286 3968 1463 4047 habueris
1483 3970 1591 4058 talea,
1611 3969 1672 4046 vel
1692 3970 1741 4047 de
1762 3971 1832 4048 tati

241 4113 375 4176 acore,
392 4088 466 4165 ista
483 4089 639 4165 donatio
656 4113 734 4165 non
751 4098 808 4164 est
827 4089 875 4165 ab
892 4088 1000 4164 initio
1018 4089 1205 4187 perfecta,
1224 4089 1291 4164 sed
1310 4088 1502 4187 dependet
1520 4115 1568 4165 ex
1588 4089 1732 4165 insidiis
1751 4090 1830 4165 for·

240 4217 356 4297 tunae,
377 4233 447 4284 nee
467 4207 540 4284 erit
561 4208 736 4306 perfecta
757 4217 963 4305 antequam
985 4207 1125 4283 existat
1147 4207 1328 4295 condici0,
1352 4207 1455 4305 quod
1476 4206 1632 4283 heredes
1654 4206 1831 4283 habuerit

240 4328 339 4403 tales
360 4326 422 4402 vel
443 4326 489 4401 de
511 4327 580 4401 teli
601 4351 733 4414 uxore,
757 4351 840 4423 quae
862 4325 893 4401 si
916 4325 1110 4412 defecerit,
1133 4350 1212 4401 non
1235 4325 1308 4401 erit
1329 4324 1381 4400 ibi
1405 4325 1564 4401 feodum
1586 4325 1653 4401 sed
1675 4332 1831 4401 tantum

241 4443 404 4520 liberum
428 4452 691 4520 tenementum
716 4442 793 4519 ad⁸⁴
816 4441 977 4530 vitem,⁸⁵
1002 4453 1041 4520 et
1065 4443 1120 4518 ita
1144 4443 1306 4519 cessabit
1331 4442 1430 4520 dotis
1456 4441 1604 4542 petitio.
1632 4442 1675 4519 Si
1701 4452 1831 4519 autem

241 4563 338 4640 tales
356 4563 513 4639 heredes
530 4562 707 4638 habuerit
724 4561 785 4637 vel
803 4563 851 4638 de
868 4561 938 4638 tali
956 4586 1088 4649 uxore,
1109 4561 1281 4659 quamvis
1302 4561 1524 4650 defecerint,
1546 4561 1676 4638 statim
1696 4561 1831 4660 incipit

240 4706 322 4757 csse
340 4681 499 4757 feodum
517 4688 556 4756 et
574 4679 731 4756 donatio
749 4681 935 4778 perfecta,
954 4688 993 4755 et
1012 4680 1196 4778 competit
1214 4680 1326 4755 uxori
1345 4678 1481 4778 petitio
1500 4680 1611 4757 dotis.
1635 4682 1686 4756 In
1705 4679 1831 4778 primo

243 4797 400 4875 autem⁸⁸
418 4823 509 4874 casu
527 4805 586 4875 est
604 4797 761 4875 donatio
780 4823 891 4896 pura,
912 4799 978 4874 sed
996 4797 1201 4874 resolvitur
1219 4797 1290 4874 sub
1309 4797 1528 4874 condicione
1548 4798 1666 4874 tacita
1685 4798 1747 4873 vel
1766 4822 1831 4873 ex·

242 5015 269 5049 ²⁰
280 5023 462 5092 revertetur,
477 5016 555 5092 MG,
569 5017 643 5090 CM,
657 5017 696 5077 Y.
722 5015 747 5050 ²¹
760 5035 863 5094 super,
878 5016 955 5090 MG,
971 5017 1043 5078 CM.
1070 5014 1096 5048 ²²
1109 5013 1277 5091 Burdethe,
1293 5012 1465 5088 Burdeche,
1482 5014 1575 5076 MSS.
1591 5034 1656 5074 var.
1682 5011 1709 5046 ²⁸
1721 5016 1832 5089 tenuit,

241 5116 314 5190 CE;
329 5123 505 5193 tenuerunt,
519 5115 589 5191 OB,
605 5118 679 5177 MA
717 5115 744 5149 ²⁴
756 5118 835 5192 Om,
852 5117 918 5191 ΟΕ,
934 5118 1010 5192 MA,
1026 5118 1103 5192 ΜΒ,
1118 5117 1158 5193 Y,
1175 5116 1248 5177 MC.
1286 5114 1313 5149 ²⁸
1324 5114 1405 5190 Om.,
1421 5117 1490 5192 OA,
1507 5117 1574 5191 LA,
1590 5116 1665 5191 MC,
1681 5115 1748 5189 OC,
1764 5114 1832 5189 ΟΕ,

163 5281 167 5288 ,
242 5215 311 5291 OB,
328 5217 404 5292 MA,
423 5217 497 5278 ΜΒ.
536 5215 602 5250 ²²²²²
614 5218 778 5291 0m.,cE.
818 5215 883 5252 ’Μ’
895 5218 975 5291 Om.,
992 5217 1062 5291 OB,
1081 5217 1157 5292 MA,
1176 5217 1251 5277 MB.
1291 5215 1317 5250 ²⁸
1329 5223 1413 5278 terra
1431 5217 1516 5291 data,
1535 5217 1574 5294 V,
1591 5216 1661 5292 OA,
1679 5218 1746 5292 LA,
1764 5216 1832 5293 OC,

244 5315 316 5378 MC.
361 5315 426 5351 ⁸⁸⁸⁸⁸
438 5324 557 5378 tentem
577 5324 704 5393 terram,
725 5318 763 5392 V,
785 5317 851 5380 OC.
895 5316 961 5352 ⁸⁸⁸⁸⁸
973 5319 1053 5394 Om.,
1075 5319 1144 5394 OB,
1167 5319 1243 5396 MA,
1266 5319 1341 5379 ΜΒ.
1384 5315 1450 5352 '''''
1462 5318 1542 5393 Om,
1565 5319 1635 5394 OB,
1657 5319 1732 5392 MA,
1756 5318 1831 5378 ΜΒ.

243 5415 542 5495 ⁸⁸0m.,MG,cM,
560 5417 616 5495 (†
629 5417 689 5496 Y)·
1135 5407 1137 5412 ⁵
