4432 6336
409 481 458 552 86
938 469 1244 533 cancroma
1269 469 1461 532 seorsus

408 625 440 703 si
459 625 562 702 forte
581 624 798 723 protendat
817 623 921 721 quod
940 621 1100 699 nescivit
1119 620 1247 720 ipsum
1267 647 1348 698 esse
1366 621 1554 697 villanum
1572 629 1747 720 tempore
1767 631 1999 710 contractus,

409 743 500 842 quia
521 742 630 820 scivit
652 750 722 818 aut
743 741 839 817 scire
860 740 991 818 debuit
1014 740 1122 817 cuius
1143 740 1222 817 fuit
1244 739 1474 818 condicionis
1496 740 1560 817 ille
1582 765 1671 816 cum
1695 766 1771 840 quo
1793 741 1999 829 contraxit,

408 872 542 939 utrum
559 861 735 937 videlicet
753 886 884 936 servus
903 859 963 935 vel
981 860 1088 948 liber,
1108 885 1239 936 servus
1259 859 1441 959 proprius
1460 858 1521 936 vel
1542 859 1698 948 alienus,
1718 868 1758 937 et
1776 870 1910 937 utrum
1930 859 2001 938 sub

409 989 602 1081 potestate
619 1006 690 1057 sua
706 979 767 1056 vel
786 987 898 1057 extra
914 977 1159 1056 constitutus.
1181 980 1284 1056 Item
1304 988 1386 1056 esto
1405 980 1509 1077 quod
1528 1004 1638 1055 servo
1657 979 1764 1056 iacta
1784 978 1862 1057 sit⁴²
1881 979 2000 1056 dona·

408 1099 491 1179 tio⁴⁸
507 1126 531 1176 a
546 1099 712 1188 domino,
728 1107 773 1176 ut
790 1097 1017 1197 praedictum
1033 1106 1102 1187 est,
1119 1123 1192 1197 pro
1208 1097 1388 1195 homagio
1404 1106 1445 1174 et
1461 1097 1615 1175 servitio
1631 1108 1670 1175 et
1687 1123 1775 1174 cum
1792 1099 1999 1175 manumis-

409 1220 514 1296 sione
534 1218 595 1294 vel
617 1218 709 1308 sine,
729 1217 791 1294 vel
812 1243 883 1317 per
903 1217 943 1294 id
964 1219 1067 1315 quod
1088 1218 1320 1295 tantundem
1340 1215 1444 1293 valet
1466 1227 1512 1294 ut
1533 1216 1760 1316 pradictum
1781 1227 1852 1307 est,
1873 1227 1915 1295 et
1936 1218 2000 1294 ille

408 1339 510 1415 idem
534 1338 711 1416 dominus
736 1337 800 1414 alii
825 1337 974 1416 dederit
998 1337 1205 1435 homagia⁴⁴
1230 1347 1269 1415 et
1295 1336 1476 1415 servitia⁴⁵
1502 1363 1653 1414 eorumt
1679 1363 1808 1438 quaero
1834 1339 1999 1416 antelis

407 1457 521 1535 illos‘⁸
541 1458 660 1536 eicere
679 1467 719 1535 et
739 1457 926 1535 disseisire
946 1456 1068 1557 possit
1087 1483 1175 1534 cum
1195 1456 1343 1534 nonsit
1365 1455 1443 1532 ibi⁴'
1465 1457 1614 1534 iactum
1634 1483 1746 1534 suum
1767 1481 1837 1533 nec
1859 1459 1999 1535 feolia·

407 1587 593 1654 mentum.
616 1577 674 1653 Et
695 1603 830 1653 verum
851 1586 909 1654 est
931 1578 1035 1675 quod
1057 1601 1135 1652 non
1156 1585 1297 1676 potest,
1320 1601 1399 1652 non
1421 1577 1545 1674 magis
1568 1603 1685 1675 quam
1707 1577 1770 1654 ille
1792 1579 1858 1677 qui
1881 1577 1999 1654 dona

407 1697 552 1774 tionem
574 1697 679 1785 fecit,
702 1696 793 1795 qrria
814 1721 902 1772 cum
924 1696 1008 1773 loco
1031 1697 1111 1772 eius
1135 1697 1325 1784 succedat,
1350 1721 1429 1771 non
1452 1705 1581 1795 potest
1604 1695 1693 1796 plus
1717 1696 1810 1772 iuris
1834 1697 2000 1774 clamare

407 1843 525 1916 quam
540 1817 604 1894 ille
621 1826 752 1916 posset
770 1815 830 1891 cui
848 1815 1027 1904 succedit,
1046 1824 1085 1892 et
1103 1813 1186 1914 ipse
1203 1823 1410 1891 extraneus
1429 1824 1487 1892 est
1505 1825 1695 1914 quantum
1713 1817 1763 1892 ad
1781 1816 1879 1893 tales
1898 1817 1999 1894 feof·

408 1937 524 2026 latos,
541 1946 581 2014 et
598 1936 683 2013 ideo
700 1937 749 2012 de
766 1936 848 2012 iure
865 1960 945 2011 non
961 1934 1146 2033 competit
1164 1935 1198 2011 ei
1216 1935 1392 2033 exceptio
1410 1934 1616 2032 villenagii,
1635 1944 1675 2012 et
1692 1935 1724 2011 si
1743 1935 1793 2013 sit
1812 1936 1877 2035 qui
1896 1935 2000 2014 dicat

408 2057 511 2155 quod
529 2063 737 2155 competat,
754 2053 922 2132 obstabit
938 2053 975 2130 ei
992 2053 1192 2153 replicatio
1209 2052 1258 2130 de
1278 2054 1384 2130 iacto
1403 2053 1461 2130 sui
1481 2053 1709 2131 feoffatoris.
2083 2057 2092 2066 “

507 2180 554 2258 δι’
569 2180 640 2278 fiat
657 2179 815 2258 donatio
833 2199 943 2256 servo
961 2177 1032 2254 aab
1050 2187 1245 2278 potestate
1262 2179 1407 2257 danim
1425 2179 1484 2256 aui
1503 2180 1723 2257 constituto.

407 2303 437 2380 f.
451 2306 522 2397 25]
580 2303 626 2380 Sr
641 2329 751 2381 servo
766 2303 925 2380 alicuius
941 2303 1012 2380 sub
1026 2312 1220 2404 potestate
1235 2303 1379 2380 domini
1394 2304 1605 2382 constituto
1621 2305 1728 2381 facta
1744 2305 1865 2381 fuerit
1880 2306 1998 2382 dona·

406 2422 473 2511 tio,
491 2423 588 2499 bene
605 2421 708 2500 valet
726 2433 765 2501 et
782 2432 890 2500 tenet
907 2422 1091 2522 quamdiu
1110 2423 1288 2500 dominus
1307 2423 1378 2501 sub
1397 2425 1505 2499 cuius
1523 2431 1716 2522 potestate
1737 2424 1856 2501 fuerit
1873 2424 1945 2500 hoc
1963 2423 1998 2500 ei

407 2541 650 2641 permiserit.²
676 2542 735 2620 Et
760 2542 863 2618 unde
889 2542 920 2619 si
946 2541 1065 2620 fuerit
1092 2541 1301 2620 disseisitus
1328 2568 1399 2642 per
1426 2544 1674 2620 feoffatorem
1700 2569 1813 2621 suum
1839 2542 1900 2618 vel
1927 2567 1999 2642 per

407 2660 525 2736 alium
540 2661 591 2738 ad
606 2686 720 2760 quem
734 2685 814 2737 non
829 2660 1009 2761 pertinet,
1024 2662 1210 2761 competit
1224 2662 1258 2738 ei
1274 2661 1468 2739 restitutio
1485 2687 1556 2762 per
1571 2662 1729 2738 assisam
1744 2671 1879 2739 contra
1896 2662 1996 2738 isol-

407 2779 575 2856 faborem
593 2805 706 2857 suum
724 2789 888 2880 propter
906 2782 1056 2858 factum
1074 2805 1187 2857 suum
1206 2790 1245 2858 et
1264 2790 1400 2857 contra
1420 2780 1513 2858 alios
1533 2782 1584 2857 ad
1603 2806 1699 2879 quos
1719 2807 1798 2858 non
1817 2781 1997 2881 pertinet,

407 2911 446 2978 et
466 2900 603 2999 quibus
623 2902 671 2978 de
691 2902 774 2977 iure
793 2924 873 2976 non
892 2901 1077 2999 competit
1097 2898 1273 2998 exceptio
1293 2899 1500 2997 villenagii.
1525 2899 1631 2991 <Et
1653 2900 1745 2999 quid
1767 2900 1798 2976 si
1820 2901 1997 2977 dominus

407 3021 505 3096 servi
523 3019 564 3095 in
580 3019 688 3095 cuius
707 3019 826 3096 fuerit
843 3027 1037 3118 potestate
1055 3044 1208 3096 servum
1227 3045 1339 3096 suum
1357 3019 1479 3108 eiciat,
1499 3020 1565 3117 qui
1584 3045 1623 3096 se
1641 3018 1758 3096 dicat²
1776 3020 1939 3096 liberum
1958 3028 1998 3096 et

406 3137 622 3237 proclamat
642 3136 873 3214 libertatem⁸
895 3162 983 3213 cum
1005 3163 1136 3214 servus
1158 3137 1229 3214 siti
1252 3137 1334 3214 Hic
1356 3137 1437 3214 liet*
1460 3137 1642 3214 discussio
1665 3165 1736 3239 per
1758 3138 1999 3237 parentelam

407 3256 505 3332 servi
524 3255 755 3355 productam
771 3255 867 3333 tam⁶
887 3281 934 3331 ex
952 3263 1065 3354 parte
1082 3255 1227 3333 domini
1246 3281 1363 3355 quam
1382 3256 1501 3356 ipsius
1522 3257 1631 3334 servi.
1654 3256 1696 3333 Si
1717 3267 1847 3334 autem
1865 3283 1997 3334 servus

406 3377 526 3454 fuerit
539 3384 651 3453 extra
662 3382 895 3475 potestatem
909 3374 1053 3451 domini
1067 3374 1173 3451 aliud
1186 3374 1270 3463 erit,
1285 3374 1377 3474 quia
1388 3385 1482 3452 tunc
1494 3373 1588 3451 n0n⁰
1602 3375 1849 3475 respondebit
1865 3401 1996 3453 servus

407 3497 457 3573 ad
483 3494 748 3594 exceptionem
774 3502 899 3571 statua
926 3494 999 3569 nisi
1025 3493 1118 3570 velit
1146 3503 1283 3592 sponte
1311 3504 1519 3592 antequam
1547 3495 1667 3572 fuerit
1695 3496 1896 3572 restitutus
1925 3520 1997 3595 per

406 3615 564 3692 assisam
581 3640 689 3690 novae
706 3614 921 3705 disseisinae,
940 3614 1052 3691 etita
1070 3616 1174 3713 quod
1193 3615 1318 3714 primo
1336 3614 1476 3691 habeat
1494 3625 1640 3692 statum
1659 3642 1783 3705 suum,
1803 3625 1843 3693 et
1861 3627 1997 3717 postea

406 3745 500 3835 agat
518 3736 694 3814 dominus
713 3736 884 3813 destatu
900 3736 1010 3825 servi,
1029 3746 1068 3814 et
1086 3761 1164 3812 non
1182 3737 1350 3835 prius>
1372 3737 1524 3814 Poterit
1542 3737 1643 3814 enim
1661 3739 1746 3836 quis
1765 3751 1845 3815 esse
1865 3763 1996 3815 servus

405 3859 521 3933 unius
537 3868 576 3935 et
591 3857 687 3935 liber
702 3857 816 3935 homo
833 3857 1001 3947 alterius,
1019 3859 1229 3957 respective
1244 3868 1387 3947 tamen,
1405 3859 1578 3957 quamvis
1597 3859 1747 3936 dicatur
1764 3860 1868 3958 quod
1886 3860 1995 3958 quili-

404 3981 469 4058 bet
485 3990 553 4059 aut
568 3977 677 4057 liber'
692 3989 761 4057 aut
777 4005 919 4068 servus,
936 4004 1006 4055 nec
1021 4005 1094 4079 pro
1110 3988 1222 4079 parte
1238 3979 1345 4069 liber,
1362 4005 1431 4056 nec
1447 4005 1520 4077 pro
1537 3988 1650 4078 parte
1666 4006 1809 4057 servus.
1828 3979 1900 4056 Et⁸
1917 4006 1996 4057 non
2126 3963 2135 3987 ’

405 4101 529 4179 solum
547 4101 732 4201 competit
751 4127 860 4178 servo
879 4102 932 4177 sic
951 4100 1116 4177 ieoffato
1137 4099 1255 4176 assisa
1275 4127 1382 4176 novae
1402 4101 1606 4178 disseisinae
1625 4110 1761 4178 contra
1781 4103 1994 4202 praedictos,

406 4226 472 4301 sed
494 4223 696 4301 heredibus
721 4223 798 4300 suis
823 4247 910 4299 cum
934 4232 1025 4322 post
1047 4221 1226 4298 mortem⁹
1251 4222 1366 4298 semel
1392 4222 1592 4298 extiterint
1616 4224 1657 4298 in
1682 4224 1930 4322 possessione,
1956 4233 1995 4300 et

405 4369 603 4443 quousque
616 4343 793 4420 saisinam
806 4342 1010 4420 habuerint
1024 4341 1236 4441 competit¹⁰
1250 4342 1304 4419 eis
1318 4343 1437 4420 assisa
1450 4343 1584 4420 mortis
1601 4345 1847 4422 antecessoris
1862 4371 1995 4422 versus

405 4491 536 4544 omnes
558 4463 843 4566 praeterquam¹²
864 4472 1000 4540 contra
1021 4489 1155 4540 verum
1177 4464 1374 4540 dominum
1397 4465 1468 4541 sub
1490 4464 1597 4542 cuius
1621 4465 1767 4542 fuerint
1790 4475 1994 4566 potestate,

405 4683 431 4720 ‘²
442 4689 488 4746 ita
505 4689 556 4759 ait,
574 4684 652 4758 MG,
669 4684 732 4744 CM
754 4681 939 4760 (—facta).
979 4680 1006 4716 ⁴⁸
1017 4680 1212 4758 condonatio,
1230 4684 1299 4757 OB,
1318 4683 1395 4756 MB,
1413 4684 1479 4743 MA
1502 4683 1597 4760 (corr.
1617 4683 1773 4762 donatio).
1814 4683 1880 4718 ⁴⁴⁴⁵
1892 4684 1995 4746 homa·

405 4791 489 4866 glum
505 4794 537 4847 et
550 4788 719 4860 servitium,
736 4785 805 4859 OB,
820 4784 900 4856 CM;
916 4783 1092 4863 homagium
1107 4792 1138 4844 et
1154 4788 1290 4861 servitia,
1307 4785 1389 4858 MA;
1406 4785 1582 4863 homagium
1598 4793 1631 4846 et
1647 4790 1762 4862 servit,
1780 4788 1855 4848 ΜΒ.
1895 4785 1922 4821 ⁴⁸
1932 4806 1995 4862 eos,

405 4887 572 4961 MG,CM.
611 4883 903 4960 ‘'aibi,MG,CM.

488 4985 699 5064 ¹promiaerit‚
713 4985 789 5060 MA,
804 4987 886 5058 MB;
900 4990 1054 5064 promisit,
1068 4985 1152 5059 MG;
1167 4990 1318 5065 permisit,
1335 4989 1408 5049 CM.
1445 4987 1553 5051 ²(licat
1569 5010 1646 5066 esse,
1661 4990 1699 5051 V.
1737 4989 1794 5053 ⁸in
1809 4991 1995 5068 libertatem,

404 5088 444 5163 V,
460 5088 538 5164 MO,
555 5089 628 5150 CM.
665 5086 756 5162 ⁴fiat,
771 5088 811 5163 V,
827 5088 894 5162 LA,
909 5088 982 5148 Mc,
1020 5085 1386 5166 ὓΟιιι.,Μ(ἷ,ΟΜ,(-Ι-
1400 5091 1488 5169 OC),
1509 5089 1563 5166 Η-
1577 5092 1662 5171 LA).
1702 5090 1994 5168 ⁶Om.,MG,OM,

405 5190 444 5250 Y.
486 5188 590 5251 'liber
610 5198 668 5264 est,
688 5190 729 5264 V,
750 5191 815 5251 MA
841 5188 896 5265 (·Ι-
909 5190 994 5268 est);
1015 5188 1095 5250 liber
1116 5189 1217 5266 homo,
1239 5191 1306 5264 LA,
1329 5192 1402 5252 MC.
1447 5189 1552 5268 'Om.,
1574 5194 1642 5267 OB,
1666 5194 1742 5268 MA,
1765 5196 1841 5270 ΜΒ,
1863 5196 1931 5270 OE,
1953 5197 1993 5257 Y.

404 5291 556 5352 ’mortem
571 5297 646 5367 eiua,
662 5292 706 5364 V;
722 5298 851 5352 mortem
866 5312 963 5366 suam,
979 5291 1057 5366 MG,
1074 5292 1147 5352 CM.
1185 5290 1212 5325 ¹⁰
1223 5299 1446 5371 competentem
1461 5298 1619 5372 competit,
1635 5295 1680 5368 V;
1698 5303 1921 5374 competentem
1938 5301 1995 5374 eis,

404 5394 481 5468 MA,
497 5393 573 5468 MB,
590 5394 647 5454 OB
670 5392 814 5470 (—eia).
852 5391 878 5426 ²²
890 5399 1013 5471 preter,
1030 5393 1109 5468 MG,
1125 5393 1201 5466 CM,
1218 5394 1257 5454 Y.
