4432 6340
396 504 470 572 244
929 492 1150 555 BRACTON:
1172 491 1234 553 DE
1256 491 1450 554 LEGIBUS

495 647 542 724 Si
557 645 735 724 domnas
751 645 898 723 mediae
915 669 1002 720 eam
1017 644 1215 722 remittam
1232 643 1419 741 receperit
1435 669 1460 718 α
1477 650 1630 720 tenente
1647 665 1718 718 rao
1735 665 1813 718 aaa
1831 641 1985 740 odqaa'e·

496 769 637 846 toven‘t
651 793 740 845 eam
755 791 887 846 aaran
902 765 1138 866 superiorem
1153 766 1362 843 domnam.

396 893 502 970 CUM
523 891 608 992 quis
628 891 784 969 autem²⁰
803 891 969 969 tenentis
989 891 1047 968 sui
1067 891 1290 988 homagium
1309 889 1454 990 ceperit
1473 889 1535 966 vel
1555 889 1751 965 fidelitatis
1773 914 1985 966 sacramen-

395 1025 493 1105 tum,
516 1023 555 1092 et
576 1013 774 1092 servitium
793 1013 960 1091 tenentis
983 1014 1054 1101 sui,
1076 1023 1115 1090 et
1137 1037 1225 1090 oum
1247 1013 1296 1090 sit
1318 1013 1478 1101 medius,
1500 1020 1697 1089 tenentem
1719 1035 1832 1088 suum
1853 1037 1986 1088 versus

397 1137 632 1235 superiorem
652 1135 849 1212 dominum
866 1161 945 1213 non
963 1135 1254 1233 adquietaverit,
1275 1136 1341 1211 sed
1359 1134 1527 1235 propriae
1546 1133 1670 1210 bursa
1687 1142 1815 1211 totum
1835 1133 1986 1209 infude-

397 1261 488 1338 rit.²²
517 1261 611 1337 Hoc
638 1259 802 1360 probato
830 1258 897 1335 et²²
925 1257 1130 1336 testificato
1158 1282 1288 1334 coram
1316 1256 1447 1356 probis
1475 1264 1515 1333 et
1542 1255 1730 1354 legalibus
1759 1255 1985 1346 hominibus,

396 1385 540 1485 poterit
564 1383 706 1483 absque
729 1382 821 1459 iuris
845 1382 984 1458 iniuria
1007 1405 1046 1458 se
1069 1381 1198 1480 ipsum
1221 1381 1381 1480 propria
1403 1405 1523 1457 manu
1547 1379 1771 1479 adquietare
1794 1390 1834 1456 et
1859 1380 1987 1456 faoere

397 1507 594 1584 servitimn
612 1505 769 1604 capitali
787 1505 954 1594 domino,
973 1512 1012 1581 et
1030 1504 1092 1580 ille
1111 1505 1176 1603 qui
1193 1502 1342 1580 medius
1361 1511 1419 1580 est
1438 1528 1509 1601 per
1527 1502 1801 1601 obligationem
1818 1500 1986 1600 homagii

396 1628 640 1706 nihilominus
657 1627 851 1704 tenebitur
869 1627 919 1703 ad
934 1626 1172 1702 warantiam.

496 1752 561 1830 De
575 1751 651 1829 illia
667 1751 734 1851 qai
749 1759 931 1830 teneatur
947 1752 999 1829 od
1013 1760 1295 1827 sacramentam
1310 1748 1519 1848 fidelitatis.

395 1877 577 1953 Drcrurr
598 1885 657 1952 est
676 1876 716 1952 in
735 1875 1037 1976 precedentibus
1057 1875 1223 1974 qualiter
1243 1874 1464 1951 faciendum
1484 1872 1561 1951 sit²⁸
1582 1873 1815 1971 homagium.
1840 1872 1918 1950 Sed
1940 1873 1987 1948 de

396 2000 470 2076 illis
488 2000 553 2098 qui
567 2007 749 2076 tenentur
766 2000 816 2076 ad
832 2008 1115 2076 sacramentum
1131 1997 1339 2086 fidelitatis,
1358 1996 1455 2074 siout
1471 1996 1526 2072 illi
1544 1997 1609 2094 qui
1626 2005 1760 2073 tenent
1776 1996 1818 2072 in
1835 1995 1987 2093 socagio
2032 2033 2039 2045 ·

395 2123 597 2201 liberovel
617 2123 807 2200 advitam
828 2145 1068 2221 quocumque
1088 2121 1214 2209 modo,
1236 2120 1402 2219 qualiter
1423 2119 1650 2197 fidelitatem
1672 2119 1800 2195 faeere
1823 2117 1987 2194 debeant

396 2245 485 2322 vel²⁴
500 2244 649 2346 quibus,
666 2243 758 2321 satis
773 2243 962 2344 perpendi
977 2242 1122 2342 poterit
1137 2269 1185 2320 ex
1201 2241 1416 2341 praemissis.

497 2498 562 2577 De
576 2498 725 2575 releviis
739 2496 887 2576 doadia

398 2622 503 2699 CUM
517 2623 696 2720 homagia
708 2631 825 2720 capta
838 2621 984 2698 fuerint
998 2631 1037 2699 et
1050 2620 1256 2697 fidelitates
1271 2619 1407 2696 abillis
1422 2619 1487 2719 qui
1501 2619 1624 2718 plenae
1639 2619 1762 2695 aetatis
1776 2617 1986 2706 extiterint,

397 2753 552 2845 oportet
575 2744 705 2822 statim
729 2745 832 2844 quod
854 2752 1117 2821 tenementum
1140 2743 1243 2843 quod
1267 2743 1344 2820 fuit
1366 2743 1407 2817 in
1429 2741 1605 2819 manibus
1630 2751 1924 2828 antecessorum,
1946 2748 1988 2817 et

396 2865 587 2944 hereditas
603 2893 686 2967 quae
703 2867 829 2944 iacens
846 2865 993 2944 fuerit¹³
1011 2892 1081 2965 per
1098 2892 1231 2943 eorum
1249 2867 1444 2942 decessum
1461 2864 1652 2941 relevetur
1668 2864 1710 2940 in
1726 2889 1864 2940 manus
1881 2862 1987 2939 here-

396 2993 501 3082 dum,
523 3002 562 3070 et
582 3000 745 3092 propter
765 2989 883 3067 talem
904 2989 1175 3066 relevationem
1197 2988 1375 3065 facienda
1396 2988 1468 3064 erit
1490 2988 1540 3064 ad
1561 2986 1762 3064 heredibus
1785 2984 1987 3084 quaedam²‘

396 3115 593 3213 praestatio
610 3139 694 3213 quae
711 3113 851 3189 dicitur
866 3111 1060 3201 relevium,
1079 3112 1126 3188 de
1143 3109 1294 3187 feodis*
1311 3109 1568 3186 militaribus¹⁸
1585 3119 1624 3186 et
1641 3109 1829 3186 seriautiis
1847 3118 1886 3186 et
1905 3107 1986 3184 aliis

396 3240 444 3315 de
465 3238 602 3338 quibus
623 3239 670 3314 fit
689 3235 911 3334 homagium
932 3244 971 3311 et
992 3235 1122 3332 regale
1144 3233 1352 3324 servitium,
1374 3233 1435 3309 vel
1458 3235 1505 3310 de
1527 3232 1687 3331 soeagiis
1710 3233 1758 3308 de
1780 3231 1916 3330 quibus
1940 3232 1987 3307 de

396 3360 479 3436 iure
495 3360 644 3436 nullum
659 3359 742 3435 fieri
757 3358 870 3435 debet
884 3356 1118 3455 homagium.
1136 3355 1232 3432 Fit¹⁹
1249 3357 1424 3454 quaedam
1439 3355 1636 3454 praestatio
1653 3379 1736 3453 quae
1754 3379 1832 3430 non
1848 3354 1987 3430 dieitur

396 3484 581 3562 relevium
598 3483 664 3560 sed
683 3481 803 3580 quasi,
822 3481 919 3558 sieut
936 3479 1124 3555 herietum
1143 3477 1279 3578 quasi²⁰
1297 3477 1409 3554 loco²²
1428 3476 1569 3566 relevii,
1589 3487 1628 3554 et
1647 3478 1752 3576 quod
1770 3476 1855 3552 dari
1874 3477 1987 3552 debet

396 3606 604 3706 aliquando
618 3614 709 3682 ante
724 3613 1006 3682 sacramentum
1020 3601 1228 3690 fidelitatis,
1246 3599 1453 3700 aliquando
1468 3609 1568 3700 post.
1586 3600 1644 3676 Et
1660 3600 1764 3676 unde
1779 3599 1987 3675 videndum

397 3727 584 3827 imprimis
607 3727 720 3827 quale
742 3727 792 3804 sit
815 3725 1040 3802 rationabile
1063 3723 1258 3812 relevium,
1282 3732 1320 3799 et
1345 3722 1428 3821 quis
1453 3722 1590 3799 debeat
1614 3724 1706 3798 dare
1730 3721 1923 3809 relevium,
1947 3729 1987 3797 et

397 3853 535 3954 quibus
555 3851 605 3928 sit
623 3851 807 3938 dandum,
826 3856 865 3925 et
885 3848 1061 3946 quotiens
1080 3854 1119 3923 et
1140 3846 1306 3945 quando.
1327 3845 1385 3922 Et
1406 3844 1593 3944 imprimis
1613 3844 1660 3920 de
1682 3844 1797 3920 feodo
1817 3841 1985 3920 militari.

498 3975 605 4069 Quid
617 3975 668 4052 ait
682 3972 908 4051 rationabile
923 3970 1117 4050 relevium.

397 4100 547 4190 Quam
565 4098 614 4176 sit
633 4097 859 4175 rationabile
876 4096 1060 4172 relevium
1079 4095 1281 4193 antiquum
1300 4095 1347 4168 de
1367 4093 1482 4169 feodo
1500 4092 1658 4168 militari
1676 4091 1928 4189 distinguitur
1947 4091 1988 4166 in

396 4231 505 4298 carta
525 4219 788 4308 libertatum,²²
810 4219 950 4296 scilicet
974 4216 1049 4295 de²⁸
1072 4215 1230 4293 baronia
1252 4215 1401 4293 comitis
1424 4213 1604 4312 integra¹⁴
1629 4214 1765 4291 dandae
1788 4221 1878 4290 sunt
1901 4237 1987 4288 oen·

396 4353 482 4421 tum
493 4343 598 4419 librae
611 4344 659 4419 de
670 4343 808 4418 herede
820 4341 968 4418 comitis
981 4367 1054 4439 pro
1068 4339 1219 4416 relevio.
1234 4339 1292 4415 Et
1306 4339 1353 4414 de
1366 4338 1505 4414 herede
1518 4335 1699 4413 baronis²⁵
1714 4361 1786 4436 pro
1800 4332 1987 4411 baronia¹⁸

397 4465 550 4563 integra
563 4473 718 4541 centum
730 4489 878 4540 maroae.
892 4463 958 4540 De
972 4462 1110 4539 herede
1124 4461 1254 4538 militis
1270 4459 1344 4537 de²⁷
1360 4460 1475 4536 feodo
1490 4456 1650 4536 militis²⁸
1665 4459 1817 4557 integro
1832 4467 1988 4535 eentum

397 4587 508 4664 solidi
529 4587 579 4662 ad
600 4585 701 4685 plus,
722 4594 761 4662 et
783 4585 848 4684 qui
868 4584 995 4660 minus
1017 4582 1191 4660 debuerit
1212 4583 1339 4658 minus
1361 4582 1438 4670 det,
1461 4581 1670 4657 secundum
1693 4580 1797 4678 quod
1818 4577 1988 4656 tenuerit

397 4805 516 4881 ²⁰Om.,
538 4805 607 4879 OA,
629 4805 696 4879 LA,
718 4803 793 4878 MC,
814 4803 881 4877 OC,
902 4803 939 4863 V.
983 4800 1009 4837 ²¹
1022 4801 1206 4876 infundent,
1228 4803 1298 4878 OB,
1320 4802 1393 4873 OC;
1415 4799 1565 4875 infundit,
1589 4800 1663 4862 MA.
1708 4797 1806 4875 ²’vel,
1828 4798 1898 4874 OA,
1921 4799 1988 4872 LA,

398 4907 473 4980 ΜΟ,
497 4905 563 4981 OC,
588 4906 626 4966 V.
673 4903 700 4939 ²⁸
711 4912 768 4980 est,
792 4903 832 4980 V,
856 4903 934 4978 MG,
959 4903 1034 4979 CM,
1059 4903 1098 4965 Y.
1144 4900 1172 4936 ¹⁴
1182 4909 1225 4977 et,
1250 4902 1319 4976 OA,
1344 4903 1412 4976 LA,
1438 4902 1517 4974 Mc;
1548 4901 1598 4979 (iu
1624 4901 1734 4981 quibus
1760 4900 1873 4976 verbis,
1899 4899 1986 4976 OC).

396 5005 508 5083 ²¹⁵fuit,
528 5007 567 5080 V,
588 5005 655 5082 CB,
674 5006 743 5082 OA,
764 5005 837 5066 ΜΟ.
879 5002 905 5038 ²⁰
918 5004 1039 5080 quidem
1059 5007 1229 5083 praestatio,
1251 5004 1328 5080 MG,
1349 5003 1423 5064 ΟΜ.
1466 5001 1533 5037 ²²²²²
1544 5000 1638 5063 feodo
1658 5002 1797 5076 militari,
1819 5002 1889 5076 OB,
1911 5001 1987 5077 MA,

398 5107 474 5181 ΜΒ,
500 5108 573 5168 CM.
621 5104 697 5168 ²⁹flt
720 5113 834 5182 tamen,
860 5105 930 5181 OB,
955 5104 1028 5165 CM.
1076 5101 1265 5164 ²⁰herietum
1291 5103 1369 5180 loeo,
1396 5104 1465 5180 OA,
1491 5103 1557 5164 OC.
1606 5103 1664 5165 ²¹a
1689 5103 1767 5179 loco,
1794 5104 1877 5177 MG,
1905 5103 1987 5183 quod

396 5208 475 5284 loco,
492 5207 572 5280 ΜΟ;
589 5206 672 5286 quod
688 5206 756 5269 loeo
771 5205 880 5267 relevit
895 5205 999 5282 datur,
1016 5204 1082 5267 LA
1122 5203 1149 5238 ²²
1160 5204 1326 5280 libertatis,
1344 5205 1422 5281 MG,
1440 5206 1513 5267 ΟΜ.
1553 5203 1619 5240 ⁸⁸⁴⁴
1630 5205 1670 5267 de
1688 5209 1836 5268 comitatu
1853 5209 1987 5286 integro,

397 5308 437 5384 V,
454 5308 528 5370 cM.
568 5305 633 5341 ²²²²²
644 5307 769 5370 baronis
787 5305 827 5368 de
843 5304 973 5368 baronia
989 5305 1125 5380 baronis,
1142 5304 1212 5381 OA,
1229 5307 1302 5380 003
1320 5306 1446 5370 baronis
1465 5307 1504 5369 de
1521 5305 1660 5381 baronia,
1680 5308 1746 5384 LA,
1767 5309 1839 5369 MC.
1881 5305 1988 5386 ”pra

398 5411 474 5486 ΜΒ,
491 5410 565 5471 MA.
605 5407 631 5442 ²⁸
642 5410 780 5485 militari,
797 5407 864 5483 CB,
880 5407 950 5484 OB,
968 5409 1050 5481 MB;
1067 5407 1208 5483 militum,
1225 5406 1302 5469 MG.
