4392 6352
769 525 830 587 DE
854 525 1058 588 PLACITIS
1081 525 1270 586 COBONAE
1743 528 1818 604 847

228 678 270 754 in
283 677 442 778 prisona
455 686 589 755 nostra
604 679 651 753 de
666 678 736 754 tali
750 678 834 753 loco
849 702 922 776 pro
937 686 1062 753 morte
1077 678 1139 764 Β.,
1155 677 1258 752 unde
1274 684 1440 752 rettatus
1456 683 1496 750 et
1511 674 1731 774 appellatus
1748 683 1818 764 est,

228 803 395 872 rettatus
415 794 466 872 sit
485 794 575 871 vel¹⁰
597 794 817 894 appellatus
838 795 886 871 de
907 803 1031 871 morte
1052 794 1120 870 illa
1140 793 1228 869 odio
1250 793 1315 870 et¹¹
1339 801 1432 892 atys
1453 795 1515 869 vel
1537 819 1582 869 eo
1604 794 1708 892 quod
1729 793 1818 869 inde

228 914 429 1014 culpabilis
442 913 502 991 sit.
516 913 574 990 Et
587 914 619 990 si
631 913 719 989 odio
731 923 770 989 et
782 923 885 1012 atya,
899 938 976 1011 quo
988 914 1076 989 odio
1088 922 1127 989 et
1139 937 1216 1011 qua
1228 920 1331 1011 atya,
1344 912 1405 988 vel
1419 912 1503 1009 quis
1517 912 1605 988 inde
1619 910 1820 1011 culpabilis

230 1033 289 1110 sit.
306 1034 365 1110 Et
380 1033 664 1131 inquisitionem
681 1059 797 1131 quam
812 1033 901 1108 inde
917 1032 1053 1109 feceris
1068 1041 1246 1109 etcetera.

329 1151 377 1229 Si
388 1174 461 1248 per
473 1151 757 1250 inquisitionem
772 1149 973 1247 culpabilia
986 1149 1215 1227 inveniatur.

231 1268 296 1344 Er
321 1293 409 1345 cum
433 1268 639 1345 vicecomes
665 1268 811 1346 miserit
837 1269 1121 1367 inquisitionem
1146 1277 1186 1344 et
1213 1294 1284 1367 per
1309 1267 1594 1367 inquisitionem
1620 1267 1821 1366 culpabilis

230 1388 460 1478 inveniatur,
475 1413 555 1464 non
569 1388 641 1465 erit
656 1386 817 1464 ulterius
832 1413 904 1487 per
918 1385 1077 1463 ballium
1091 1385 1353 1463 dimittendus.
1374 1387 1416 1462 Si
1433 1395 1563 1463 autem
1579 1386 1682 1463 dicat
1698 1385 1821 1485 inqui·

232 1506 318 1584 sitio
335 1507 438 1605 quod
455 1532 525 1606 per
542 1505 672 1582 odium
688 1506 750 1582 vel
766 1505 864 1605 per²²
882 1515 1025 1604 atyam‚
1043 1504 1110 1580 et¹⁸
1127 1505 1371 1581 contineatur
1388 1530 1503 1580 causa
1520 1505 1561 1580 in
1578 1504 1822 1604 inquisitione

232 1653 308 1726 quo
329 1626 417 1703 odio
435 1626 496 1701 vel
517 1652 594 1724 qua
614 1634 717 1724 atya,
739 1624 944 1722 diiigenter
965 1624 1037 1699 erit
1057 1649 1174 1700 causa
1193 1625 1461 1712 examinanda,
1482 1649 1571 1700 cum
1592 1624 1668 1700 sint
1690 1623 1821 1723 plures

231 1745 470 1821 vicecomites
490 1753 528 1820 et
549 1743 679 1818 ballivi
700 1743 766 1841 qui
786 1768 864 1818 non
885 1743 966 1818 sine
986 1767 1108 1818 causae
1129 1742 1345 1840 cognitione
1367 1742 1408 1817 in
1427 1741 1644 1818 huiusmodi
1666 1741 1821 1841 inquisi-

231 1863 398 1940 tionibus
412 1863 659 1962 praetendunt
672 1885 751 1936 non
763 1885 918 1937 causam
931 1871 976 1937 ut
988 1885 1160 1937 causam:
1175 1861 1259 1937 etsi
1274 1859 1460 1937 sufficiens
1475 1861 1595 1937 fuerit
1610 1885 1736 1949 causa,
1751 1886 1823 1960 per
1941 1945 1944 1950 Α

231 1981 391 2058 ballium
409 1980 627 2057 dimittatur
645 2005 766 2079 usque
786 1978 863 2054 ad¹⁴
884 1980 1093 2055 adventum
1112 1978 1415 2068 iustitiariorum,
1437 1978 1606 2077 alioquin
1625 1988 1823 2056 remaneat

232 2099 273 2174 in
288 2099 456 2198 prisona.

332 2217 397 2294 De
413 2240 509 2315 pace
526 2225 565 2293 et
579 2215 708 2315 plagia
724 2239 811 2292 cum
828 2215 1039 2293 adiectione
1055 2214 1220 2309 felonia.

235 2335 289 2409 ΙΝ
316 2334 419 2410 omni
443 2359 535 2410 vero
559 2334 699 2410 iniuria
724 2343 762 2410 et
786 2334 1090 2431 transgressione
1116 2344 1250 2411 contra
1275 2359 1410 2433 pacem
1437 2335 1581 2411 domini
1607 2335 1709 2433 regis
1735 2358 1823 2410 cum

233 2453 444 2530 adiectione
459 2453 622 2542 feloniae,
639 2453 736 2529 solet
752 2453 910 2551 quilibet
928 2453 1147 2550 appellatus
1164 2454 1225 2528 vel
1242 2461 1408 2531 rettatus
1427 2479 1498 2553 per
1515 2453 1663 2553 plegios
1681 2452 1823 2529 dimitti

233 2580 491 2670 praeterquam
513 2572 561 2648 de
583 2580 708 2648 morte
731 2571 905 2660 hominis,
930 2597 1169 2670 quocumque
1192 2581 1379 2671 tempore,
1403 2572 1524 2649 donec
1548 2572 1823 2671 imprisonatus

234 2717 274 2768 se
296 2717 367 2791 per
388 2693 672 2790 inquisitionem
695 2693 829 2767 doceat
853 2716 934 2767 esse
957 2690 1177 2766 immunem.
1202 2691 1288 2765 Nec
1312 2691 1395 2766 fieri
1419 2690 1532 2767 debet
1555 2691 1751 2789 inquisitio
1775 2691 1823 2767 de

234 2810 362 2909 aliquo
378 2810 451 2886 nisi
469 2810 518 2885 de
535 2835 581 2885 eo
600 2809 665 2906 qui
685 2808 804 2886 fuerit
823 2809 863 2884 in
881 2807 1049 2907 prisona.
1072 2810 1173 2885 Cum
1192 2816 1322 2884 autem
1341 2835 1412 2906 per
1431 2808 1714 2907 inquisitionem
1734 2832 1821 2884 con·

234 2928 375 3005 stiterit
393 2929 497 3027 quod
514 2927 789 3025 imprisonatus
809 2927 1029 3025 appellatus
1049 2927 1167 3003 fuerit
1187 2927 1275 3002 odio
1294 2927 1355 3004 vel
1375 2937 1478 3027 atya,
1499 2936 1537 3003 et
1556 2953 1635 3002 non
1655 2954 1699 3004 eo
1719 2928 1824 3026 quod

233 3045 433 3143 culpabilis
457 3046 518 3134 sit,
541 3054 635 3122 tunc
657 3047 707 3122 ad
730 3055 967 3145 praeceptum
991 3045 1135 3122 domini
1157 3045 1258 3144 regis
1282 3045 1546 3122 committatur
1570 3072 1641 3145 per
1664 3045 1824 3121 ballium

233 3188 306 3262 per
322 3163 435 3240 breve
451 3163 662 3240 vicecomiti
679 3163 867 3240 directum
884 3165 926 3239 in
942 3165 1012 3240 hac
1030 3164 1169 3240 forma.

333 3283 381 3360 Si
396 3309 475 3360 ooo
492 3283 542 3359 sit
559 3282 759 3381 culpabilia
777 3283 882 3382 quod
898 3282 1118 3359 dimittatur
1135 3307 1206 3380 per
1223 3281 1383 3382 plegios.

233 3403 329 3480 Rax
350 3402 560 3478 vicecomiti
583 3403 757 3479 salutem.
782 3403 887 3492 Quia
908 3411 1060 3479 constat
1083 3402 1191 3479 nobis
1215 3428 1285 3502 per
1308 3403 1592 3502 inquisitionem
1615 3430 1731 3503 quam
1754 3404 1824 3482 tibi

234 3522 362 3598 facere
381 3520 659 3621 praecepimus¹⁵
679 3529 719 3597 et
739 3546 854 3619 quam
873 3520 982 3596 nobis
1001 3521 1148 3610 misisti,
1168 3530 1213 3597 ut
1233 3521 1286 3597 sic
1305 3521 1497 3598 inseratur
1514 3530 1600 3598 tota
1620 3523 1749 3599 forma
1768 3525 1824 3598 in·

235 3641 447 3741 quisitionis
472 3651 649 3730 etcetera,
673 3640 743 3715 tibi
768 3639 1010 3738 precipimus
1036 3647 1212 3715 etcetera.
1239 3640 1314 3715 Vel
1339 3640 1385 3716 fit
1410 3641 1640 3739 quandoque
1666 3642 1719 3717 sic
1744 3641 1824 3719 sine

234 3762 364 3837 forma
379 3759 650 3860 inquisitionis:
668 3756 919 3857 Praecipimus
936 3756 1005 3833 tibi
1023 3757 1126 3856 quod
1145 3758 1175 3832 si
1192 3757 1258 3845 Α.,
1277 3765 1415 3855 captus
1434 3769 1473 3835 et
1490 3759 1669 3836 detentus
1686 3759 1728 3835 in
1745 3761 1823 3859 pri·

234 3905 328 3955 sona
339 3887 473 3954 nostra
485 3903 558 3977 pro
569 3885 693 3953 morte
706 3878 756 3952 B.
769 3875 872 3952 unde
885 3883 1051 3952 rettatus
1064 3883 1123 3952 est
1134 3876 1195 3951 vel
1208 3875 1439 3974 appellatus,
1453 3877 1642 3953 invenerit
1651 3878 1720 3954 tibi
1730 3878 1823 3953 duo·

234 3998 355 4074 decim
373 3997 513 4096 probos
531 4007 570 4073 et
585 3995 728 4094 legales
744 3994 914 4072 homines
932 3995 979 4070 de
996 3994 1181 4070 comitatu
1198 4003 1267 4070 tuo
1285 3994 1350 4092 qui
1366 3997 1642 4093 manucapiant
1659 3997 1824 4073 habendi

234 4142 323 4192 eum
342 4117 392 4192 ad
411 4115 577 4214 primam
598 4113 756 4190 assisam
776 4121 953 4202 etcetera,
975 4137 1104 4188 coram
1124 4112 1336 4189 iustitiariis
1357 4115 1498 4190 nostris
1519 4115 1569 4190 ad
1590 4117 1823 4214 responden·

235 4234 328 4310 dum
349 4235 393 4310 C.
415 4233 463 4309 de
482 4240 606 4308 morte
626 4231 745 4329 ipsius
765 4232 813 4306 B.
835 4231 938 4306 unde
957 4256 1046 4307 eum
1067 4231 1251 4330 appellat,
1271 4239 1365 4307 tunc
1386 4258 1474 4308 eum
1493 4232 1626 4308 tradas
1646 4234 1688 4308 in
1708 4234 1823 4310 ballio

233 4351 336 4427 illis¹⁶
354 4350 554 4429 duodecim
571 4347 729 4449 probis¹⁷
748 4348 962 4425 hominibus
980 4373 1100 4447 usque
1119 4349 1169 4424 ad
1187 4349 1415 4447 praedictum
1434 4351 1642 4426 adventum
1661 4351 1823 4428 iustitia·

235 4470 390 4546 riorum.
405 4470 464 4547 Et
477 4469 617 4544 habeas
630 4468 682 4544 ibi
695 4467 852 4544 nomina
866 4465 1138 4564 praedictorum
1152 4467 1380 4543 duodecim¹⁸
1395 4467 1593 4546 hominum
1608 4471 1674 4569 qui
1688 4496 1823 4547 manu·

234 4585 433 4687 ceperint²⁹
449 4585 614 4662 habendi
631 4611 730 4674 eum,
747 4594 793 4661 ut
809 4584 1036 4685 praedictum
1052 4594 1121 4663 est.
1141 4587 1259 4663 Teste
1275 4595 1453 4664 etcetera.

334 4705 459 4783 Aliud
475 4705 588 4782 breve
605 4704 653 4781 de
669 4703 814 4781 eodem.

234 4825 263 4901 f.
280 4824 398 4917 mab]
454 4823 544 4899 VEL
558 4821 686 4899 aliterz
704 4821 746 4896 Si
759 4822 825 4908 A.‚
836 4828 973 4918 captus
983 4845 1056 4918 pro
1065 4823 1247 4897 morteB.
1259 4831 1298 4899 et
1307 4823 1581 4922 imprisonatus
1592 4826 1697 4924 apud
1707 4826 1825 4902 talem

234 5041 261 5078 ¹⁰
273 5049 314 5118 et,
334 5041 412 5117 MG,
432 5039 498 5117 CB,
516 5040 575 5102 ΟΛ
599 5038 694 5117 (corr.
714 5039 794 5118 vel).
833 5037 860 5072 ²¹
872 5040 931 5116 vel,
951 5037 1020 5116 OB,
1040 5039 1117 5115 MA,
1136 5041 1211 5102 ΜΒ.
1253 5038 1372 5119 1²0m.,
1392 5041 1459 5117 OC,
1480 5043 1557 5119 MG,
1579 5043 1653 5120 CM,
1673 5044 1712 5106 Y.
1754 5043 1825 5106 ²⁸et

234 5144 326 5223 qnod,
344 5145 413 5218 OB,
431 5144 508 5217 MB,
526 5143 600 5217 MC,
619 5142 690 5214 CE;
714 5142 772 5218 (-
783 5150 814 5201 et
832 5145 1026 5201 contineatur
1049 5185 1056 5202 .
1079 5185 1087 5200 .
1111 5186 1119 5202 .
1142 5162 1201 5218 qua
1221 5148 1305 5219 atya,
1325 5142 1421 5219 MA).
1462 5141 1580 5220 14Οιιι,
1599 5145 1639 5218 V,
1659 5146 1728 5221 OB,
1748 5146 1824 5222 MA,

235 5245 302 5319 OC,
324 5244 391 5321 CE,
412 5244 480 5320 LA,
500 5243 542 5317 Y,
564 5243 639 5304 MC.
682 5238 927 5320 ²⁸proecipimds,
950 5241 1027 5315 ΜΒ,
1051 5242 1128 5318 MG,
1151 5241 1218 5319 00,
1240 5243 1314 5305 MC.
1359 5242 1386 5278 ²⁶
1397 5243 1531 5322 illorum,
1554 5246 1623 5323 OB,
1647 5248 1723 5322 MA,
1747 5248 1824 5323 ΜΒ,

235 5346 302 5422 CE,
322 5346 397 5420 CM,
417 5345 497 5419 Μῦς
517 5342 563 5406 ill.
583 5341 644 5420 vel,
663 5342 731 5406 OA.
773 5339 932 5418 ²⁷'²⁸Om.,
952 5342 1021 5419 OB,
1043 5343 1119 5419 MA,
1140 5344 1217 5419 MB,
1238 5345 1305 5421 ΟΕ,
1327 5345 1400 5407 CM.
1442 5343 1733 5426 ²⁸manuceperunt,
1755 5347 1824 5426 OB,

235 5447 311 5525 MA,
328 5448 402 5520 ΜΒ.
