4392 6352
850 515 911 576 on
933 515 1207 578 ncrrouraus
1753 524 1828 598 307

240 665 465 765 quaestiones
481 691 598 764 super
613 665 737 742 dubiis
751 691 867 765 quam
883 666 1127 765 querimoniae
1142 692 1259 765 super
1274 666 1432 754 iniuriis,
1448 677 1487 743 et
1503 667 1569 766 qui
1586 668 1635 743 ad
1651 668 1830 744 dextram

239 785 436 883 nequead
461 783 655 860 sinistram
679 784 748 860 viae
772 794 935 884 propter
960 785 1257 884 prosperitatem
1281 795 1475 862 terrenam
1500 785 1561 860 vel
1587 786 1829 863 adversitatis

239 911 386 979 metum
403 928 426 978 a
441 902 596 979 tramite
614 903 767 979 iustitiae
783 928 861 979 non
878 903 1080 991 declinent,
1099 903 1166 980 sed
1184 903 1352 980 iudicent
1370 903 1560 1002 populum
1579 905 1639 980 dei
1657 905 1698 979 in
1715 904 1829 1004 aequi·

240 1030 333 1110 tate,
355 1032 399 1099 ut
420 1022 493 1098 dici
515 1021 637 1120 possit
659 1020 721 1097 de⁴
742 1020 808 1096 eis⁵
831 1047 918 1098 cum
940 1022 1140 1120 psalmista
1163 1023 1266 1120 quod
1288 1023 1336 1098 de
1358 1023 1470 1098 vultu
1492 1049 1625 1098 eorum
1648 1022 1830 1099 iudicium

240 1140 385 1239 prodiit
404 1138 605 1238 aequitatis.
626 1140 685 1217 Et
704 1141 945 1217 considerent
964 1139 1165 1217 efficaciter
1186 1141 1278 1238 quid
1299 1141 1515 1239 oportuerit
1535 1142 1744 1218 secundum
1766 1167 1830 1218 ne·

240 1258 466 1347 cessitatem,
483 1258 576 1358 quid
591 1257 805 1356 expedierit
820 1259 1030 1336 secundum
1046 1259 1264 1347 utilitatem,
1281 1259 1373 1358 quid
1389 1259 1502 1336 liceat
1518 1257 1727 1336 secundum
1744 1285 1830 1359 per·

241 1377 484 1465 missionem,⁰
510 1377 603 1475 quid
630 1379 762 1454 deceat
789 1377 999 1453 secundum
1025 1377 1275 1454 honestatem.
1305 1378 1364 1453 Et
1389 1378 1467 1454 tale
1495 1378 1676 1455 iudicium
1705 1379 1831 1476 diligit

240 1498 362 1572 honor
380 1497 493 1594 regis,
513 1496 619 1572 cuius
639 1521 844 1594 personam
862 1496 902 1571 in
921 1495 1125 1572 iudicando
1145 1505 1433 1594 repraesentant.
1456 1496 1567 1572 Nulli
1589 1505 1718 1573 autem
1739 1497 1830 1573 iuris

241 1614 467 1690 beneficium
488 1615 691 1712 denegent,
714 1640 737 1689 a
757 1614 864 1689 nullo
884 1614 1085 1713 praemium
1105 1623 1243 1712 petant
1264 1624 1309 1691 ut
1329 1615 1556 1713 praedictum
1577 1625 1635 1692 est
1656 1615 1717 1690 vel
1739 1615 1830 1691 reci-

241 1733 364 1832 piant,
384 1741 429 1807 ut
450 1732 534 1830 quis
554 1733 613 1809 ius
634 1758 746 1809 suum
767 1732 883 1808 libere
905 1731 1186 1830 prosequatur,'
1209 1742 1254 1809 ut
1275 1758 1391 1809 causa
1411 1734 1535 1809 viduae
1557 1734 1606 1810 ad
1628 1759 1691 1810 eos
1713 1732 1831 1809 libere

241 1853 493 1951 ingrediatur,
512 1862 557 1929 ut
575 1852 652 1929 sint
671 1853 845 1950 orphano
863 1861 903 1928 et
922 1851 1072 1951 pupillo
1092 1851 1296 1940 adiutores,
1317 1861 1362 1928 ut
1380 1852 1477 1927 nulli
1497 1852 1727 1928 calumniam
1747 1853 1831 1929 fieri

241 1971 453 2070 patiantur,
469 1980 515 2047 ut
530 1970 820 2047 constitutiones
838 1996 970 2046 eorum
987 1978 1027 2045 et
1043 1970 1168 2046 edicta
1185 1971 1258 2045 iuri
1275 1979 1314 2046 et
1332 1970 1669 2047 consuetudinibus
1689 1996 1830 2070 appro-

241 2090 340 2166 batis
362 2099 401 2166 et
424 2090 617 2165 communi
638 2088 798 2165 utilitati
821 2087 897 2165 sint
919 2087 1194 2165 convenientia.
1220 2089 1363 2172 Coram
1386 2089 1439 2165 eis
1463 2089 1613 2166 nullum
1638 2090 1831 2188 deprimat

242 2207 547 2284 adversariorum
569 2207 755 2306 potentia,
778 2207 844 2283 sed
866 2216 959 2304 agat
981 2207 1141 2305 quilibet
1162 2208 1266 2306 quod
1287 2232 1402 2283 causa
1425 2233 1495 2283 sua
1516 2207 1707 2285 desiderat
1729 2217 1769 2284 et
1791 2232 1831 2283 se

239 2335 430 2426 temperet
444 2327 493 2402 ab
505 2325 657 2414 iniuria,
671 2351 741 2401 nec
755 2351 778 2401 a
791 2325 984 2402 liminibus
999 2325 1225 2401 iudiciorum
1239 2327 1428 2402 iustorum
1444 2336 1594 2402 avertat
1609 2353 1672 2402 eos
1687 2327 1829 2414 odium,

241 2447 364 2534 favor,
378 2445 440 2520 vel
454 2445 593 2543 gratia,
608 2454 653 2521 ut
667 2443 740 2519 dici
755 2445 876 2543 possit
891 2445 938 2520 de
954 2443 1018 2532 eis,
1034 2445 1169 2520 Iustus
1184 2469 1235 2532 ea,
1251 2443 1414 2532 domine,
1432 2453 1470 2520 et
1486 2455 1634 2522 rectum
1649 2445 1831 2521 iudicium

240 2573 363 2652 tuum,
382 2572 558 2640 etcetera.
577 2565 681 2640 Item
698 2562 889 2661 sapientes
907 2571 1062 2661 oportet
1079 2589 1159 2639 esse
1177 2588 1240 2640 eos
1258 2564 1323 2662 qui
1341 2564 1511 2641 iudicant
1529 2574 1573 2641 ut
1591 2565 1830 2641 honestatem

240 2681 432 2758 iudicandi
451 2682 499 2758 ab
518 2681 602 2758 aliis
620 2707 698 2757 non
715 2682 944 2757 mendicent.
967 2681 1009 2757 Si
1027 2681 1111 2779 quis
1131 2690 1261 2757 autem
1279 2681 1406 2757 minus
1425 2683 1576 2780 sapiens
1596 2692 1635 2759 et
1654 2683 1830 2759 indoctus

241 2800 369 2878 sedem
391 2799 585 2876 iudicandi
607 2797 872 2876 conscendere⁸
895 2809 934 2876 et
957 2800 1196 2875 honestatem
1219 2799 1412 2875 iudicandi
1436 2801 1506 2876 sibi
1531 2800 1829 2900 presumpserit,

240 2945 289 2995 ex
308 2919 388 2995 alto
407 2917 573 2995 corruet⁹
593 2917 683 3016 quia
702 2918 831 2994 volare
851 2918 995 3015 satagit
1015 2925 1222 3016 antequam
1242 2943 1389 3016 pennas
1410 2928 1592 3006 assumat,
1614 2928 1653 2995 et
1674 2918 1830 3017 quitali

240 3046 473 3136 potestatem
490 3036 684 3113 iudicandi
701 3036 850 3112 dederit
865 3036 1025 3134 perinde
1042 3036 1115 3112 erit
1133 3060 1177 3112 ac
1195 3037 1225 3112 si
1242 3036 1416 3134 gladium
1434 3047 1595 3135 poneret
1614 3038 1654 3112 in
1671 3062 1830 3114 manum

241 3155 431 3231 furientis.
451 3156 556 3231 Item
572 3181 650 3230 non
666 3155 790 3231 solum
808 3163 963 3252 oportet
980 3154 1212 3230 iudicantem
1230 3181 1311 3231 esse
1329 3155 1541 3253 sapientem
1559 3156 1675 3231 immo
1694 3166 1829 3254 poten·

239 3282 331 3362 tem,
356 3273 468 3349 iuxta
491 3273 588 3349 illud
615 3271 842 3361 Salomonis,
867 3272 965 3350 Noli
988 3296 1158 3371 qooerere
1183 3273 1268 3370 fieri
1291 3272 1409 3349 iudea
1434 3273 1507 3350 uisi
1533 3273 1676 3351 vincte
1702 3273 1831 3350 valeas

238 3389 481 3489 irrumpere¹⁰
509 3389 743 3490 iniquitates,
773 3415 821 3468 oe
850 3389 955 3485 forte
985 3389 1237 3467 estimeseaau
1267 3391 1407 3484 factem
1436 3390 1608 3489 potentis
1638 3402 1676 3468 et
1707 3416 1830 3490 portua

240 3508 464 3587 scandalum
481 3510 523 3587 io
540 3508 713 3608 agilitate
733 3518 812 3586 tuo.

340 3629 406 3705 De
423 3627 646 3723 differentia
662 3625 965 3704 insessorem.

242 3747 354 3822 IrnM
373 3745 664 3823 iustitiariorum
682 3745 838 3843 quidam
857 3754 947 3821 sunt
966 3743 1161 3843 capitales,
1181 3745 1390 3842 generales,
1411 3747 1590 3845 perpetui
1610 3756 1648 3823 et
1668 3747 1830 3823 maiores

241 3891 265 3940 a
278 3864 398 3941 latere
413 3864 514 3962 regis
529 3863 750 3951 residentes,
766 3864 831 3962 qui
847 3862 1018 3939 omnium
1035 3861 1197 3939 aliorum
1212 3863 1403 3960 corrigere
1418 3873 1602 3941 tenentur
1618 3865 1775 3942 iniurias
1792 3874 1831 3941 et

242 4009 400 4060 errores.
429 3984 532 4060 Sunt
556 3981 672 4059 etiam
698 3981 761 4056 alii
787 3979 994 4080 perpetui¹²
1021 3989 1124 4055 certo
1151 3982 1234 4056 loco
1259 3982 1479 4069 residentes,
1508 3983 1605 4059 sicut
1631 3983 1671 4057 in
1698 3983 1830 4071 banco,

241 4101 412 4202 loquelas
431 4127 561 4199 omnes
580 4100 628 4176 de
648 4099 786 4198 quibus
804 4099 945 4175 habent
965 4107 1182 4177 warantum
1200 4099 1463 4187 terminantes,
1485 4100 1550 4198 qui
1570 4125 1701 4177 omnes
1721 4101 1829 4176 iuris-

241 4220 445 4297 dictionem
463 4218 601 4295 habere
619 4218 808 4316 incipiunt
827 4216 1000 4316 praestito
1019 4226 1268 4293 sacramento.
1289 4219 1393 4293 Item
1414 4227 1503 4294 sunt
1524 4217 1586 4293 alii
1607 4219 1829 4294 itinerantes

242 4340 289 4415 de
312 4339 395 4414 loco
418 4337 619 4424 inlocum,
643 4337 741 4412 sicut
765 4336 812 4411 de
836 4335 1022 4412 comitatu
1046 4335 1086 4410 in
1110 4335 1346 4424 comitatum,
1373 4337 1602 4435 quandoque
1628 4337 1678 4412 ad
1703 4337 1832 4412 omnia

242 4457 396 4555 placita,
413 4455 642 4554 quandoque
659 4454 709 4529 ad
725 4454 899 4551 quaedam
915 4453 1104 4551 specialia,
1123 4453 1220 4530 sicut
1238 4454 1288 4529 ad
1305 4453 1440 4530 assisas
1456 4463 1612 4530 tantum
1630 4464 1668 4531 et
1685 4456 1830 4552 gaolas,

241 4584 281 4651 et
305 4575 372 4673 qui
395 4574 664 4650 auctoritatem
687 4571 827 4648 habere
851 4571 1040 4670 incipiunt
1066 4572 1146 4647 sine
1171 4582 1410 4649 sacramento
1435 4597 1522 4648 cum
1548 4573 1661 4649 breve
1687 4574 1831 4650 domini

241 4692 342 4789 regis
363 4691 577 4790 receperint
599 4691 646 4766 de
667 4699 851 4766 waranto.
876 4689 979 4765 Sunt
1000 4689 1116 4766 etiam
1137 4689 1330 4766 iustitiarii
1352 4691 1550 4768 constituti
1573 4692 1623 4767 ad
1645 4694 1831 4792 quasdam

242 4811 389 4899 assisas
405 4811 501 4886 duas
516 4810 577 4884 vel
591 4819 669 4886 tres
685 4808 746 4884 vel
761 4808 904 4907 plureS,
920 4808 986 4906 qui
1002 4808 1156 4906 quidem
1172 4810 1352 4906 perpetui
1367 4835 1446 4884 non
1463 4819 1553 4886 sunt
1569 4811 1660 4908 quia
1675 4810 1830 4909 expleto

241 4927 363 5002 officio
382 4927 681 5004 iurisdictionem
700 4926 895 5002 amittunt.

241 5130 278 5165 ⁴⁸⁵
291 5132 370 5207 Om.,
390 5130 459 5205 OB,
480 5132 555 5204 MA,
576 5132 652 5192 ΜΒ.
693 5128 961 5209 ‘promissionem
981 5129 1049 5204 OB,
1070 5128 1146 5202 MA,
1167 5129 1242 5202 ΜΒ,
1263 5129 1340 5202 MG,
1361 5131 1399 5190 V.
1441 5128 1679 5207 'persequatun
1701 5133 1770 5208 OB,
1791 5134 1828 5194 V.

241 5231 440 5308 ⁸ascendere,
455 5231 524 5305 OB,
539 5231 616 5304 MA,
630 5231 706 5291 MG.
744 5229 894 5305 ‘corruit
909 5231 948 5302 V,
965 5230 1044 5302 cM;
1059 5249 1212 5304 corruere,
1227 5231 1301 5302 ΟΒ;
1317 5249 1436 5306 corrue,
1452 5231 1527 5290 MA.
1564 5231 1592 5265 ¹⁰
1603 5252 1774 5310 erumpere,
1791 5233 1830 5308 V,

240 5331 306 5395 OC.
347 5332 372 5367 ¹¹
386 5339 585 5406 extumescas,
605 5332 678 5404 0A3
698 5338 918 5405 contumescas,
939 5331 1022 5403 MG;
1042 5337 1205 5403 tumescas,
1225 5330 1297 5390 CM.
1340 5329 1366 5364 ²²
1378 5330 1458 5406 Om.,
1479 5334 1548 5408 OB,
1570 5333 1646 5408 MA,
1667 5335 1743 5411 MB,
1763 5336 1830 5412 CB,

242 5434 315 5506 CM,
333 5433 371 5494 Y.
