4392 6352
713 538 716 543 -
775 494 837 555 DE
860 494 1065 559 PLACITIS
1088 495 1277 558 CORONAE
1749 504 1825 579 857

334 641 440 718 lteta
452 643 485 719 si
498 642 607 720 aalla
619 642 769 738 subfuit
784 669 909 723 caasa.

236 760 348 835 rm
370 760 401 836 si
422 759 485 837 rue
506 762 571 859 qui
592 787 632 839 se
652 762 744 839 neu
764 789 845 840 esse
867 764 1082 854 romaum,
1104 765 1411 863 lapsanium,
1433 767 1494 842 ver
1516 767 1692 864 ligatum,
1714 747 1824 845 nam-

236 905 353 979 quam
372 879 477 955 fuit⁸⁸
497 880 681 958 robbatus
700 890 878 958 eteetera.
902 883 1005 958 Item
1026 881 1125 959 etsi⁸⁹
1145 883 1266 959 subsit
1287 909 1403 960 eausa
1422 893 1553 960 tamen
1573 885 1700 961 minus
1723 885 1825 962 suffi-

234 999 348 1088 ciens,
362 1000 460 1076 sieut
473 999 520 1075 de
534 999 738 1076 submersis
751 1008 790 1076 et
803 1002 996 1099 oppressis
1010 1010 1049 1077 et
1063 1001 1279 1077 huiusmodi
1294 1028 1366 1101 per
1379 1002 1637 1080 infortunium
1651 1004 1825 1080 mortuis.

334 1124 440 1198 Item
455 1123 488 1200 si
501 1122 622 1221 plaga
636 1123 808 1218 nonfuit
822 1123 1048 1222 periculosa.

236 1245 348 1321 Iruru
363 1246 394 1322 si
408 1246 527 1345 plaga
540 1248 588 1323 de
601 1273 677 1346 qua
690 1247 910 1347 appellatus
925 1258 983 1326 est
997 1250 1081 1348 quis
1096 1249 1311 1348 periculosa
1324 1249 1429 1326 non⁴⁰
1444 1251 1494 1327 sit
1509 1276 1579 1327 nec
1594 1251 1827 1328 mahemium

234 1363 404 1453 inducat,
418 1375 549 1441 tamen
564 1375 726 1465 propter
741 1366 1080 1466 praesumptionem
1097 1368 1202 1465 fugae
1217 1376 1257 1445 et
1272 1378 1415 1444 seetam
1432 1368 1676 1468 appellantis,
1694 1394 1825 1469 prose-

235 1484 404 1561 dendum
427 1483 500 1561 erit
523 1485 573 1560 ad
594 1483 914 1582 utlagationem,⁴²
938 1494 977 1562 et
1001 1486 1031 1560 si
1055 1495 1158 1562 secta
1180 1487 1254 1562 rite
1278 1487 1384 1562 faeta
1409 1487 1529 1562 luerit
1552 1497 1592 1563 et
1616 1489 1826 1563 seeundum

234 1603 504 1701 legentem,
526 1611 632 1679 tenet
655 1602 860 1701 utlagaria,
883 1603 971 1681 licet
992 1603 1101 1679 nulla
1123 1604 1244 1680 subsit
1267 1629 1383 1680 eausa
1404 1605 1465 1680 vel
1487 1605 1614 1681 minus
1638 1604 1825 1682 sufficiens

234 1730 398 1820 propter
418 1722 556 1818 fugam
576 1729 615 1796 et
635 1729 797 1820 propter
817 1730 970 1798 sectam.
993 1723 1051 1798 Et
1072 1723 1206 1798 eodem
1226 1722 1340 1798 modo
1361 1747 1491 1799 coram
1512 1723 1723 1800 iustitiariis
1745 1723 1826 1800 sine

235 1839 455 1915 omnimoda
471 1848 574 1915 secta
591 1848 754 1938 propter
772 1840 910 1937 fugam
928 1848 967 1916 et
985 1839 1303 1917 indictamentum
1320 1849 1359 1917 et
1378 1841 1662 1939 inquisitionem
1680 1841 1826 1917 factam

235 1981 364 2032 eoram
381 1956 604 2034 iustitiariis.

335 2081 381 2158 Si
395 2081 481 2179 qais
493 2080 614 2175 faerit
629 2081 829 2180 utlagatus
845 2081 893 2157 ob
909 2080 1055 2157 nullam
1072 2107 1226 2157 caluam
1242 2082 1303 2158 vel
1319 2082 1445 2157 minas
1461 2081 1738 2170 rationabilem,
1755 2082 1826 2180 fiat

337 2199 370 2276 a·
383 2199 513 2295 pratia
526 2199 648 2275 maior
660 2198 850 2298 quantam
865 2201 916 2276 ad
929 2199 1214 2297 ialagatiooem.

239 2321 317 2398 San
336 2320 495 2398 tamen⁴²
513 2321 628 2398 cum⁴⁸
647 2321 789 2400 talibus
808 2323 930 2398 maior
949 2324 1079 2421 gratia
1097 2324 1181 2399 fieri
1200 2323 1313 2400 debet
1335 2350 1358 2398 a
1377 2322 1579 2423 principe⁴⁴
1601 2349 1717 2423 quam
1738 2349 1826 2399 eum

235 2438 375 2532 1127]
429 2439 504 2517 illis
523 2465 611 2517 cum
632 2440 770 2540 quibus
789 2450 848 2518 est
868 2466 984 2517 eausa
1004 2468 1105 2530 vera,
1128 2442 1337 2518 seeundum
1359 2442 1462 2541 quod
1482 2441 1644 2518 inferius
1665 2443 1824 2518 dicetur.
1922 2449 1923 2452 ’

235 2559 295 2635 Et
314 2560 488 2658 quamvis
507 2560 587 2635 sine
606 2584 721 2636 eausa
739 2585 832 2635 vera
850 2561 934 2657 quis
954 2559 1154 2656 utlagatus
1175 2560 1305 2648 fuerit,
1326 2568 1371 2634 ut
1392 2561 1423 2635 si
1442 2561 1556 2635 homo
1576 2560 1642 2658 qui
1662 2560 1826 2636 interfici

235 2678 367 2754 debuit
381 2679 620 2777 producatur
632 2678 753 2766 rivus,
767 2687 897 2754 tamen
911 2703 990 2753 non
1004 2679 1077 2754 erit
1090 2677 1180 2754 talis
1195 2677 1390 2775 utlagaria
1403 2678 1691 2776 pronuntianda
1707 2677 1825 2765 nulla,

235 2822 324 2874 cum
339 2823 408 2873 rex
424 2797 592 2895 gratiam
609 2796 744 2873 lecerit
759 2796 949 2894 utlagato,
966 2822 1054 2872 cum
1071 2797 1144 2873 rite
1162 2804 1201 2873 et
1219 2797 1428 2873 seeundum
1446 2797 1571 2894 legem
1588 2806 1701 2872 terrae
1720 2797 1827 2873 laeta

236 2914 367 2991 fuerit.

335 3041 441 3115 Item
457 3038 603 3138 poterit
619 3038 810 3136 utlagatio
827 3039 1073 3137 pronuntiari
1089 3037 1197 3115 nulla
1215 3049 1254 3115 et
1271 3037 1341 3136 fiat
1359 3037 1473 3115 breue
1490 3038 1592 3136 regis
1608 3062 1727 3136 uapor
1744 3037 1826 3126 boc,

338 3168 377 3234 et
394 3156 503 3233 aalla
520 3157 594 3234 diei
609 3159 754 3255 poterit
773 3156 904 3233 maltis
922 3155 1145 3234 rationibus.

236 3280 533 3356 Paouuurmur
546 3280 690 3379 poterit
704 3281 934 3379 quandoque
948 3279 1141 3378 utlagaria
1154 3280 1263 3356 nulla
1275 3281 1315 3356 in
1329 3306 1397 3357 suo
1412 3305 1503 3356 casu
1517 3279 1689 3378 quamvis
1706 3279 1827 3356 subsit

237 3422 364 3488 eausa,
380 3398 441 3475 vel
456 3399 501 3474 si¹
518 3397 639 3476 subsit
654 3423 747 3474 vera
763 3397 855 3473 non’
872 3398 1159 3498 praesumptiva,
1177 3407 1222 3474 ut
1239 3399 1271 3474 si
1289 3399 1396 3475 faeta
1413 3399 1533 3474 luerit
1550 3408 1685 3474 eontra
1701 3398 1828 3495 legem

236 3526 361 3606 terrae,
378 3518 481 3616 quod
498 3542 578 3594 esse
595 3518 738 3616 poterit
755 3516 886 3593 multis
904 3517 1038 3604 modis,
1056 3527 1095 3593 et
1112 3542 1196 3615 quae
1212 3542 1300 3592 cum
1318 3516 1425 3592 nulla
1443 3543 1522 3593 esse
1541 3517 1826 3615 pronuntietur,

237 3660 325 3712 eum
344 3637 449 3711 faeta
467 3635 516 3712 sit
533 3644 669 3711 contra
685 3635 812 3733 legem
828 3644 940 3712 terrae
959 3635 1006 3711 de
1025 3636 1108 3710 iure
1127 3634 1282 3711 deberet
1300 3634 1500 3732 utlagatus
1519 3635 1671 3711 restitui
1690 3643 1729 3710 et
1748 3659 1827 3710 non

238 3753 286 3828 de
303 3752 441 3850 gratia.
461 3752 520 3827 Et
537 3752 627 3851 qu0⁸
645 3751 750 3828 casu*
767 3778 845 3827 non
863 3751 1019 3828 deberet
1036 3752 1076 3827 in
1093 3752 1230 3828 litteris
1249 3752 1364 3849 regiis
1382 3753 1568 3829 contineri
1588 3753 1692 3851 quod
1709 3752 1828 3828 talem

237 3871 471 3969 utlagariam
484 3870 695 3947 remitteret
708 3870 768 3946 vel
783 3869 1016 3969 perdonaret
1031 3895 1114 3968 quae
1127 3869 1235 3945 nulla
1248 3879 1317 3958 est,
1333 3868 1435 3968 quia⁶
1450 3868 1545 3945 illud
1561 3870 1664 3968 quod
1677 3895 1756 3945 non
1770 3879 1827 3946 est

238 3989 453 4087 perdonare
475 4014 554 4064 non
575 3997 714 4088 potest.
740 3988 818 4064 Sed
841 3987 1068 4063 denuntiare
1091 3987 1234 4086 poterit
1256 3987 1297 4063 in
1319 3987 1573 4080 eomitatibus,
1597 3987 1827 4075 civitatibus,

238 4109 371 4207 burgis
390 4118 429 4185 et
445 4109 543 4185 villis
562 4118 600 4185 et
618 4109 700 4185 aliis
718 4108 810 4184 loeis
827 4108 1001 4207 publicis,
1019 4108 1252 4205 utlagariam
1270 4106 1376 4183 illam
1396 4133 1476 4184 esse
1495 4105 1652 4182 nullam.
1674 4107 1732 4181 Et
1751 4132 1827 4205 quo

238 4252 329 4303 casu
347 4227 558 4302 nonhabet
577 4252 728 4303 necesse
747 4226 946 4324 utlagatus
965 4225 1104 4301 habere
1124 4224 1237 4301 breve
1257 4224 1373 4322 regis⁸
1395 4225 1441 4301 de
1461 4250 1555 4324 paee
1575 4225 1647 4300 nisi
1666 4224 1759 4300 velit
1779 4249 1828 4300 ex

238 4345 463 4434 abundanti,
483 4355 627 4421 etcum
646 4345 765 4420 fuerit
784 4345 985 4421 restitutus
1006 4345 1055 4419 ad
1074 4343 1203 4419 omnia
1222 4343 1336 4419 debet
1355 4343 1517 4431 restitui,
1537 4352 1576 4419 et
1597 4352 1726 4441 potest
1747 4342 1827 4418 sine

238 4462 396 4538 alicuius
410 4462 640 4563 praeiudioio,
653 4463 743 4560 quia
754 4461 950 4559 utlagaria
961 4461 1026 4538 illa
1038 4469 1174 4537 contra
1186 4462 1313 4558 legem
1324 4470 1435 4537 terrae
1450 4461 1556 4537 laeta
1569 4459 1682 4536 debet
1697 4459 1828 4536 defieri

239 4582 427 4680 quianon
444 4589 561 4656 tenet.
582 4580 794 4677 Utlagaria
811 4606 902 4655 vero
923 4605 1007 4678 quae
1026 4580 1073 4656 fit
1092 4580 1302 4656 seeundum
1322 4580 1447 4676 legem
1467 4588 1591 4667 terrae,
1612 4578 1700 4655 licet
1721 4577 1829 4654 nulla

238 4698 360 4776 subsit
375 4723 491 4774 eausa
506 4698 567 4774 vel
582 4698 708 4776 minus
725 4697 925 4788 sufficiens,
942 4706 1060 4787 tenet,
1078 4707 1117 4774 et
1133 4698 1218 4773 ideo
1235 4697 1380 4773 remitti
1397 4705 1526 4795 potest
1543 4695 1604 4772 vel
1622 4695 1828 4795 perdonari

238 4914 384 4992 ”luerit
399 4917 469 4991 OB,
485 4916 559 4976 MA.
597 4914 672 4991 ⁸⁹ai,
688 4915 755 4991 ΟΕ,
771 4915 850 4990 ΟΜ;
867 4922 908 4991 et,
925 4916 999 4976 MA.
1036 4913 1063 4948 ⁴⁰
1075 4919 1112 4988 ai,
1128 4916 1202 4988 OA;
1219 4935 1288 4988 om,
1305 4913 1381 4975 MG.
1421 4912 1656 4992 ⁴¹utlagariam,
1675 4913 1741 4988 LA,
1758 4913 1827 4987 OA,

239 5016 316 5091 ΜΟ,
331 5017 411 5089 ΜΟ;
426 5018 649 5095 utlagationem
664 5021 729 5078 aive
744 5017 785 5077 ad
799 5015 996 5095 utlagariam,
1011 5016 1051 5089 V,
1066 5016 1136 5090 OB,
1151 5015 1227 5089 MA,
1244 5016 1320 5090 ΜΒ,
1337 5015 1403 5089 ΟΕ,
1420 5015 1493 5076 ΟΜ.
1530 5012 1557 5047 ⁴²
1569 5014 1649 5091 Om.,
1665 5013 1735 5090 OB,
1751 5013 1826 5074 MA.

238 5114 264 5150 ⁴³
276 5116 357 5191 orn,
375 5117 449 5176 ΜΒ.
488 5114 669 5193 “principe
685 5117 766 5194 quod
783 5122 830 5176 eat
851 5115 951 5195 (cum)
973 5116 1030 5177 deo
1046 5115 1095 5175 vel
1112 5135 1195 5194 rege,
1212 5116 1279 5189 OC,
1297 5116 1373 5177 MG.

321 5215 418 5292 ²non,
436 5216 481 5289 v,
500 5237 569 5290 om,
588 5215 656 5277 OB.
697 5214 781 5290 ¹vel,
799 5217 868 5292 OB,
888 5217 955 5292 ΟΕ,
976 5217 1050 5292 ΟΜ,
1070 5217 1133 5278 ΜΟ
1158 5216 1269 5294 (corr.)
1281 5239 1290 5289 ;
1310 5236 1394 5293 vero,
1414 5216 1481 5290 LA,
1502 5217 1577 5290 MA,
1599 5217 1663 5278 ΜΒ
1671 5237 1680 5290 ;
1700 5235 1768 5290 nee,
1788 5215 1826 5278 V.

237 5315 379 5396 ⁸·⁴quod,
397 5316 471 5391 OB;
490 5339 560 5396 quo,
579 5318 661 5393 MB;
680 5337 756 5396 que,
775 5318 849 5379 MA
890 5316 1007 5397 lquod,
1026 5317 1102 5394 MA,
1122 5318 1198 5392 ΜΒ,
1218 5319 1301 5390 Μῦς
1321 5324 1363 5391 et,
1382 5319 1457 5391 OB;
1476 5337 1553 5397 quae,
1573 5319 1646 5379 CM.
1688 5314 1827 5378 ‘domini

238 5423 332 5498 regia,
350 5419 389 5494 V,
408 5419 475 5495 ΟΕ,
493 5420 569 5480 ΜΒ.
