4392 6352
368 445 444 514 820
900 439 1124 502 BRACTON:
1146 438 1208 500 DE
1232 438 1425 502 LEGIBUS

471 587 590 681 Quod
603 587 714 687 prior
728 590 922 688 agendum
937 599 995 667 eat
1009 613 1128 688 saper
1141 590 1377 688 possessione
1394 613 1510 687 qoam
1525 613 1644 688 anper
1658 589 1910 689 proprietate.

370 705 436 782 Er
457 707 560 806 quod
579 707 627 782 de
647 707 883 805 possessione
903 707 1012 806 prius
1032 709 1227 807 agendum
1247 707 1297 785 sit
1318 733 1435 806 quam
1456 709 1504 784 de
1525 708 1775 808 proprietate,
1798 717 1838 784 et
1858 710 1963 808 quod

370 849 485 900 causa
500 824 747 924 possessionis
763 835 821 902 est
836 826 1117 925 premittenda,
1135 826 1308 926 quamvis
1324 827 1365 902 in
1380 827 1458 902 fine
1475 825 1612 903 debeat
1629 827 1847 925 proprietas
1864 852 1960 925 prae-

370 943 509 1034 valere,
525 943 645 1020 videri
659 945 804 1044 poterit
817 944 1034 1021 manifeste.
1050 945 1156 1033 Quia
1170 953 1253 1021 esto
1269 945 1374 1043 quod
1389 945 1582 1021 iustitiarii
1598 947 1705 1043 prius
1722 945 1771 1022 de
1787 946 1960 1044 proprie·

369 1069 451 1139 tate
470 1072 510 1139 et
528 1064 647 1139 recto²
667 1063 921 1161 pronuntient
940 1088 1057 1162 quam
1078 1065 1125 1140 de
1146 1063 1382 1163 possessione
1402 1063 1504 1141 inter
1524 1063 1682 1162 aliquos,
1705 1065 1737 1140 si
1757 1074 1894 1163 postea
1913 1064 1962 1139 de

370 1180 607 1280 possessione
620 1205 848 1280 cognoscere
863 1181 1068 1258 voluerint²
1084 1183 1185 1258 inter
1199 1183 1363 1271 eosdem,
1379 1182 1472 1258 nihil
1488 1181 1638 1280 agimt.⁸
1654 1183 1760 1271 Quia
1775 1182 1962 1280 placitum

369 1301 418 1378 de
437 1310 541 1377 recto
561 1301 664 1400 quod
683 1299 889 1402 precessit*
908 1301 1009 1377 inter
1029 1301 1181 1377 eosdem
1202 1301 1249 1376 de
1268 1301 1402 1376 eodem
1421 1310 1641 1377 tenemento
1661 1301 1961 1399 recognitionem

371 1420 419 1496 de
437 1420 605 1519 petendo
625 1419 801 1497 seisinam
821 1419 1021 1519 propriam
1040 1419 1101 1496 vel
1121 1420 1286 1496 alienam
1306 1420 1354 1495 de
1373 1419 1507 1495 eodem
1526 1426 1746 1496 tenemento
1767 1419 1961 1518 extinguit

370 1537 471 1614 inter
490 1539 654 1615 eosdem.
676 1538 782 1627 Quia
800 1537 987 1637 placitum
1006 1539 1054 1614 de
1073 1548 1179 1615 recto
1199 1547 1407 1636 utrumque
1427 1537 1486 1614 ius
1506 1537 1749 1626 determinat,
1769 1547 1853 1630 tam
1873 1564 1961 1638 pos·

370 1657 545 1734 sessionis
567 1682 682 1756 quam
703 1656 963 1755 proprietatis.
985 1657 1047 1732 Ut
1067 1657 1115 1732 de
1135 1656 1299 1733 termino
1323 1657 1475 1731 Ssnctae
1497 1656 1701 1733 Trinitatis
1722 1681 1824 1732 anno
1846 1654 1961 1754 regis⁶

371 1775 536 1852 Henrici
551 1775 666 1852 tertio
681 1775 867 1851 comitatu
882 1773 1063 1865 Eboraci,
1079 1774 1198 1852 assisa
1212 1775 1346 1852 mortis
1363 1775 1622 1864 antecessoris
1640 1775 1672 1852 si
1687 1775 1909 1852 Willelmus
1925 1776 1962 1852 le

373 1893 589 1971 Seneschal.
613 1894 672 1970 Et
692 1893 794 1969 idem
816 1894 889 1971 erit
912 1893 943 1970 si
966 1894 1043 1971 duo
1066 1892 1389 1992 implacitaverint
1411 1919 1545 1983 unum,
1568 1919 1669 1970 unus
1692 1892 1868 1970 videlicet
1892 1919 1962 1993 per

370 2014 671 2111 recognitionem
691 2013 731 2087 in
752 2038 869 2088 causa
888 2013 1147 2111 possessionis,
1169 2021 1208 2088 et
1229 2012 1325 2089 alius
1348 2037 1419 2111 per
1440 2009 1554 2088 breve
1576 2012 1749 2089 derecto
1770 2011 1824 2088 in⁸
1847 2037 1963 2089 causa

371 2132 632 2231 proprietatis,
657 2131 907 2230 suspenditur
929 2130 1116 2230 placitum
1140 2155 1211 2229 per
1234 2131 1348 2206 breve
1373 2131 1420 2206 de
1444 2128 1563 2207 recto⁷
1589 2131 1709 2207 donec
1734 2131 1877 2207 sciatur
1901 2130 1963 2206 cui

371 2252 509 2328 debeat
532 2250 719 2350 possessio
740 2274 949 2338 remanere,
973 2248 1202 2347 ubicumque
1226 2249 1345 2324 fuerit
1369 2248 1556 2347 placitum
1580 2250 1627 2326 de
1650 2259 1767 2338 rect0,
1792 2249 1834 2324 in
1856 2250 1963 2325 curia

371 2368 530 2446 domini⁸
554 2369 655 2466 regis
679 2367 740 2443 vel
762 2368 803 2443 in
825 2367 1021 2443 comitatu.
1046 2367 1105 2444 Et
1129 2367 1160 2443 si
1185 2368 1372 2466 possessio
1396 2392 1467 2465 per
1490 2367 1791 2466 recognitionem
1815 2367 1962 2445 tenenti

371 2487 609 2575 remanserit,
625 2495 719 2563 tunc
735 2487 890 2562 demum
905 2485 1089 2585 procedat
1105 2485 1291 2584 placitum
1307 2511 1424 2584 super
1440 2494 1545 2561 recto
1560 2486 1661 2562 inter
1677 2512 1752 2563 eos.
1773 2486 1816 2561 Si
1833 2494 1964 2562 autem

370 2616 506 2684 tenens
523 2607 691 2683 amiserit
708 2631 778 2705 per
794 2603 1106 2704 recognitionem,
1124 2615 1218 2680 tunc
1233 2603 1336 2680 cadit
1355 2604 1469 2680 breve
1486 2605 1534 2680 de
1552 2612 1668 2693 recto,
1685 2613 1726 2680 et
1742 2603 1850 2682 tunc⁶
1870 2612 1962 2702 agat

372 2734 508 2825 petens
525 2724 686 2801 versus¹⁰
704 2750 793 2801 eum
812 2724 876 2823 qui
896 2722 1007 2799 evicit
1025 2749 1096 2822 per
1116 2723 1425 2820 recognitionem.
1449 2723 1527 2799 Sed
1546 2747 1634 2798 cum
1653 2723 1871 2821 prosecutio
1892 2747 1963 2822 per

372 2844 486 2921 breve
500 2843 548 2920 de
563 2853 667 2920 recto
680 2844 736 2919 ita
749 2867 936 2941 suspensa
950 2842 999 2919 sit
1014 2867 1085 2940 per
1099 2841 1409 2938 recognitionem,
1427 2850 1562 2940 petens
1578 2841 1779 2940 perbreve
1795 2842 1842 2917 de
1858 2849 1962 2917 recto

371 2988 523 3061 semper
537 2971 709 3061 apponet
722 2960 902 3037 clamium
916 2985 1040 3048 suum,
1055 2985 1127 3059 pro
1141 2959 1407 3059 quocumqueu
1424 2961 1575 3036 feratur
1589 2959 1779 3037 sententia
1792 2961 1834 3035 in
1847 2984 1963 3054 causa

371 3081 630 3180 possessionis.
648 3081 707 3156 Et
723 3079 828 3177 quod
843 3079 950 3177 prius
966 3079 1273 3175 cognoscendum
1290 3078 1338 3153 sit
1357 3079 1404 3154 de
1422 3079 1658 3177 possessione
1676 3105 1792 3176 quam
1809 3079 1857 3154 de
1874 3103 1961 3177 pro-

369 3199 535 3298 prietate
548 3199 578 3274 si
589 3198 771 3274 violentia
783 3196 953 3272 adhibita
965 3196 1025 3284 sit,
1039 3195 1228 3295 probatur
1240 3195 1284 3272 ff.
1298 3196 1349 3272 od
1362 3196 1386 3272 l.
1398 3195 1465 3273 iol.
1480 3195 1580 3273 dcvi
1590 3194 1757 3295 publico,
1769 3195 1794 3272 l.
1808 3197 1899 3274 eide
1913 3194 1962 3282 vi,

371 3316 437 3392 ubi
455 3317 595 3393 dicitur
613 3315 716 3414 quod
735 3315 765 3391 si
784 3314 887 3390 dcvi
905 3321 945 3390 et
963 3313 1199 3412 possessione
1218 3313 1278 3388 vel
1298 3313 1465 3389 dominio
1486 3323 1691 3412 quaeratur,
1712 3323 1802 3390 ante
1821 3339 1961 3413 cogno-

371 3434 554 3511 scendum
572 3443 630 3508 est
647 3431 694 3508 de
711 3431 749 3507 vi
767 3432 948 3530 quamde
965 3431 1206 3530 proprietate
1222 3431 1288 3520 rei,
1307 3438 1347 3507 et
1364 3432 1480 3508 etiam
1499 3431 1607 3530 prius
1626 3431 1837 3531 queritur²²
1857 3431 1961 3508 dcvi

372 3575 488 3648 quam
503 3550 552 3626 de
566 3550 649 3626 iure
665 3547 822 3625 dominii
837 3549 916 3625 sive
931 3549 1189 3647 possessionis.
1208 3550 1311 3626 Item
1325 3559 1385 3626 est
1401 3560 1440 3627 et
1457 3550 1532 3626 alia
1548 3550 1659 3639 ratio,
1677 3553 1782 3649 quod
1797 3552 1863 3649 qui
1881 3576 1962 3627 rem

373 3676 506 3765 petere
524 3666 701 3755 voluerit,
722 3666 753 3743 si
774 3675 885 3743 caute
905 3666 975 3743 sibi
995 3665 1219 3765 providerit,
1240 3665 1368 3744 videat
1389 3667 1515 3766 primo
1537 3666 1614 3744 an²⁸
1636 3669 1766 3767 aliqua
1786 3667 1963 3745 ratione1⁴

373 3789 539 3866 nancisci
566 3787 715 3887 possit¹'
743 3787 1031 3885 possessionem,
1061 3787 1241 3886 quoniam
1269 3788 1504 3864 commodius
1534 3798 1592 3865 est
1621 3790 1816 3888 possidere
1846 3815 1963 3887 quam

373 3919 515 4009 petere.
535 3910 655 3987 Multi
674 3909 777 3985 enim
794 3917 884 3986 sunt
904 3909 969 4007 qui
988 3909 1019 3984 si
1038 3909 1314 4007 possessionem
1332 3909 1547 3998 habuerint,
1567 3936 1607 3986 se
1627 3910 1834 3986 defendere
1854 3919 1961 4009 pote·

373 4039 466 4107 runt
488 4056 559 4129 per
580 4031 855 4128 exceptionem.
882 4029 925 4106 si
948 4038 1077 4105 autem
1101 4029 1247 4105 fuerint
1270 4038 1393 4118 extra,
1416 4029 1482 4105 vix
1505 4038 1574 4106 aut
1596 4055 1807 4128 numquam
1832 4027 1963 4106 forte¹⁸

372 4150 657 4249 recuperabunt
677 4176 748 4249 per
768 4150 967 4227 actionem.
988 4150 1053 4225 De
1073 4150 1144 4225 hoc
1165 4159 1294 4227 autem
1315 4151 1418 4248 quod
1440 4150 1580 4226 dicitur
1599 4151 1703 4249 quod
1723 4152 1788 4249 qui
1809 4148 1962 4250 primo¹'

373 4272 527 4370 petierit
553 4297 624 4370 per
649 4271 763 4347 breve
787 4271 835 4346 de
861 4280 976 4359 recto,
1003 4271 1107 4369 quod
1132 4271 1184 4346 ad
1208 4271 1409 4348 inferiores
1436 4271 1603 4347 actiones
1631 4272 1858 4348 descendere
1884 4297 1964 4347 non

373 4391 403 4466 f.
420 4390 537 4484 nab]
594 4391 726 4489 possit,
745 4389 981 4467 videndum²⁸
999 4391 1164 4490 qualiter
1181 4418 1274 4468 usus
1293 4391 1413 4468 fuerit
1431 4391 1537 4466 brevi
1555 4392 1602 4468 de
1621 4401 1737 4468 recto.
1760 4391 1862 4468 Sunt
1881 4393 1963 4491 qui·

373 4511 464 4587 dam
477 4512 541 4610 qui
554 4510 687 4586 dicunt
699 4511 802 4609 quod
815 4512 846 4588 si
859 4512 1066 4588 intantum
1079 4539 1170 4589 usus
1186 4513 1305 4590 fuerit
1318 4521 1454 4612 petens
1468 4537 1539 4611 per
1552 4512 1666 4589 breve
1679 4514 1727 4588 de
1740 4522 1845 4589 recto
1860 4511 1963 4613 quod

371 4638 507 4707 tenens
528 4631 781 4708 summonitus
802 4631 892 4719 sit,²⁹
913 4641 951 4709 et
971 4633 1022 4708 ad
1042 4634 1376 4711 summonitionem
1397 4633 1620 4722 essoniatus,
1643 4633 1747 4731 quod
1768 4633 1839 4708 hoc
1860 4631 1961 4710 suffi-

456 4847 519 4909 ²de
542 4856 636 4924 recto,
660 4849 727 4911 OA.
774 4848 940 4927 ”voluerit
963 4851 1002 4927 V,
1028 4851 1103 4912 MG.
1150 4850 1291 4932 'ageret
1317 4852 1361 4924 V;
1387 4859 1492 4932 agent,
1517 4854 1562 4926 Y;
1588 4855 1666 4930 egit,
1691 4852 1769 4926 MG,
1794 4852 1869 4925 CM,
1894 4849 1960 4913 00.

372 4947 557 5026 ‘processit
577 4949 646 5024 OB,
667 4950 742 5024 MA,
762 4950 839 5025 ΜΒ,
859 4951 926 5024 CE,
946 4953 986 5026 Y,
1007 4952 1084 5028 MG,
1104 4952 1177 5013 CM.
1220 4950 1333 5032 ⁵regni
1352 4957 1447 5031 regis,
1468 4952 1508 5030 V,
1528 4953 1595 5015 00.
1637 4951 1675 4987 Η
1687 4952 1768 5027 Om.,
1788 4953 1866 5028 MG,
1888 4953 1960 5014 CM.

370 5045 476 5122 ⁸0m.,
497 5049 566 5124 OB,
588 5050 664 5125 MA,
686 5051 762 5127 ΜΒ,
785 5052 852 5126 CE,
873 5053 912 5112 Y.
956 5050 1087 5113 ⁹·¹⁰cum
1108 5061 1183 5133 agat
1204 5060 1313 5131 petens
1335 5052 1494 5128 adversus,
1517 5055 1595 5130 MG,
1618 5054 1691 5115 CM.
1736 5054 1762 5089 ¹²
1774 5073 1962 5132 quocumque

370 5147 471 5225 modo,
491 5150 569 5226 MG,
589 5150 663 5211 CM.
705 5149 732 5184 ²²
743 5155 893 5228 queritur,
914 5152 1008 5214 MSS.
1051 5150 1118 5186 ²⁸¹¹*
1129 5156 1156 5212 si
1176 5153 1280 5231 aliqua
1300 5157 1431 5228 actione,
1453 5156 1520 5230 LA,
1543 5156 1606 5216 MC
1632 5154 1798 5234 (ratione).
1842 5153 1962 5229 ²⁶Om,

372 5249 447 5322 OB;
464 5255 590 5328 poterit,
609 5251 685 5326 MA,
704 5252 781 5327 ΜΒ,
801 5252 868 5327 LA,
887 5253 954 5326 CE,
973 5253 1046 5313 MC.
1087 5251 1206 5329 1⁸Om.,
1227 5254 1304 5330 MG,
1324 5255 1397 5316 CM.
1439 5254 1466 5288 ¹²
1478 5256 1558 5332 Om,
1579 5256 1656 5331 MG,
1676 5258 1756 5330 cM;
1777 5262 1875 5336 prius,
1895 5256 1961 5319 OC.

372 5347 399 5382 ²⁸
409 5349 574 5410 videndum
591 5357 649 5426 cst,
665 5351 732 5426 LA,
750 5351 823 5412 MC.
862 5350 889 5384 ²⁰
901 5351 1008 5427 inerit,
1026 5351 1093 5427 LA,
1110 5354 1183 5415 MC.
