4394 6342
848 503 1181 566 KALENDARIUM

386 655 490 732 Item
506 655 537 731 si
553 653 616 730 ille
632 654 698 752 qui
713 654 877 731 interfici
893 655 1025 731 debuit
1041 680 1156 730 sanus
1173 665 1212 732 et
1228 656 1338 732 vivus
1355 655 1521 732 redierit.

385 779 512 855 Breve
527 780 574 854 de
588 803 634 854 eo
648 779 714 876 qui
728 778 892 854 interfici
908 778 1050 866 debuit,
1067 780 1098 855 si
1114 803 1229 855 sanus
1244 788 1283 855 et
1298 778 1407 856 vivus
1423 788 1650 856 revertatur.

384 903 449 979 De
464 901 701 999 inlagatione
715 910 754 978 et
769 903 819 978 ad
835 925 919 1000 quae
934 901 1161 978 restituatur
1176 902 1382 999 inlegatus.

386 1025 603 1102 Iudicanda
617 1026 690 1101 erit
706 1049 822 1100 eausa
838 1024 964 1123 primo
982 1033 1071 1101 ante
1088 1025 1364 1122 inlegationem
1381 1051 1455 1124 pro
1472 1052 1548 1124 qua
1566 1026 1643 1102 fuit
1659 1027 1811 1124 utlaga·

484 1153 560 1232 tus,
582 1154 627 1221 ut
649 1143 799 1220 facilius
822 1143 1051 1220 admittatur
1073 1145 1123 1220 ad
1145 1168 1280 1242 pacem
1301 1145 1511 1221 seeundum
1534 1171 1689 1222 causam
1711 1146 1811 1222 utla-

484 1261 662 1359 gationis

386 1387 489 1463 Item
505 1385 613 1462 nulla
629 1384 784 1461 omnino
800 1409 926 1460 eausa.

385 1509 479 1586 Non
493 1508 710 1586 restituitur
724 1508 808 1607 quis
823 1508 896 1584 nisi
911 1517 1066 1585 tantum
1081 1509 1131 1584 ad
1146 1533 1292 1607 pacem.

386 1634 488 1710 Item
508 1633 607 1708 iuste
627 1633 826 1729 utlagatus
846 1641 886 1708 et
906 1632 979 1708 rite
998 1657 1077 1707 non
1097 1632 1314 1708 restituitur
1335 1633 1407 1708 nisi
1427 1642 1583 1709 tantum
1604 1634 1655 1708 ad
1676 1659 1811 1732 pacem

484 1751 589 1849 quod
601 1751 656 1826 ire
670 1750 791 1848 possit
804 1759 844 1826 et
856 1749 980 1826 redire
993 1760 1032 1826 et
1046 1775 1181 1848 pacem
1194 1749 1345 1839 habere,
1360 1751 1463 1827 etad
1478 1752 1646 1827 actiones
1660 1752 1810 1830 restitui

483 1894 563 1943 non
581 1877 711 1967 potest
728 1892 799 1944 nec
818 1869 869 1943 ad
889 1868 974 1956 alia,
995 1869 1085 1966 quia
1104 1878 1162 1944 est
1183 1869 1291 1967 quasi
1311 1869 1441 1945 infms
1461 1871 1577 1946 modo
1596 1870 1751 1968 genitus
1771 1880 1811 1947 et

483 1985 597 2064 homo
613 1987 723 2085 quasi
739 1987 854 2062 modo
870 1987 1036 2084 genitus.

219 2114 269 2188 F.
285 2119 358 2188 183
385 2110 493 2201 Quid
507 2111 587 2188 felo
603 2110 830 2186 forisfaciat.

385 2236 488 2312 Item
509 2234 767 2311 restituuntur
787 2233 864 2331 legi
883 2234 1050 2310 maxime
1071 2234 1112 2308 in
1133 2233 1403 2323 criminalibus,
1425 2235 1529 2332 quod
1550 2235 1624 2333 ipsi
1647 2235 1729 2312 aliis
1751 2261 1809 2312 re-

484 2352 713 2451 spondeant,
729 2362 769 2429 et
786 2353 849 2427 alii
865 2352 958 2451 ipsis
975 2377 1065 2429 non.
1084 2354 1136 2429 In
1151 2352 1323 2429 civilibus
1341 2379 1432 2429 vero
1447 2354 1522 2452 ipsi
1539 2355 1633 2431 aliis.

383 2478 472 2555 Rex
489 2475 651 2553 remittit
668 2477 721 2552 eis
738 2501 848 2551 suam
864 2485 1007 2552 sectam
1024 2476 1104 2552 sine
1121 2476 1341 2574 praeiudicio
1358 2477 1532 2554 aliomm.

386 2601 428 2676 Si
445 2600 495 2678 sit
511 2601 577 2698 qui
592 2625 724 2676 versus
741 2626 830 2676 eum
846 2599 951 2697 loqui
967 2598 1131 2676 voluerit
1148 2624 1236 2676 eum
1253 2600 1374 2677 fuerit
1391 2601 1598 2699 inlegatus,
1617 2602 1810 2699 oportebit

483 2719 588 2817 quod
600 2744 732 2794 versus
745 2718 874 2816 ipsum
886 2718 1069 2816 loquatur
1080 2744 1152 2817 per
1165 2718 1283 2794 verba
1297 2719 1452 2818 appelli.

219 2844 268 2918 F.
285 2850 358 2919 134
386 2843 489 2919 Item
506 2843 538 2918 si
556 2849 761 2917 antenatus
780 2840 880 2918 filius
899 2867 947 2917 ex
965 2840 1141 2939 pluribus
1159 2841 1343 2918 feloniam
1362 2843 1497 2920 fecerit
1515 2844 1557 2918 in
1574 2843 1656 2920 vita
1673 2844 1808 2943 patris,

482 2969 522 3038 et
539 2961 658 3036 fuerit
674 2959 874 3056 utlagatus
891 2959 932 3034 in
948 2959 1028 3035 vita
1045 2958 1179 3058 patris.

384 3083 485 3160 Cum
501 3083 700 3180 utlagatus
718 3091 855 3181 eaptus
874 3081 1005 3170 fuerit,
1023 3109 1101 3158 non
1119 3082 1230 3158 alicui
1248 3083 1396 3160 licitum
1412 3094 1470 3161 est
1489 3110 1577 3160 eum
1595 3085 1810 3163 interficere

483 3203 556 3278 nisi
572 3202 613 3276 in
629 3203 715 3300 ipsa
731 3201 908 3299 captione
925 3228 965 3278 se
982 3201 1178 3278 defendat.

382 3325 608 3424 Aliquando
625 3324 770 3423 poterit
788 3349 857 3400 rex
876 3324 924 3400 de
943 3351 1013 3401 sua
1030 3324 1159 3421 gratia
1176 3324 1297 3401 vitam
1315 3325 1521 3402 concedere
1540 3326 1739 3403 restitutis.

382 3450 447 3527 De
465 3448 667 3524 homicidio
686 3448 791 3546 quod
810 3447 941 3546 palam
959 3457 998 3524 et
1017 3447 1193 3546 pluribus
1215 3447 1429 3525 astantibus
1449 3458 1718 3548 perpetratum
1738 3459 1808 3540 est,

482 3577 522 3644 et
542 3575 679 3666 postea
698 3567 746 3643 de
765 3565 967 3641 homicidio
988 3567 1091 3664 quod
1112 3567 1219 3642 nullo
1240 3576 1428 3665 presente
1448 3577 1718 3667 perpetratum
1739 3579 1808 3658 est,

482 3697 522 3764 et
539 3685 643 3784 quod
661 3685 801 3761 dicitur
816 3685 1030 3761 murdrum.

382 3810 481 3900 Quae
498 3835 613 3885 causa
627 3809 856 3885 inventionis
873 3809 1131 3884 murdromm.
1153 3811 1156 3818 ’

326 3917 329 3922 ’
384 3933 491 4022 Quid
508 3932 649 4009 dieitur
665 3932 879 4008 murdrum.

220 4058 269 4133 F.
285 4065 357 4133 135
385 4056 564 4146 Qualiter
580 4055 709 4154 patria
725 4062 932 4130 excusatur
948 4080 971 4130 a
986 4053 1157 4130 murdro.

386 4181 428 4257 Si
443 4179 670 4256 interfector
685 4186 822 4276 captus
838 4177 957 4255 fuerit
974 4177 1124 4253 nullum
1140 4177 1212 4253 erit
1228 4177 1442 4252 murdrum.

386 4305 428 4381 Si
443 4304 587 4380 mortui
604 4301 750 4378 fuerint
767 4325 837 4400 per
853 4299 1122 4376 infortunium.

384 4427 488 4505 Item
503 4427 534 4503 si
549 4427 589 4502 in
603 4425 702 4501 mari
715 4425 776 4502 vel
791 4425 871 4501 eius
887 4424 984 4523 ripa.

385 4552 428 4628 Si
446 4558 621 4627 mortuus
641 4549 842 4646 ignoretur
860 4549 949 4624 licet
968 4545 1171 4643 Anglicus‚
1191 4545 1394 4623 murdrum
1413 4547 1497 4623 erit.

383 4674 563 4765 Qualiter
593 4674 731 4750 debeat
762 4671 965 4748 murdrum
996 4669 1220 4770 praesentari
1253 4670 1462 4746 secundum
1494 4669 1809 4746 consuetudinem

483 4798 720 4873 diversorum
742 4795 1005 4870 comitatuum.
1031 4793 1083 4868 In
1105 4791 1242 4891 quibus
1265 4817 1356 4866 vero
1379 4791 1621 4868 eomitatibus
1644 4816 1808 4890 praesen-

482 4925 591 4994 tatur
608 4915 671 4992 sic.

382 5041 464 5118 Pro
481 5039 651 5137 Anglico
667 5064 758 5114 vero
775 5046 814 5114 et
831 5038 878 5113 de
895 5063 971 5135 quo
988 5045 1163 5112 constare
1180 5034 1302 5133 possit
1320 5036 1423 5133 quod
1441 5034 1632 5132 Anglicus
1650 5034 1711 5123 sit,
1730 5061 1809 5111 non

482 5169 740 5260 praesentatur
755 5157 1044 5255 Engleseheria.

385 5289 427 5365 Si
450 5295 581 5364 autem
602 5283 763 5366 dubium
785 5283 904 5359 fuerit
926 5290 1059 5357 utrum
1081 5279 1273 5378 Anglicus
1297 5289 1336 5356 et
1358 5287 1492 5355 utrum
1515 5287 1695 5377 parentes
1718 5305 1807 5378 pro·

483 5405 589 5482 ducti
605 5404 685 5481 eius
702 5402 779 5480 sint
795 5401 856 5477 vel
873 5426 962 5476 non.
